3575 5375
595 587 771 658 JUDICIA
796 589 1120 649 ASTRONOMIAE.
1377 605 1438 669 257

284 747 469 815 Mercurius
491 751 579 815 enirn
602 751 705 817 habet
728 763 926 836 respectum,
941 763 980 817 ut
1001 753 1127 831 dicunt,
1142 754 1186 817 ad
1209 753 1380 817 Deitatem
1403 763 1437 818 et
1450 760 1548 837 aniter

283 854 416 919 oracula
429 857 666 939 prophetarum
684 867 718 922 et
733 857 962 923 credulitatem
977 868 1011 922 et
1027 858 1223 936 orationem,
1238 866 1272 922 et
1287 858 1437 923 maxime
1450 825 1568 954 fflm

282 960 419 1041 quando
456 960 667 1044 conjungitur
702 963 733 1026 ei
769 960 922 1046 Jupiter;
960 964 1117 1046 quoniam
1155 973 1235 1027 tunc
1272 961 1436 1047 significat
1449 957 1588 1073 ‘effi-to

283 1083 457 1128 numerum
488 1065 650 1149 psallendi
680 1075 715 1130 et
745 1087 919 1130 numerum
949 1066 1108 1131 librorum
1137 1068 1334 1132 divinorum.
1389 1067 1437 1130 Et
1450 1089 1527 1152 anisy.

283 1168 406 1246 dicunt,
417 1170 509 1252 quod
525 1169 581 1233 lex
599 1169 803 1234 Mercurialis
819 1180 870 1234 est
885 1169 1048 1235 difficilior
1063 1174 1106 1236 ad
1118 1172 1319 1236 credendum
1335 1191 1437 1254 quam

283 1269 379 1348 aliae,
390 1283 425 1337 et
439 1273 542 1338 habet
558 1274 680 1338 multas
696 1273 908 1339 difficultates
918 1295 1019 1358 supra
1029 1275 1436 1340 humanumintellectum.

285 1374 332 1439 Et
361 1378 427 1440 hoc
464 1379 617 1443 convenit
654 1389 791 1463 propter
820 1389 932 1444 motus
963 1379 1119 1444 Mercurii
1149 1378 1307 1453 difficiles,
1343 1379 1439 1462 cujus

284 1480 437 1547 circuitus
460 1492 511 1547 est
536 1484 570 1546 in
592 1481 741 1565 epicyclo
763 1492 797 1546 et
818 1483 1005 1546 eccentrico
1025 1491 1060 1547 et
1082 1493 1256 1566 aequante,
1271 1483 1439 1566 inquibus

285 1585 533 1650 considerantur
547 1588 596 1650 sui
612 1596 724 1652 motus
739 1587 955 1670 longitudinis
970 1597 1004 1651 et
1027 1586 1170 1651 inflexus
1190 1598 1225 1652 et
1245 1585 1390 1650 reflexus
1405 1588 1439 1650 in

285 1688 431 1754 motibus
461 1689 654 1767 latitudinis,
684 1711 744 1775 per
774 1690 1031 1755 declinationem
1069 1691 1240 1756 eccentrici
1277 1691 1321 1755 ab
1357 1691 1439 1755 orbe

285 1794 455 1876 signorum
485 1795 528 1859 ad
566 1797 823 1880 septentrionem
863 1805 898 1859 et
932 1796 1114 1871 meridiem,
1146 1807 1181 1860 et
1216 1795 1357 1880 epicycli
1393 1796 1445 1860 ab·

285 1900 469 1963 eccentrico
489 1899 523 1963 in
544 1911 671 1985 partem
694 1901 930 1983 septentrionis
948 1910 983 1964 et
1005 1901 1164 1978 meridiei,
1186 1911 1220 1965 et
1241 1911 1319 1964 sunt
1340 1901 1438 1965 mira·

285 2001 418 2067 biliores
449 2013 483 2068 et
512 2004 710 2068 difficiliores
740 2003 895 2068 omnibus
925 2004 1072 2069 motibus
1102 2003 1322 2088 planetarum,
1352 2006 1438 2069 sicut

285 2116 379 2190 patet
398 2128 441 2171 ex
462 2109 558 2174 dictis
578 2108 767 2184 Ptolemaei,
783 2119 818 2172 et
835 2107 966 2190 planius
986 2129 1030 2171 ex
1053 2109 1226 2172 sententiis
1242 2108 1438 2192 Albategni,

286 2211 419 2290 Thebit,
434 2223 468 2277 et
482 2212 683 2285 Archaselis,
699 2221 732 2276 et
751 2211 964 2295 probabiliter
981 2231 1026 2274 ex
1047 2212 1144 2276 dictis
1160 2211 1344 2296 Alfragani.
1391 2212 1438 2275 Et

286 2324 423 2399 propter
444 2316 507 2380 hoc
529 2313 703 2398 significat,
726 2327 764 2380 ut
786 2316 911 2396 dicunt,
933 2336 1032 2400 super
1055 2315 1163 2400 legem
1195 2336 1283 2399 quae
1312 2316 1437 2380 habent

287 2417 439 2483 difficiles
467 2420 621 2483 articulos
651 2431 687 2484 et
716 2418 861 2483 occultas
893 2419 1060 2495 veritates,
1083 2419 1270 2501 cujusmodi
1300 2431 1351 2484 est
1380 2419 1437 2483 lex

289 2520 483 2587 Christiana.
530 2523 597 2589 Sed
613 2523 691 2605 quia
707 2523 891 2587 Mercurius
913 2532 965 2588 est
984 2522 1187 2608 significator
1208 2525 1388 2607 scripturae
1403 2535 1438 2588 et

287 2627 496 2711 scriptorum,
511 2638 546 2693 et
561 2628 798 2713 profunditatis
813 2628 969 2692 scientiae
984 2628 1018 2693 iu
1033 2628 1124 2694 libris
1141 2628 1322 2715 profundis,
1336 2640 1438 2711 atque

289 2730 513 2813 facunditatis,
528 2734 597 2799 sive
611 2733 794 2798 dulcedinis
809 2731 985 2798 locutionis
999 2743 1034 2797 et
1049 2733 1192 2818 linguae,
1208 2743 1241 2797 et
1257 2733 1438 2797 rhetoricae

290 2845 323 2900 et
346 2835 532 2903 velocitatis
563 2837 633 2920 ejus
663 2848 698 2903 et
727 2836 974 2920 explanationis
1002 2840 1250 2913 sententiarum,
1274 2836 1438 2922 significat

287 2940 379 3024 quod
402 2951 471 3006 tam
494 2942 693 3008 authenticis
715 2942 883 3026 scripturis
905 2950 938 3005 et
961 2950 1013 3007 tot
1042 2941 1215 3025 profundis
1235 2943 1381 3008 scientiis
1403 2952 1438 3007 et

288 3056 383 3111 tanta
398 3055 563 3129 potestate
581 3046 790 3130 eloquentiae
806 3045 1013 3121 defendetur,
1028 3048 1119 3129 quod
1140 3048 1243 3111 stabit
1257 3066 1388 3129 semper
1403 3046 1438 3109 in

288 3150 407 3214 robore
421 3170 495 3229 suo,
509 3152 614 3215 donec
631 3152 749 3214 ultima
765 3149 822 3212 lex
838 3149 955 3213 Lunae
964 3151 1134 3231 perturbet
1150 3170 1224 3214 eam
1235 3150 1277 3213 ad
1294 3160 1437 3233 tempus.

290 3252 337 3318 Et
352 3254 477 3333 dicunt,
496 3256 586 3338 quod
606 3253 688 3317 haec
711 3252 768 3317 lex
789 3261 840 3315 est
860 3252 1045 3334 prophetae
1062 3253 1218 3318 nascituri
1238 3253 1282 3317 de
1301 3252 1438 3334 virgine,

287 3358 470 3421 secundum
500 3358 589 3439 quod
621 3376 737 3421 omnes
769 3356 899 3438 antiqui
930 3355 1015 3432 Indi,
1054 3355 1222 3432 Chaldaei,
1253 3354 1438 3439 Babylonii,

288 3463 472 3526 docuerunt
486 3460 575 3545 quod
592 3461 625 3525 in
639 3460 748 3544 prima
764 3458 847 3525 facie
857 3459 1005 3543 Virginis
1020 3461 1169 3525 ascendit
1182 3461 1276 3543 virgo
1291 3460 1438 3524 mundis·

288 3566 374 3629 sima
409 3565 573 3630 nutritura
602 3583 741 3649 puerum
781 3564 814 3627 in
845 3574 933 3627 terra
964 3563 1204 3641 Hebraeorum,
1233 3564 1284 3629 cui
1315 3583 1437 3629 nomen

287 3666 384 3748 Jesus
415 3668 575 3750 Christus,
596 3680 634 3733 ut
668 3668 748 3733 dicit
770 3667 979 3731 Albumazar
1004 3668 1039 3731 in
1061 3668 1177 3751 majori
1200 3668 1438 3733 introductorio

288 3775 518 3840 astronomiae.
555 3774 600 3837 Et
616 3774 648 3837 in
664 3771 844 3838 moralibus
864 3773 1056 3838 recitabitur
1070 3774 1250 3839 auctoritas
1265 3772 1337 3856 ejus
1352 3774 1440 3838 inter

288 3878 370 3943 alias
384 3877 615 3962 philosophiae
629 3878 844 3942 auctoritates
855 3878 899 3940 de
911 3878 951 3940 iis
963 3896 1049 3961 quae
1060 3878 1225 3962 pertinent
1236 3879 1279 3943 ad
1292 3877 1436 3961 philoso-

287 3980 401 4065 phiam
426 3982 593 4059 moralem,
615 3982 692 4063 quia
714 3982 815 4045 etiam
839 4002 878 4044 ea
901 4002 988 4063 quae
1008 3982 1166 4046 dicuntur
1186 3983 1240 4047 hic
1263 3993 1437 4066 praeparat

289 4085 524 4151 mathematica
546 4086 590 4150 ad
614 4106 710 4149 usum
731 4084 818 4149 illins
839 4085 1076 4169 philosophiae,
1090 4097 1129 4150 ut
1148 4087 1194 4151 ibi
1216 4086 1438 4151 declarabitur

289 4190 487 4274 expressius.
533 4189 579 4253 Et
600 4200 691 4253 ortus
712 4188 896 4273 prophetae
913 4190 955 4253 de
973 4190 1102 4272 virgine
1118 4189 1261 4255 multum
1283 4192 1438 4255 convenit

289 4290 353 4377 legi
380 4292 579 4368 Mercuriali,
601 4293 680 4377 quia
706 4293 887 4358 Mercurius
908 4292 1010 4358 habet
1031 4294 1214 4358 maximam
1235 4304 1437 4378 potestatem

290 4397 324 4460 in
354 4396 499 4480 Virgine,
538 4398 719 4461 secundum
761 4394 924 4477 judicium
967 4405 1234 4462 astronomorum
1278 4398 1437 4463 omnium.

290 4500 430 4567 Creatus
446 4502 533 4565 enim
549 4502 610 4565 fuit
625 4502 658 4565 in
676 4500 820 4584 Virgine,
836 4510 870 4565 et
892 4501 1080 4584 dignitates,
1103 4522 1160 4566 seu
1182 4511 1365 4585 potestates
1380 4522 1439 4567 seu

289 4605 481 4671 testimonia
499 4624 557 4670 seu
568 4606 707 4671 virtutes
721 4626 779 4670 seu
795 4602 1004 4670 fortitudines
1019 4604 1163 4688 quinque
1177 4626 1264 4688 quae
1279 4606 1440 4672 debentur

334 4723 417 4777 VOL.
434 4722 457 4775 1.
858 4721 877 4773 S
