3575 5375
378 625 439 668 200
599 609 755 669 OPERIS
779 608 968 679 MAJORIS
993 607 1107 666 PARS
1132 605 1316 681 QUARTA.

379 772 513 836 secundi
541 773 664 836 mensis
695 791 799 835 annus
830 770 954 834 lunaris
984 771 1086 835 cccliv
1114 770 1244 834 dierum
1274 766 1428 850 expletus
1459 775 1530 840 est3

379 897 398 939 a
413 877 481 940 xvii
494 888 605 941 autem
621 877 675 940 die
698 897 802 959 usque
818 875 860 938 ad
877 875 971 938 xxvii
991 884 1068 938 sunt
1083 875 1119 938 xi
1135 876 1214 952 dies,
1230 876 1286 956 qui
1306 875 1333 937 si
1352 873 1530 956 praedictis

378 982 479 1046 cccliv
500 982 674 1055 addantur,
690 979 748 1043 fiet
767 1000 870 1044 annus
892 980 1009 1043 solaris
1033 981 1148 1044 ccclxv
1170 981 1308 1052 dierum,
1329 979 1414 1041 sicut
1439 978 1530 1041 Beda

377 1085 527 1167 superius
546 1085 759 1167 computavit.
806 1083 862 1149 Sic
884 1105 962 1165 ergo
989 1104 1140 1167 egressus
1168 1094 1217 1147 est
1241 1085 1359 1148 eadem
1385 1103 1452 1165 qua
1479 1082 1529 1145 in-

380 1210 510 1275 gressus
526 1191 632 1254 suerat
651 1189 740 1267 feria,
756 1191 813 1253 sed
837 1210 902 1252 non
924 1190 1041 1253 cadem
1060 1189 1208 1253 calenda
1255 1189 1301 1253 Et
1323 1191 1370 1252 sic
1391 1197 1530 1269 uterque

377 1314 491 1358 verum
512 1295 609 1358 dixit.
656 1293 723 1358 Sed
749 1295 907 1385 magister
930 1305 1045 1358 tamen
1067 1295 1195 1358 dictum
1220 1293 1333 1359 Strabi
1356 1312 1423 1356 non
1446 1293 1531 1354 bene

378 1399 547 1483 glossavit.
593 1397 706 1480 Quare
735 1419 814 1461 vcro
837 1399 906 1461 xvii
937 1399 1014 1462 luna
1045 1398 1133 1462 intra
1154 1400 1191 1461 xi
1218 1398 1339 1461 debeat
1369 1394 1532 1471 concludi,

379 1511 472 1584 patet
496 1521 555 1583 per
573 1501 672 1566 aliam
693 1502 849 1584 glossam,
871 1517 957 1585 quae
979 1503 1049 1565 xvii
1069 1501 1237 1566 exclusive
1263 1502 1380 1565 decem
1406 1499 1531 1563 additis

377 1615 549 1686 computat
565 1607 666 1668 xxvii.
698 1606 789 1688 Ergo
805 1606 833 1668 si
852 1604 994 1670 Strabus
1009 1615 1184 1689 computat
1199 1605 1235 1668 xi
1252 1605 1375 1669 additis
1398 1613 1529 1668 tantum

379 1709 472 1771 xxvii
492 1717 526 1771 et
547 1710 618 1784 iste,
636 1729 661 1770 x
682 1710 815 1787 additis,
837 1708 988 1772 similiter
1010 1718 1184 1790 computat
1207 1707 1311 1783 xxvii,
1332 1715 1425 1790 patet
1440 1707 1531 1789 quod

379 1813 434 1876 ille
451 1812 615 1891 inclusive,
629 1813 691 1877 iste
706 1813 884 1891 exclusive,
901 1813 1113 1877 intellexerit.
1149 1812 1233 1877 Cum
1247 1823 1360 1876 autem
1373 1813 1532 1896 magister

380 1917 450 1981 vult
474 1918 527 1981 hic
553 1938 711 1982 excusare
726 1939 761 1980 se
782 1928 816 1982 et
836 1920 917 1982 dare
940 1919 1104 1982 rationem
1125 1938 1228 2000 quare
1251 1918 1339 1981 dixit
1362 1937 1530 1999 egressum

380 2021 496 2101 xxviii,
518 2043 594 2085 cum
616 2022 708 2086 Beda
732 2023 821 2086 dicat
843 2023 949 2100 xxvii,
964 2022 1088 2101 dicens,
1103 2024 1230 2104 ‘potuit
1247 2023 1337 2085 enim
1353 2042 1424 2085 esse
1439 2023 1531 2104 quod

293 2167 295 2172 -
378 2147 516 2210 vespera
553 2127 646 2190 xxvii
686 2127 784 2190 lunae
818 2147 968 2209 egressus
1001 2128 1054 2206 sit,
1084 2127 1155 2208 jam
1190 2126 1385 2190 imminente
1414 2125 1532 2204 xxviii,

379 2233 488 2295 media
517 2252 596 2296 vero
629 2241 783 2313 tempora
816 2233 967 2315 quolibet
1001 2234 1136 2296 nomine
1170 2242 1396 2296 extremorum
1430 2251 1533 2311 saepe

379 2333 627 2410 nominantur';
659 2337 739 2399 illud
770 2336 851 2399 nihil
882 2345 942 2411 est,
966 2339 1045 2418 quia
1075 2336 1152 2400 licet
1179 2335 1368 2416 conjunctio
1394 2335 1472 2398 solis
1498 2346 1533 2397 et

378 2440 475 2504 lunae
491 2461 566 2504 vera
582 2440 634 2504 vel
651 2441 761 2503 media
777 2441 866 2504 omni
884 2441 965 2505 hora
981 2451 1051 2505 tam
1067 2442 1132 2505 diei
1150 2460 1251 2524 quam
1272 2440 1381 2503 noctis
1398 2440 1534 2503 evenire

381 2546 488 2626 possit
512 2555 624 2608 tamen
647 2546 723 2626 quia
743 2545 889 2609 Hebraei
915 2554 949 2610 et
973 2545 1104 2610 Arabes
1127 2553 1324 2627 computant
1346 2544 1532 2608 secundum

380 2670 508 2713 menses
539 2648 678 2727 lunares,
702 2657 735 2713 et
766 2649 843 2713 luna
873 2651 1108 2732 appropriatur
1138 2650 1236 2727 nocti,
1256 2649 1340 2713 sicut
1373 2647 1423 2712 sol
1455 2647 1533 2727 diei,

380 2754 455 2816 ideo
479 2754 550 2816 dies
574 2763 607 2816 et
632 2773 763 2816 menses
786 2776 805 2819 a
827 2775 965 2836 vespera
992 2756 1155 2839 incipiunt
1185 2773 1326 2834 semper.
1372 2753 1419 2816 Et
1449 2751 1533 2817 haec

378 2858 460 2920 dicit
492 2858 585 2920 Beda
614 2858 657 2919 de
687 2859 914 2938 temporibus3
948 2857 1176 2941 ‘Quacunquc
1213 2858 1296 2922 hora
1332 2857 1534 2921 accendatur

378 2961 465 3037 luna,
485 2962 677 3043 priusquam
697 2982 833 3045 vespera
858 2964 979 3042 veniat,
993 2983 1060 3028 non
1077 2963 1206 3027 dicetur
1228 2960 1355 3045 prima.¹
1400 2960 1437 3026 Si
1453 2982 1534 3025 vero

378 3074 456 3146 post
485 3085 639 3129 occasum
668 3065 746 3128 solis
777 3068 987 3145 accendatur,
1017 3088 1084 3131 non
1114 3068 1222 3151 prima
1253 3068 1286 3129 in
1318 3065 1531 3149 praecedenti

378 3190 527 3253 vespera,
542 3171 599 3233 sed
617 3171 782 3235 tricesima
798 3160 1037 3236 aestimabitur.

210 3294 319 3343 bareos
422 3274 522 3358 Quod
546 3274 647 3339 etiam
670 3296 769 3357 super
792 3275 951 3339 Exodum
975 3277 1017 3339 de
1039 3277 1183 3339 adventu
1207 3275 1349 3339 liliorum
1374 3274 1476 3339 Israel
1500 3274 1534 3337 in

211 3360 356 3430 luwfgiving

211 3442 241 3473 οη
256 3426 332 3474 sinai.
378 3380 557 3444 solitudine
588 3379 678 3444 Sinai
703 3379 861 3464 prolege
891 3380 956 3443 Dei
986 3381 1174 3463 recipienda
1204 3381 1362 3463 magister
1383 3379 1476 3457 dicit,
1500 3380 1533 3441 in

378 3484 580 3566 exponendo
601 3485 796 3567 scripturam
813 3506 889 3547 xxx
905 3486 977 3548 dies
991 3505 1053 3567 pro
1067 3505 1181 3547 mense
1199 3485 1370 3567 ponimus;
1393 3482 1458 3547 hoe
1481 3494 1534 3546 est

378 3587 508 3652 falsum.
555 3587 644 3649 Nam
665 3589 692 3651 si
713 3588 852 3671 quilibet
873 3599 1065 3652 numeratur
1094 3610 1169 3651 xxx
1200 3588 1339 3665 dierum,
1366 3607 1442 3649 cum
1465 3588 1534 3650 sint

379 3692 412 3753 in
432 3710 519 3754 anno
542 3692 589 3752 xii
610 3711 749 3769 menses,
775 3702 872 3755 erunt
900 3692 932 3755 in
957 3713 1042 3755 anno
1065 3692 1171 3756 lunari
1196 3692 1300 3755 ccclx.
1346 3690 1416 3756 Sed
1438 3701 1533 3772 patet

378 3794 469 3875 quod
494 3794 657 3877 superflue
682 3807 897 3860 numerantur
922 3797 953 3859 vi
975 3798 1056 3861 dies.
1102 3796 1244 3861 Constat
1268 3797 1357 3859 enim
1382 3798 1473 3879 quod
1499 3798 1533 3859 in

380 3918 467 3961 anno
483 3896 588 3962 lunari
605 3919 671 3962 non
692 3900 757 3963 sint
773 3901 834 3963 nisi
850 3900 961 3979 cccliv,
977 3922 1052 3963 cum
1069 3921 1174 3963 annus
1194 3900 1311 3965 solaris
1330 3900 1479 3964 lunarem
1496 3902 1531 3962 xi

378 4002 495 4066 diebus
516 4013 659 4084 superet,
674 4003 799 4067 habens
820 4004 936 4068 ccclxv
958 4004 1039 4069 dies.
1084 4004 1177 4088 Ergo
1199 4006 1231 4068 in
1253 4005 1385 4068 duobus
1412 4006 1534 4069 mensi·

379 4108 441 4169 bus
453 4125 517 4168 non
536 4116 613 4169 sunt
631 4106 691 4169 nisi
708 4106 756 4169 lix
771 4108 850 4171 dies.
898 4108 945 4171 Et
966 4107 1030 4172 hoc
1051 4118 1102 4172 est
1120 4109 1211 4190 quod
1235 4108 1327 4173 Beda
1348 4108 1430 4172 dicit
1449 4108 1534 4173 libro

380 4212 421 4274 de
433 4210 664 4291 Temporibus,
680 4211 867 4275 ‘Nonnullo
884 4232 1019 4275 moveor
1034 4212 1188 4294 scrupulo
1203 4214 1373 4296 quomodo
1390 4212 1534 4295 majores

380 4316 482 4378 nostri
499 4314 588 4378 diem
606 4335 672 4397 qua
691 4315 769 4379 data
791 4326 840 4379 est
863 4316 926 4392 lex,
943 4335 1029 4397 quae
1052 4326 1103 4380 est
1124 4318 1157 4379 iii
1178 4318 1299 4380 mensis
1321 4317 1420 4391 tertii,
1435 4317 1534 4400 quin·

380 4419 608 4503 quagesimam
637 4420 680 4481 ab
711 4420 787 4502 agni
819 4420 983 4483 occisione
1012 4430 1218 4502 computent,
1241 4432 1404 4504 ponentes
1435 4422 1534 4504 primi

378 4523 500 4585 mensis
523 4524 670 4585 residuos
692 4522 762 4585 dies
790 4542 927 4586 numero
953 4524 1030 4601 xvii,
1057 4525 1136 4606 quia
1159 4525 1220 4587 xiii
1246 4526 1372 4607 priores
1397 4524 1535 4591 suerunt

379 4634 455 4687 ante
479 4624 601 4707 pascha
624 4625 788 4703 transacti,
801 4626 935 4689 secundi
961 4648 1046 4704 xxx,
1064 4628 1153 4693 tertii
1178 4629 1221 4707 iii,
1243 4629 1300 4711 qui
1328 4627 1412 4692 fiunt
1435 4628 1536 4692 simul
