3575 5375
390 633 446 710 178
608 639 763 696 OPERIS
789 638 977 708 MAJORIS
1001 637 1116 696 PARS
1141 637 1324 710 QUARTA.

386 801 510 864 musica
548 803 590 866 de
620 802 887 886 proportionibus
918 809 952 866 et
989 802 1173 866 rationibus
1209 800 1346 866 caeteris
1381 819 1468 881 quae
1504 800 1539 863 in

386 906 529 969 numeris
552 907 767 990 reperiuntur,
790 915 889 988 prout
916 906 959 969 ad
983 926 1099 969 sonum
1122 915 1155 968 et
1177 915 1309 988 gestum
1332 902 1541 980 reseruntur3

386 1010 465 1091 quia
485 1031 584 1074 sonus
603 1021 637 1074 et
656 1022 770 1094 gestus
789 1018 868 1075 sunt
889 1011 1074 1093 praecisum
1096 1010 1241 1073 musicae
1259 1007 1455 1090 subjectum,
1469 1008 1540 1072 dis·

386 1115 471 1178 cussi
487 1125 599 1178 tamen
616 1136 675 1199 per
689 1115 923 1198 proportiones
945 1135 1157 1178 numerorum
1173 1114 1206 1176 in
1223 1113 1368 1177 musicae
1383 1111 1540 1175 scientia'

216 1211 375 1328 Autu⁵¹si¹²⁶⁵
386 1218 596 1302 Augustinus
618 1230 731 1284 autem
757 1219 789 1282 in
817 1220 964 1284 secundo
990 1220 1033 1283 de
1065 1219 1192 1284 Ordine
1219 1217 1423 1300 Disciplinae
1449 1218 1540 1292 dicit,

217 1295 364 1406 {litigem
387 1326 451 1386 ‘ad
482 1325 665 1388 divinarum
696 1326 933 1408 scripturarum
964 1324 1131 1388 neminem
1155 1323 1300 1406 aspirare
1322 1323 1444 1386 debere
1466 1321 1539 1383 sine

386 1428 523 1492 scientia
539 1429 707 1510 potentiae
722 1425 955 1492 numerorum?
986 1427 1103 1509 Atque
1118 1427 1151 1491 in
1167 1427 1313 1492 secundo
1322 1427 1364 1489 de
1377 1425 1539 1490 Doctrina

386 1531 573 1596 Christiana
584 1533 674 1610 dicit,
686 1537 694 1564 ‘
706 1553 915 1597 numerorum
927 1533 1093 1615 imperitia
1108 1531 1213 1596 multa
1227 1530 1307 1596 facit
1320 1552 1384 1596 non
1399 1529 1538 1610 intelligi

384 1637 541 1700 translate
563 1647 597 1699 et
620 1638 759 1719 mystice
783 1637 892 1719 posita
913 1637 946 1700 in
969 1634 1178 1719 scripturis';
1207 1647 1242 1700 et
1265 1637 1359 1720 ponit
1382 1633 1540 1716 exempla

385 1739 536 1820 plurima,
551 1740 743 1823 adjungens.
759 1741 869 1822 ‘quod
885 1742 933 1806 ita
945 1742 977 1804 in
993 1740 1066 1805 aliis
1078 1740 1192 1804 multis
1203 1759 1415 1803 numerorum
1425 1737 1540 1801 formis

384 1853 511 1909 secreta
535 1845 567 1906 in
590 1846 712 1908 sanctis
735 1844 823 1909 libris
853 1855 1032 1926 ponuntur,
1054 1866 1141 1928 quae
1169 1854 1305 1926 propter
1327 1863 1538 1906 numerorum

384 1948 582 2031 imperitiam
595 1949 781 2031 legentibus
797 1948 908 2013 clausa
925 1947 1021 2013 sunt.’
1069 1949 1113 2012 Et
1130 1948 1206 2011 ideo
1215 1957 1350 2031 propter
1360 1946 1537 2010 utilitatem

385 2071 594 2116 numerorum
613 2053 793 2117 maximam
811 2054 958 2118 Isidorus
971 2051 979 2089 ¹
998 2054 1030 2116 in
1045 2063 1189 2118 tractatu
1204 2052 1431 2116 arithmeticae
1446 2051 1539 2128 dicit,

382 2157 526 2221 ‘Adime
541 2157 652 2223 seculo
673 2169 878 2242 computum,
893 2169 929 2221 et
946 2169 1067 2222 cuncta
1088 2157 1273 2242 ignorantia
1292 2167 1424 2219 caetera
1446 2175 1538 2218 com-

384 2261 558 2344 plectitur3
596 2283 655 2327 nec
684 2262 816 2327 differre
838 2273 977 2346 possunt
999 2283 1020 2325 a
1050 2262 1186 2326 caeteris
1215 2261 1421 2334 animalibus,
1450 2280 1538 2342 quae

384 2365 499 2430 calculi
516 2368 664 2430 nesciunt
680 2363 859 2431 rationem!

428 2468 589 2552 Quamvis
619 2480 729 2534 autem
757 2471 827 2552 jarn
856 2472 1077 2534 communiter
1106 2490 1182 2534 cum
1208 2469 1418 2534 arithmetica
1443 2477 1538 2550 patet

382 2571 454 2636 laus
473 2575 626 2654 musicae,
642 2585 777 2657 propter
797 2575 860 2639 hoc
879 2577 969 2656 quod
993 2586 1133 2657 utraque
1148 2574 1379 2658 proportiones
1396 2592 1482 2654 quae
1504 2572 1537 2634 in

383 2679 528 2741 numeris
558 2690 635 2744 sunt
668 2679 862 2758 considerat,
889 2691 1002 2744 tamen
1026 2700 1190 2757 numeros,
1214 2689 1251 2742 ut
1275 2688 1351 2743 sunt
1375 2677 1409 2741 in
1436 2677 1537 2753 sonis,

383 2783 531 2844 maxime
561 2782 675 2847 laudat
703 2783 916 2867 Augustinus
938 2787 981 2849 ad
1004 2785 1178 2849 Omerium
1208 2785 1331 2859 dicens,
1355 2782 1413 2846 ‘In
1428 2784 1537 2846 omni·

383 2886 445 2948 bus
461 2906 567 2949 rerum
584 2887 730 2951 motibus
759 2889 840 2970 quid
863 2889 995 2953 valeant
1018 2890 1144 2953 numeri
1167 2888 1295 2952 facilius
1311 2888 1537 2951 consideratur

384 2990 417 3053 in
439 2991 586 3069 vocibus,
602 3012 706 3074 eaque
728 2993 950 3058 consideratio
973 2994 1173 3077 quibusdam
1196 2994 1343 3075 gradatis
1364 2992 1537 3055 itineribus

383 3096 498 3158 nititur
518 3096 560 3159 ad
583 3116 726 3178 superna
746 3098 862 3161 itinera
877 3100 1032 3175 veritatis,
1053 3100 1085 3162 in
1106 3098 1228 3180 quibus
1252 3097 1314 3160 viis
1334 3116 1372 3159 se
1389 3097 1536 3159 ostendit

382 3199 544 3281 sapientia
581 3198 749 3264 hilariter.'
809 3202 855 3264 Et
898 3202 931 3265 in
968 3203 1052 3265 libro
1090 3202 1379 3266 Retractationum
1420 3201 1502 3263 dicit
1512 3196 1536 3278 ²,

381 3302 526 3368 ‘Sextus
548 3306 695 3369 maxime
713 3306 867 3385 innotuit,
882 3308 1042 3389 quoniam
1058 3308 1090 3370 in
1107 3328 1148 3370 eo
1164 3326 1215 3369 res
1231 3306 1332 3389 digna
1347 3305 1536 3386 cognitione

414 3500 423 3529 ¹
441 3501 511 3549 Born
525 3502 551 3549 in
565 3502 736 3565 Carthagena,
750 3518 808 3564 570·
843 3504 873 3553 ln
884 3506 933 3552 601
946 3504 981 3552 he
992 3504 1098 3552 became
1111 3503 1204 3565 bishop
1216 3502 1246 3551 oi
1259 3502 1366 3560 Seville,
1378 3502 1536 3563 succeeding

380 3578 420 3627 his
432 3579 538 3629 brother
551 3580 674 3639 Leander,
688 3582 732 3630 the
746 3583 859 3643 'apostle
871 3582 901 3630 of
910 3581 1009 3644 Spain,’
1018 3583 1069 3630 and
1081 3582 1142 3630 held
1154 3582 1199 3630 the
1210 3581 1340 3643 bishopric
1352 3581 1390 3629 till
1404 3581 1444 3629 his
1456 3581 1536 3629 death

380 3656 407 3704 in
419 3659 476 3717 636.
512 3658 562 3706 His
573 3666 647 3719 great
662 3674 765 3720 powers
776 3676 848 3709 were
865 3660 1020 3722 principally
1032 3662 1143 3709 devoted
1159 3667 1187 3708 to
1199 3661 1352 3722 organizing
1367 3660 1411 3708 the
1422 3660 1497 3707 work
1509 3659 1540 3707 ot'

380 3735 426 3783 the
438 3736 540 3783 Church
553 3737 579 3785 in
592 3737 678 3799 Spain.
714 3738 766 3786 But
781 3739 814 3786 he
831 3754 888 3787 was
906 3755 921 3787 a
938 3754 997 3787 man
1015 3738 1046 3787 oi
1058 3739 1128 3787 wide
1145 3739 1272 3801 learning.
1284 3740 1335 3787 and
1352 3740 1376 3787 is
1393 3739 1482 3799 placed
1499 3738 1535 3799 by

381 3813 467 3861 Dante
478 3815 619 3877 (Paradrso,
631 3816 659 3878 x)
670 3816 696 3864 in
709 3818 754 3865 the
766 3817 865 3877 Sphere
877 3817 908 3865 oi
915 3818 959 3866 the
971 3817 1027 3866 Sun
1038 3818 1103 3866 with
1112 3818 1213 3877 Albert,
1222 3818 1337 3866 Thomas
1348 3817 1472 3879 Aquinas,
1482 3817 1535 3865 and

380 3892 456 3941 other
472 3899 546 3955 great
562 3894 733 3955 theologians.
770 3896 818 3943 His
835 3896 960 3958 principal
971 3897 1046 3944 work
1057 3897 1079 3945 is
1090 3912 1106 3945 a
1117 3896 1298 3959 Cyclopaedia‚
1312 3896 1427 3945 founded
1439 3912 1473 3943 on
1489 3896 1535 3944 the

379 3972 469 4019 works
478 3972 508 4019 oi
523 3971 664 4021 Martianus
675 3973 780 4035 Capella
790 3975 841 4023 and
851 3975 1030 4033 Cassiodorus,
1043 3975 1151 4024 entitled
1162 3975 1287 4039 Origines,
1297 3975 1322 4022 in
1334 3982 1434 4035 twenty
1442 3974 1533 4036 books,

378 4049 444 4098 hom
455 4050 542 4099 which
554 4052 629 4099 much
642 4052 665 4100 is
677 4060 704 4101 to
720 4053 751 4100 be
765 4053 891 4114 gathered
903 4069 932 4101 as
946 4062 974 4102 to
989 4055 1034 4102 the
1045 4070 1109 4115 very
1120 4054 1219 4103 limited
1235 4054 1362 4102 scientilic
1377 4053 1536 4113 knowledge

379 4129 409 4177 ol'
420 4129 601 4177 Christendom
617 4130 642 4178 in
657 4132 701 4179 the
716 4133 827 4180 seventh
843 4140 961 4193 century.
994 4132 1050 4180 The
1063 4148 1173 4195 passage
1186 4133 1250 4180 here
1261 4133 1357 4193 quoted
1370 4132 1392 4180 is
1403 4132 1431 4180 in
1441 4131 1483 4180 lib.
1498 4131 1535 4181 iii.

380 4222 437 4270 cap.
449 4226 471 4270 4.
504 4208 553 4269 (Cl'.
571 4208 676 4269 Cantor,
694 4211 742 4258 vol.
762 4210 778 4259 i.
796 4226 838 4272 pp.
857 4212 957 4271 Μή.)
990 4210 1054 4259 This
1070 4212 1144 4259 work
1163 4211 1303 4259 continued
1320 4218 1348 4259 to
1370 4210 1402 4259 be
1420 4210 1450 4259 of
1461 4217 1536 4271 great

379 4286 512 4348 authority
524 4287 683 4348 throughout
693 4288 737 4337 the
749 4287 844 4336 middle
855 4304 926 4350 ages.

412 4364 422 4393 ¹
440 4366 472 4417 0.
485 4367 539 4425 has,
552 4366 680 4416 ‘Maxime
696 4368 843 4427 pervenitur
859 4383 875 4415 a
891 4367 1053 4416 mutabilibus
1069 4367 1145 4415 rebus
1162 4367 1194 4415 ad
1212 4366 1383 4415 immutabiles
1399 4382 1428 4414 ac
1445 4365 1468 4414 si
1483 4366 1535 4417 Dei

379 4444 516 4493 invisibilia
531 4460 577 4507 per
589 4461 620 4493 ea
631 4461 697 4507 quae
709 4445 775 4494 facta
787 4452 847 4493 sunt
858 4446 1058 4508 conspiciantur.
1092 4445 1162 4495 Etin
1177 4445 1242 4493 libro
1256 4446 1290 4493 de
1309 4446 1434 4493 Doctrina
1445 4445 1536 4495 Chris·

379 4523 449 4571 tiana
469 4523 555 4584 posuit
573 4524 691 4585 exempla
713 4524 746 4572 de
769 4523 890 4584 psalterio
914 4524 1083 4583 decachordo,
1100 4531 1127 4573 et
1144 4524 1255 4572 admittit
1274 4525 1343 4585 quod
1363 4522 1486 4571 musicam
1507 4524 1534 4571 in

378 4601 493 4663 pluribus
505 4602 569 4650 locis
584 4609 610 4650 et
622 4602 648 4649 in
659 4602 755 4651 sanctis
767 4601 902 4663 scripturis
918 4601 1103 4651 honorabiliter
1118 4602 1228 4664 positam
1244 4602 1397 4651 invenimus.
1433 4601 1534 4651 Cassio-

380 4679 458 4729 dorus
471 4680 497 4728 in
509 4686 618 4731 tractatu
629 4681 742 4731 musicae
754 4681 791 4730 sic
802 4680 845 4741 ait,
858 4679 958 4729 Musica
970 4678 1123 4742 disciplina,’
1133 4683 1181 4730 &e
