3575 5375
390 645 740 706 MATHEMATICAE
763 646 815 704 IN
837 645 1040 705 PHYSICIS
1067 646 1272 705 UTILITAS.
1345 659 1399 706 121

252 806 377 872 lortius.
424 807 704 892 Perpendicularis
722 820 835 874 autem
852 808 1013 874 fortitudo
1028 829 1095 873 non
1110 808 1217 873 solum
1235 819 1328 894 patet
1343 829 1402 892 per

252 914 578 988 demonstrationem,
609 914 667 977 sed
699 934 758 996 per
782 915 1034 997 experientiam,
1056 914 1145 977 unde
1171 914 1255 997 lapis
1279 915 1402 978 cadens

252 1017 296 1080 ab
318 1017 387 1082 alto
410 1017 724 1102 perpendiculariter
739 1018 856 1082 lortius
876 1019 997 1082 scindit
1012 1043 1020 1094 3
1043 1029 1077 1082 et
1092 1018 1119 1082 si
1134 1019 1237 1082 homo
1251 1019 1341 1083 cadit
1357 1019 1401 1081 ab

253 1121 321 1184 alto
348 1123 454 1206 magis
477 1121 640 1187 laeditur:
671 1143 747 1186 nam
774 1124 831 1206 qui
857 1122 1026 1186 hominem
1053 1124 1229 1186 cadentem
1258 1122 1302 1187 ab
1332 1120 1402 1186 alto

253 1225 389 1308 pelleret
423 1228 466 1291 ab
504 1228 630 1290 incessu
667 1226 937 1310 perpendiculari,
967 1226 1150 1291 dummodo
1179 1237 1267 1290 esset
1296 1246 1402 1309 prope

252 1339 382 1406 terram,
405 1351 473 1396 non
495 1330 698 1406 laederetur;
721 1332 812 1414 quod
835 1333 862 1394 si
886 1351 952 1395 non
975 1331 1075 1407 fieret,
1096 1331 1235 1394 moritur
1256 1351 1301 1394 ex
1323 1351 1400 1395 casu

252 1435 523 1516 perpendiculari,
538 1446 572 1501 et
586 1446 677 1500 totus
692 1446 939 1517 conquassatur.

298 1539 343 1603 Et
373 1540 661 1614 considerandum,
692 1542 781 1622 quod
810 1541 838 1603 si
874 1561 897 1602 a
929 1540 1066 1603 diversis
1102 1539 1236 1622 punctis
1272 1540 1403 1621 agentis

251 1644 386 1707 veniant
416 1644 459 1708 ad
489 1646 629 1709 eandem
661 1667 728 1708 rem
760 1645 853 1723 radii,
884 1664 967 1708 unus
996 1643 1274 1726 perpendicularis
1303 1665 1404 1726 super

252 1768 362 1829 agens,
383 1759 417 1812 et
439 1748 521 1812 alius
544 1769 610 1813 non
632 1749 912 1833 perpendicularis
934 1769 1033 1830 super
1054 1754 1173 1831 ipsum,
1189 1767 1318 1830 semper
1339 1749 1402 1811 erit

253 1853 532 1935 perpendicularis
554 1854 694 1917 brevior.
742 1855 792 1920 Ut
814 1853 934 1938 posito,
949 1853 1039 1936 quod
1062 1872 1163 1935 agens
1181 1852 1224 1915 sit
1247 1874 1269 1914 a
1282 1874 1307 1929 c,
1323 1862 1402 1916 tunc

253 1977 275 2019 a
296 1955 315 2019 b
337 1967 388 2020 est
409 1956 541 2021 brevior
561 1978 662 2040 quam
685 1979 702 2022 c
726 1959 753 2035 b,

253 2069 288 2125 et
303 2060 378 2124 ideo
394 2061 510 2125 fortior
524 2073 685 2144 quantum
703 2072 754 2126 est

254 2183 298 2228 ex
326 2165 451 2230 ratione
480 2166 552 2230 hac.
599 2166 645 2230 Et
676 2167 753 2231 licet

253 2291 270 2332 c
284 2270 303 2334 b
322 2272 421 2337 cadet
436 2293 536 2356 super
550 2293 568 2335 e
584 2272 610 2336 d
625 2273 754 2354 patiens

255 2375 296 2438 ad
326 2376 464 2457 angulos
493 2387 612 2453 rectos,
642 2387 676 2440 et
696 2377 755 2440 ab

253 2499 330 2554 non,
353 2491 390 2544 ut
412 2479 458 2544 sic
482 2501 500 2542 c
520 2480 539 2544 b
562 2479 755 2544 fortificet'ur
814 2451 842 2537 s

257 2603 299 2646 ex
312 2583 502 2665 hujusmodi
519 2605 627 2659 causa,
638 2584 754 2649 nihilo-

254 2689 361 2752 minus
373 2709 439 2751 non
451 2691 593 2772 attinget
605 2693 647 2754 ad
663 2691 755 2755 lorti·

252 2794 402 2857 tudinem
427 2816 450 2857 a
472 2794 498 2869 b,
522 2796 601 2876 quia
627 2796 756 2859 brevior
1292 2794 1317 2860 d

252 2907 312 2974 est,
336 2908 371 2961 et
393 2899 469 2981 quia
490 2898 510 2962 b
531 2909 673 2983 punctus
696 2898 759 2962 ed
1057 2866 1119 2918 ¹²¹⁰·
1133 2866 1156 2917 ⁶⁸

252 3002 403 3067 similiter
424 3012 565 3085 punctus
588 3013 639 3067 est
662 3002 798 3068 alterius
819 3003 927 3068 lineae
948 3013 985 3068 ut
999 3007 1070 3087 fg,
1086 3006 1130 3068 ad
1152 3024 1254 3087 quam
1276 3004 1332 3067 ab
1353 3013 1404 3067 est

1099 2027 1123 2070 a
1283 2031 1301 2072 6

252 3106 541 3190 perpendicularis,
570 3118 605 3172 et
638 3108 685 3173 sic
715 3109 734 3172 b
763 3108 865 3173 habet
894 3108 1058 3172 rationem
1094 3108 1252 3190 patientis
1284 3107 1405 3191 princi-

252 3211 371 3293 paliter
379 3208 400 3275 ¹.
424 3220 427 3227 '
447 3212 492 3276 Et
509 3212 657 3276 maxime
676 3233 775 3295 super
791 3233 912 3296 corpus
931 3212 1139 3295 sphaericum
1155 3211 1193 3274 fit
1207 3212 1296 3275 actio
1314 3232 1403 3275 com·

253 3315 443 3397 pletissima,
468 3336 543 3379 cum
567 3318 670 3381 virtus
696 3337 764 3381 non
791 3318 890 3381 cadat
917 3316 963 3380 ibi
992 3316 1035 3379 ad
1065 3313 1209 3398 aliquem
1235 3314 1404 3398 angulum,

252 3422 310 3484 sed
331 3430 477 3484 transeat
501 3420 707 3503 superficiem
733 3431 769 3485 et
794 3441 915 3503 corpus
940 3419 1157 3502 sphaericum,
1179 3429 1213 3484 et
1239 3418 1330 3481 nulla
1354 3429 1404 3482 est

252 3525 425 3589 diversitas
447 3523 501 3589 vel
523 3524 720 3590 difformitas
745 3535 778 3589 et
801 3525 974 3608 plenitudo
996 3524 1136 3589 actionis
1160 3524 1206 3586 ibi
1231 3523 1404 3586 invenitur.

253 3628 326 3692 Nisi
350 3628 437 3694 enim
461 3629 633 3712 signentur
654 3630 766 3695 circuli
793 3630 825 3693 in
850 3630 992 3713 sphaera
1017 3648 1083 3692 non
1108 3638 1158 3691 est
1177 3628 1222 3692 ibi
1242 3626 1404 3711 angulus3

251 3734 310 3799 sed
335 3753 411 3798 cum
437 3734 613 3815 signantur
636 3744 715 3798 tunc
741 3734 853 3816 anguli
878 3735 985 3797 lineae
1008 3731 1287 3816 perpendicularis
1309 3742 1405 3795 emnt

252 3837 417 3919 aequales,
428 3838 512 3903 sicut
528 3838 560 3900 in
578 3838 695 3920 planis,
711 3848 744 3901 et
758 3837 980 3921 complebitur
990 3838 1088 3901 acti0.
1126 3836 1194 3901 Sed
1211 3846 1322 3899 tamen
1339 3857 1404 3900 non

252 3952 328 4005 sunt
345 3942 424 4006 recti
440 3944 499 4005 sed
515 3943 626 4008 obtusi
642 3952 679 4006 ut
695 3952 787 4025 patet
802 3946 1003 4024 geometrae.

296 4046 427 4111 Deinde
452 4047 623 4111 sciendum
650 4057 709 4125 est,
732 4048 821 4130 quod
848 4057 967 4110 natura
993 4054 1150 4127 operatur
1165 4064 1275 4125 super
1301 4044 1404 4110 lineas
1417 4058 1550 4107 Restacted

253 4149 373 4216 fractas
388 4151 515 4225 lortius,
530 4172 632 4235 quam
647 4172 746 4233 super
761 4150 913 4228 reflexas,
930 4150 1008 4232 quia
1021 4150 1136 4213 fractio
1157 4160 1207 4212 est
1222 4149 1255 4210 in
1272 4159 1402 4231 partem
1417 4140 1476 4187 1²5⁵

1415 4199 1528 4253 stronger

252 4254 397 4320 incessus
426 4256 517 4334 recti,
543 4255 601 4318 sed
633 4254 770 4319 reflexio
801 4256 835 4317 in
866 4254 1064 4318 contrarium
1092 4253 1194 4328 vadit,
1224 4263 1258 4316 et
1289 4262 1403 4315 contra
1416 4256 1525 4369 3th-

252 4359 413 4423 incessum
430 4358 613 4423 naturalem
629 4379 728 4441 quem
746 4359 875 4443 appetit
893 4368 1010 4422 natura
1024 4357 1154 4421 virtutis
1175 4355 1356 4419 incedentis
1371 4356 1403 4418 in
1433 4328 1472 4370 ‘⁰⁸
1504 4355 1511 4368 '

251 4464 445 4527 continuum
462 4471 496 4526 et
511 4464 673 4527 directum
687 4462 747 4526 nisi
758 4463 971 4544 impediatur,
979 4472 1013 4526 et
1024 4461 1100 4525 ideo
1112 4459 1249 4524 reflexio
1262 4460 1403 4524 multum

251 4566 403 4632 debilitat
418 4566 563 4651 speciem
581 4574 615 4631 et
626 4568 834 4644 virtutem,et
850 4568 958 4649 magis
970 4586 1071 4648 quam
1086 4564 1211 4629 fractio.
1258 4562 1326 4627 Sed
1341 4563 1404 4627 hoc

327 4704 336 4733 ¹
353 4702 416 4753 liris
427 4708 553 4753 sentence
563 4703 615 4753 and
627 4704 672 4753 the
685 4702 741 4754 first
752 4712 809 4767 part
820 4702 851 4753 ol
859 4704 904 4752 the
914 4702 1051 4764 following
1060 4708 1106 4751 are
1117 4700 1224 4750 omitted
1236 4700 1263 4748 in
1273 4698 1299 4760 J.
