3575 5375
719 641 1008 704 GEOGRAPHIA.
1379 635 1440 717 363

288 826 386 890 super
411 806 540 885 isaiam,
554 826 639 886 arca,
656 806 688 869 in
709 789 776 889 qua
791 805 949 870 liberatus
966 812 1017 869 est
1038 803 1113 869 Noe
1133 811 1282 868 cessante
1297 800 1440 875 diluvi03

288 930 353 974 non
379 912 423 975 ad
448 919 579 975 montes
601 909 795 994 generaliter
816 908 1008 986 Armeniae,
1028 910 1087 973 sed
1113 908 1159 972 ad
1184 916 1314 972 montes
1336 904 1439 968 Tauri

286 1013 473 1091 altissimos,
488 1014 545 1096 qui
560 1011 707 1077 Ararath
723 1013 898 1076 imminent
913 1013 1049 1096 campis.

331 1117 378 1183 Et
398 1138 502 1201 prope
522 1116 597 1182 illos
620 1127 751 1181 montes
773 1124 823 1181 est
846 1117 972 1192 civitas,
987 1135 1073 1198 quae
1095 1115 1244 1179 maxima
1261 1113 1324 1178 fuit
1345 1122 1439 1177 ante·
1452 1124 1571 1200 pestrue-

286 1242 387 1306 quam
397 1242 471 1287 eam
484 1225 718 1287 destruxerunt
729 1220 868 1286 Tartari.
899 1221 988 1284 Nam
998 1218 1129 1284 iuenmt
1137 1218 1172 1283 in
1181 1239 1220 1283 ea
1228 1219 1439 1301 octingentae
1451 1191 1590 1306 mian

286 1325 443 1391 ecclesiae
458 1325 705 1404 Armenorum;
726 1337 759 1390 et
775 1326 807 1388 in
823 1335 977 1408 tempore
991 1324 1099 1389 fratris
1111 1322 1292 1398 Willielmi,
1302 1322 1439 1405 quando
1450 1321 1580 1373 ohannes.

285 1431 436 1496 transivit
452 1451 511 1514 per
522 1450 606 1508 eam,
617 1448 683 1493 non
696 1427 827 1494 suerunt
838 1430 899 1493 nisi
909 1429 997 1493 duae
1010 1427 1175 1512 parvulae.
1212 1427 1259 1490 Et
1274 1427 1318 1490 ibi
1335 1445 1439 1509 prope

285 1532 417 1599 fuerunt
439 1533 644 1618 martyrizati
667 1534 755 1599 beati
775 1532 1058 1608 Bartholomaeus,
1075 1540 1110 1597 et
1133 1533 1251 1596 beatus
1272 1531 1386 1614 Judas,
1403 1538 1439 1593 et

286 1638 497 1703 Thaddaeus.
545 1638 591 1704 Et
603 1639 647 1704 ibi
659 1649 735 1703 sunt
747 1639 833 1703 duae
848 1637 1051 1722 prophetiae
1098 1636 1176 1702 Una
1191 1646 1241 1701 est
1259 1634 1348 1701 beati
1365 1634 1437 1698 Me-

285 1742 390 1807 thodii
406 1745 569 1826 martyris,
583 1745 641 1827 qui
657 1743 719 1808 fuit
734 1744 777 1807 de
796 1753 898 1827 gente
917 1741 982 1820 illa,
998 1751 1033 1807 et
1047 1740 1146 1825 plane
1166 1740 1378 1826 prophetavit
1395 1740 1438 1803 de

286 1846 472 1927 Ismaelitis,
494 1868 580 1931 quae
606 1846 781 1931 prophetia
808 1846 946 1928 impleta
972 1856 1022 1911 est
1048 1846 1081 1909 in
1111 1845 1292 1910 Saracenis.
1337 1843 1436 1908 Alius

284 1952 447 2036 propheta
468 1971 582 2017 eorum
603 1963 740 2018 vocatur
757 1951 908 2026 Akaton‚
923 1951 980 2033 qui
1001 1948 1211 2034 prophetavit
1231 1950 1274 2013 de
1289 1950 1439 2013 Tartaris

284 2065 318 2120 et
345 2057 388 2120 de
416 2057 643 2120 destructione
672 2075 795 2125 eorum.
842 2055 932 2120 Dicit
957 2055 1046 2118 enim
1073 2053 1184 2135 ‘quod
1211 2051 1255 2116 ab
1283 2053 1439 2135 aquilone

284 2160 394 2224 veniet
418 2179 503 2243 gens
529 2161 709 2244 sagittaria,
732 2179 818 2241 quae
844 2178 961 2223 omnes
985 2157 1137 2221 nationes
1161 2157 1296 2219 orientis
1321 2156 1437 2238 subju·

284 2264 389 2346 gabit,
410 2271 445 2326 et
468 2265 602 2328 venient
628 2264 660 2327 in
686 2283 789 2346 regno
815 2263 1005 2341 occidentis,
1027 2261 1152 2325 scilicet
1178 2262 1221 2324 ad
1247 2259 1436 2326 Constanti-

284 2365 443 2450 nopolim,
459 2373 493 2430 et
516 2367 562 2430 ibi
580 2388 640 2450 per
657 2367 822 2451 principes
837 2367 1019 2432 occidentis
1033 2366 1252 2431 destruentur.
1296 2365 1342 2429 Et
1355 2376 1436 2430 tunc

283 2481 516 2536 convertentur
531 2493 647 2536 omnes
666 2483 784 2556 gentes
803 2472 846 2538 ad
862 2473 963 2538 fidem
980 2470 1111 2550 Christi,
1128 2480 1162 2534 et
1182 2471 1243 2533 erit
1257 2481 1351 2536 tanta
1366 2493 1436 2556 pax

284 2574 417 2658 ubique,
432 2576 522 2659 quod
538 2575 603 2640 vivi
619 2576 730 2643 dicent
748 2577 896 2655 mortuis,
910 2576 983 2642 Vae
997 2575 1100 2654 vobis,
1115 2576 1206 2658 quod
1222 2595 1290 2639 non
1304 2576 1435 2642 vixistis

283 2700 387 2763 usque
406 2700 502 2747 nunc.
549 2682 595 2746 Et
616 2681 795 2765 imperator
811 2680 1017 2747 Christianus
1030 2693 1132 2765 ponet
1151 2679 1270 2746 solium
1289 2701 1385 2745 suum
1401 2682 1433 2746 in

283 2783 430 2850 Taurino
456 2786 489 2850 in
515 2784 667 2851 Perside!
714 2786 758 2850 Et
781 2785 923 2851 Armeni
948 2787 1073 2851 habent
1099 2788 1197 2851 istam
1224 2788 1433 2871 prophetiam

282 2890 367 2954 sicut
392 2891 608 2974 evangelium.
655 2892 700 2955 Et
727 2891 950 2956 haeccivitas
977 2902 1159 2957 memorata
1184 2904 1322 2957 vocatur
1347 2910 1434 2957 nunc

285 2994 443 3060 Naxuam
452 2993 473 3071 ¹,
489 3016 576 3079 quae
589 2996 720 3062 solebat
735 3017 806 3061 esse
821 3009 922 3081 caput
937 2998 1048 3083 regni3
1072 3008 1107 3063 et
1124 3008 1175 3063 est
1190 3018 1303 3063 versus
1322 3010 1434 3081 partes

283 3099 488 3181 aquilonares
503 3102 693 3165 Armeniae.
727 3103 815 3166 Nam
831 3124 851 3166 a
867 3101 952 3168 festo
966 3104 1071 3167 sancti
1088 3103 1270 3168 Clementis
1285 3105 1434 3169 ascendit

281 3201 381 3267 frater
399 3204 597 3271 Willielmus
615 3206 716 3288 juxta
734 3206 896 3283 Araxem‚
911 3208 968 3272 ubi
991 3208 1187 3272 terminatur
1207 3227 1320 3273 versus
1341 3208 1433 3291 aqui-

282 3304 403 3370 lonem.
450 3308 496 3372 Et
523 3309 556 3372 in
582 3309 667 3373 lesto
691 3310 813 3375 natalis
838 3312 930 3375 venit
955 3314 998 3377 ad
1023 3310 1114 3375 illam
1141 3311 1316 3389 civitatem,
1339 3321 1374 3376 et
1400 3314 1433 3374 in

282 3411 406 3474 octavis
422 3411 619 3495 epiphaniae
634 3416 766 3478 recessit
782 3416 825 3479 ab
841 3436 890 3494 ea,
905 3424 939 3479 et
955 3435 1015 3497 per
1028 3415 1179 3480 Araxem
1196 3416 1253 3480 ivit
1268 3436 1372 3499 usque
1389 3418 1433 3481 ad

281 3524 382 3595 caput
406 3513 487 3597 ejus,
511 3517 554 3580 ad
579 3518 670 3599 quod
697 3520 847 3601 pervenit
871 3520 904 3582 in
932 3521 1077 3584 secunda
1102 3520 1268 3584 dominica
1292 3522 1433 3603 quadra-

281 3619 446 3700 gesimae3
478 3629 513 3684 et
538 3620 613 3685 ideo
637 3620 737 3703 longe
761 3621 836 3705 plus
861 3635 913 3689 est
936 3645 956 3688 a
980 3624 1106 3687 civitati
1130 3623 1186 3687 illa
1210 3626 1252 3689 ad
1278 3624 1432 3689 ultimum

280 3720 462 3789 Armeniae
476 3744 496 3787 a
512 3735 607 3807 parte
622 3726 768 3791 meridiei
784 3748 884 3811 quam
900 3728 944 3791 ad
959 3726 1158 3811 aquilonem.

325 3826 458 3893 Deinde
487 3830 636 3913 superius
665 3831 708 3894 ad
736 3832 893 3895 orientem
924 3843 1002 3896 sunt
1032 3841 1161 3896 montes
1188 3831 1372 3897 Alanorum
1398 3843 1433 3898 et
1446 3839 1605 3905 Regionsbe-

279 3929 362 4009 Aas,
392 3933 448 4013 qui
481 3944 559 3997 sunt
590 3933 776 4009 Christiani,
806 3946 839 4000 et
875 3936 1037 4018 recipiunt
1066 3936 1289 4003 indifferenter
1317 3958 1433 4002 omnes
1445 3914 1527 4022 m
1537 3910 1588 4025 {gd

313 4061 321 4088 ¹
338 4064 402 4113 This
421 4064 443 4114 is
460 4065 589 4115 Naxunna
601 4082 632 4116 or
646 4067 838 4117 Nachitschuarr
856 4084 890 4118 on
909 4070 954 4118 the
971 4068 1080 4118 Araxes.
1114 4068 1178 4117 Itis
1196 4084 1258 4118 now
1273 4071 1300 4118 in
1318 4070 1431 4120 Russian
1445 4038 1564 4105 cmm·

280 4143 421 4203 dominion,
442 4145 520 4194 about
543 4160 590 4194 roo
613 4146 688 4195 miles
710 4154 737 4195 to
760 4147 804 4197 the
826 4147 889 4197 East
911 4148 941 4197 oi
958 4147 1029 4199 Lake
1047 4147 1113 4207 Van,
1131 4148 1251 4197 between
1273 4151 1308 4199 6ο
1329 4152 1380 4201 and
1400 4166 1433 4213 70

279 4221 353 4271 miles
376 4223 452 4271 south
475 4232 531 4273 east
554 4224 585 4274 oi
605 4224 696 4274 Mount
717 4225 819 4277 Ararat.
858 4228 901 4277 On
923 4228 965 4277 his
987 4235 1075 4277 return
1095 4229 1208 4290 journey
1229 4228 1294 4276 from
1313 4230 1431 4295 Tartnry,

281 4300 430 4363 Rubruquis
452 4302 519 4351 alter
541 4304 648 4365 passing
669 4305 781 4365 through
807 4306 851 4355 the
874 4306 1017 4356 Caucasian
1039 4316 1113 4370 gates
1134 4315 1161 4357 at
1184 4309 1307 4359 Derbend
1329 4326 1364 4359 on
1387 4314 1432 4362 the

280 4378 392 4441 Caspinn
405 4380 529 4430 travelled
541 4398 575 4443 up
587 4382 631 4432 the
648 4383 735 4447 valley
746 4387 775 4434 ol
789 4386 834 4435 the
844 4385 955 4436 Araxes.
990 4386 1033 4436 He
1051 4388 1181 4436 mentions
1198 4388 1243 4437 the
1258 4396 1330 4438 town
1343 4390 1433 4441 Varus

280 4458 442 4520 rprobsbly=
451 4459 553 4523 Naxus)
566 4460 597 4509 oi
603 4461 689 4510 which
701 4463 735 4511 he
747 4478 815 4527 says,
831 4464 962 4514 'solebant
973 4481 1033 4515 esse
1046 4466 1071 4514 in
1086 4482 1119 4515 ea
1130 4468 1293 4527 octingentae
1306 4470 1432 4520 ecelesiae

280 4534 486 4595 Hermenorum;
503 4540 580 4587 modo
593 4554 644 4587 nou
656 4549 717 4591 sunt
729 4542 778 4591 nisi
790 4543 841 4591 dno
853 4544 983 4605 parvulae.
1024 4544 1163 4593 sarraceni
1179 4546 1247 4594 enirn
1266 4547 1432 4601 destruerunt

279 4613 340 4663 ens?
375 4615 438 4679 (See
451 4616 492 4665 his
506 4617 609 4679 joumnl
625 4619 762 4682 published
779 4620 814 4685 by
829 4621 874 4671 the
893 4620 994 4672 French
1008 4621 1195 4687 Geographical
1208 4624 1323 4689 Society,
1335 4627 1385 4676 vol.
1396 4629 1429 4680 iv.

280 4694 351 4755 1⁸³9.
364 4708 388 4757 v·
400 4692 468 4759 asss)
