3575 5375
398 650 749 710 MATHEMATICAE
773 651 824 708 IN
846 650 1015 710 DIVINIS
1044 649 1250 709 UTILITAS.
1344 647 1400 725 187

251 816 325 879 Deo
341 825 375 880 et
389 815 516 898 angelis
531 815 765 899 superbissimi.
811 814 956 898 Quando
970 836 1049 881 vero
1063 824 1170 879 totam
1185 813 1400 899 compleverit

249 921 351 984 vitam
377 919 522 1002 perlecta
546 919 741 998 humilitate,
763 930 843 984 tunc
866 929 917 984 est
942 919 976 983 in
1001 919 1193 1002 Jerusalem,
1217 919 1399 983 secundum

127 1081 132 1088 .
248 1024 320 1106 ejus
335 1044 466 1088 sensum
483 1024 658 1107 triplicem.
705 1023 858 1089 Habebit
872 1026 960 1088 enim
975 1044 1091 1107 pacem
1106 1023 1225 1100 cordis,
1236 1023 1315 1106 quia
1330 1043 1400 1107 pax

249 1128 324 1192 talis
346 1128 493 1211 sequitur
511 1129 599 1192 vitae
622 1129 800 1212 spiritualis
823 1127 1071 1210 perlectionem.
1117 1127 1215 1190 ‘Non
1238 1128 1326 1191 enim
1348 1136 1400 1192 est

249 1253 317 1316 pax
342 1230 471 1314 impiis,'
488 1234 568 1297 dicit
593 1233 769 1297 Dominus.
815 1233 883 1298 Sed
910 1234 1031 1302 sanctis
1057 1242 1108 1295 cst
1131 1253 1200 1314 pax
1223 1233 1299 1310 Dei,
1314 1253 1409 1314 quae

249 1346 428 1418 exsuperat
455 1357 590 1400 omnem
620 1357 764 1415 sensum,
794 1345 828 1400 et
856 1338 890 1400 in
920 1357 1004 1421 pace
1032 1335 1203 1400 Ecclesiae
1226 1337 1399 1400 militantis

247 1441 389 1523 quiescit
417 1460 558 1515 securus,
581 1461 649 1524 qua
675 1461 757 1524 pace
785 1452 898 1507 carent
922 1440 1071 1505 infideles
1095 1450 1130 1504 et
1155 1450 1344 1524 peccatores
1365 1440 1399 1503 in

249 1553 339 1608 statu
354 1544 576 1608 damnationis
591 1545 781 1623 existentes,
796 1566 880 1627 quos
896 1546 1003 1628 agitat
1017 1543 1169 1608 diabolus
1184 1554 1219 1609 et
1233 1545 1345 1608 turbat
1357 1545 1400 1608 de

248 1659 386 1732 peccato
401 1650 434 1711 in
450 1660 632 1731 peccatum,
647 1650 738 1713 etde
757 1670 864 1732 poena
886 1650 1014 1733 peccati
1034 1651 1078 1713 ad
1101 1669 1221 1713 novam
1243 1670 1398 1732 poenam.

250 1749 317 1816 Et¹
337 1762 374 1815 ut
392 1753 519 1816 dictum
537 1763 595 1829 est,
611 1753 821 1836 participabit
843 1754 944 1817 etiam
963 1754 995 1816 in
1014 1753 1076 1817 hac
1090 1754 1159 1818 vita
1176 1753 1208 1815 in
1229 1774 1289 1837 spe
1308 1763 1400 1817 certa

248 1867 282 1920 et
304 1855 557 1921 revelationibus
577 1855 632 1921 illa
654 1856 752 1921 beata
771 1857 899 1922 visione
916 1858 1007 1940 pacis
1028 1878 1191 1941 supernae
1206 1856 1398 1938 Jemsalem,

249 1981 349 2044 quam
366 1982 425 2044 per
439 1962 581 2044 gratiam
599 1962 662 2025 Dei
679 1963 712 2024 in
729 1972 835 2025 morte
850 1973 1080 2044 consequetur.

291 2065 370 2128 Non
392 2065 499 2128 solum
523 2076 635 2130 autem
656 2065 737 2130 haec
761 2066 833 2130 loca
856 2067 942 2130 inter
957 2066 1138 2148 Jordanem
1159 2076 1193 2129 et
1215 2064 1398 2147 Jerusalem

247 2170 381 2254 cognita
396 2180 429 2233 et
445 2169 617 2233 historiam
632 2169 803 2233 declarant
823 2179 857 2234 et
879 2191 994 2233 sensus
1014 2168 1201 2254 spirituales
1220 2171 1399 2254 explicant,

247 2274 307 2336 sed
319 2274 385 2337 alia
397 2273 469 2336 loca
481 2273 735 2338 innumerabilia
745 2294 832 2355 quae
845 2276 931 2338 inter
940 2275 1025 2338 duos
1035 2274 1096 2337 hos
1109 2274 1266 2339 terminos
1277 2274 1397 2354 reperi·

249 2387 348 2441 untur
371 2378 404 2441 in
428 2380 601 2461 scriptura.
647 2377 683 2443 Si
706 2379 780 2461 quis
802 2380 903 2443 etiam
926 2379 1006 2442 velit
1029 2378 1166 2442 ulterius
1190 2377 1399 2442 considerare

248 2482 329 2545 alias
343 2484 550 2547 conditiones
563 2493 784 2560 enumeratas,
795 2484 900 2546 multo
912 2484 1019 2567 magis
1032 2493 1066 2546 et
1081 2484 1176 2564 quasi
1192 2482 1397 2564 incompara-

247 2585 358 2649 biliter
373 2588 495 2670 poterit
518 2607 632 2652 sensus
654 2587 783 2650 divinos
806 2588 932 2660 elicere,
953 2599 989 2651 ut
1016 2596 1108 2671 patet
1134 2586 1283 2651 intuenti.
1329 2584 1398 2649 Sed

248 2694 347 2755 modo
358 2693 477 2756 sufficit
489 2694 622 2757 innuere
631 2696 801 2775 quomodo
811 2714 854 2755 ex
865 2694 979 2776 paucis
988 2692 1092 2756 multa
1102 2713 1146 2756 ex
1158 2692 1267 2775 parvis
1278 2711 1399 2774 magna

247 2817 290 2858 ex
308 2797 510 2880 planioribus
518 2798 658 2861 obscura
670 2799 841 2881 contingat
851 2798 977 2861 elicere.
1012 2796 1080 2862 Sed
1093 2817 1160 2860 non
1172 2805 1314 2880 possunt
1326 2796 1400 2859 loca

248 2903 361 2963 mundi
375 2902 457 2977 sciri,
468 2902 529 2964 nisi
545 2922 604 2983 per
612 2904 848 2967 astronomiam
861 2925 870 2977 ;
893 2903 1048 2985 quoniam
1063 2910 1196 2984 oportet
1211 2922 1272 2963 nos
1291 2900 1399 2985 primo

247 3004 330 3067 scire
354 3004 575 3089 longitudines
602 3015 635 3070 et
662 3008 852 3071 latitudines
877 3004 1036 3071 locorum.
1094 3005 1256 3069 Latitudo
1279 3015 1330 3069 est
1353 3004 1398 3067 ab

248 3109 489 3191 aequinoctiali,
505 3120 539 3173 et
561 3110 736 3192 longitudo
759 3113 802 3175 ab
824 3112 961 3189 oriente,
984 3118 1148 3191 quatenus
1169 3110 1313 3173 sciamus
1334 3109 1397 3172 sub

246 3216 365 3296 quibus
389 3214 493 3279 stellis
519 3235 606 3297 quae
633 3214 705 3278 loca
731 3223 936 3297 coaptentur,
959 3224 993 3277 et
1019 3224 1181 3296 quantum
1201 3221 1279 3277 sunt
1301 3232 1322 3273 a
1342 3212 1398 3275 via

245 3320 332 3382 solis.
392 3320 482 3382 Nam
506 3321 685 3382 secundum
712 3318 794 3382 haec
818 3319 969 3381 videmus
997 3318 1197 3380 sensibiliter
1219 3336 1270 3379 res
1298 3315 1397 3397 hujus

247 3424 362 3487 mundi
378 3424 504 3499 variari,
520 3434 553 3485 et
574 3442 641 3485 non
663 3420 771 3483 solum
793 3422 825 3484 in
848 3421 1063 3498 naturalibus,
1078 3422 1137 3484 sed
1156 3421 1188 3483 in
1207 3421 1397 3485 moralibus.

246 3530 389 3612 Oportet
403 3528 505 3590 etiam
521 3547 578 3608 per
592 3526 831 3590 astronomiam
847 3526 940 3603 scire,
951 3526 1007 3608 qui
1022 3526 1176 3607 planetae
1186 3525 1398 3589 dominentur

245 3632 364 3715 quibus
384 3631 592 3715 regionibus3
621 3649 698 3694 nam
719 3632 900 3694 secundum
921 3630 985 3693 hoc
1009 3638 1160 3712 potenter
1179 3629 1398 3695 immutantur

246 3737 405 3819 regiones.
437 3735 482 3799 Et
498 3734 603 3799 multa
617 3734 807 3816 hujusmodi
823 3735 1066 3799 consideranda
1079 3746 1158 3799 sunt
1174 3754 1232 3816 per
1245 3744 1394 3800 astrono-

246 3842 356 3914 miam,
373 3851 408 3905 ut
423 3841 565 3905 sciamus
582 3851 714 3904 naturas
729 3839 876 3903 locorum
892 3840 926 3903 in
940 3840 1101 3927 scriptura
1114 3863 1122 3920 ;
1147 3851 1182 3904 et
1204 3861 1271 3904 non
1286 3841 1395 3907 solum

246 3955 382 4029 propter
396 3944 478 4022 loca,
493 3946 552 4009 sed
567 3954 702 4028 propter
716 3964 768 4007 res
784 3945 817 4007 in
833 3946 881 4009 eis
897 3946 1031 4010 locatas.
1061 3945 1108 4008 Et
1124 3967 1231 4010 rerum
1246 3948 1396 4012 omnium

246 4050 394 4132 cognitio
408 4060 460 4113 est
475 4050 664 4127 necessaria,
681 4058 748 4113 tam
765 4060 903 4133 propter
916 4070 1050 4114 sensum
1066 4050 1280 4133 spiritualem,
1292 4073 1395 4135 quam

245 4152 416 4233 literalem,
432 4165 468 4218 ut
485 4163 578 4236 patet
592 4176 637 4219 ex
652 4154 759 4218 dictis.

288 4259 401 4322 Tertia
417 4261 514 4323 radix
535 4269 585 4323 est
600 4260 642 4323 de
663 4259 879 4342 temporibus.
925 4259 1033 4323 Totus
1053 4260 1141 4324 enim
1163 4280 1277 4324 cursus
1295 4260 1394 4342 scrip
1409 4265 1447 4327 (³)
1462 4265 1549 4314 nstro-

244 4373 338 4426 turae
353 4364 453 4427 currit
468 4385 526 4446 per
541 4375 693 4446 tempora
708 4372 742 4426 et
757 4363 867 4427 secula
878 4373 913 4427 et
924 4374 1053 4428 aetates
1067 4384 1088 4425 a
1102 4364 1264 4448 principio
1279 4362 1394 4427 mundi
1405 4345 1503 4445 ¹22,ssss

245 4488 350 4551 usque
364 4469 406 4532 ad
425 4468 595 4533 Christum
611 4468 803 4545 Dominum,
819 4478 852 4532 et
867 4468 981 4531 omnia
999 4478 1075 4532 sunt
1090 4468 1243 4532 ordinata
1261 4476 1396 4551 propter
1408 4461 1514 4592 1⁶23sssp

441 4704 450 4737 ¹
468 4705 531 4755 This
541 4705 593 4754 and
604 4706 650 4754 the
662 4705 797 4769 following
807 4714 931 4757 sentence
942 4719 987 4753 are
999 4704 1105 4753 omitted
1117 4705 1144 4752 in
1156 4704 1188 4754 0.
