3575 5375
578 623 841 684 LINGUARUM
865 624 1073 683 COGNITIO.
1358 623 1398 702 83

246 797 344 853 sonat
365 787 385 861 i,
400 794 436 851 et
455 787 523 851 duo
545 798 668 869 puncta
690 796 810 850 sonant
829 807 856 863 e,
871 795 906 850 et
929 786 1015 849 linea
1034 806 1109 850 cum
1130 797 1255 869 puncto
1275 788 1337 851 sub
1358 808 1398 852 ea

247 901 345 956 sonat
366 912 395 955 a.
440 889 508 955 Sed
537 900 734 974 argumenta
758 890 891 953 fortiora
917 891 1092 954 trahuntur
1116 911 1160 953 ex
1187 912 1284 955 sensu
1309 892 1398 956 vocis

248 998 429 1060 secundum
454 995 705 1075 Hieronymum.
752 995 799 1059 Et
820 994 884 1058 hoc
906 995 1050 1058 ostendit
1073 996 1180 1076 ipsum
1205 994 1397 1059 Hebraeum

247 1100 301 1165 hic
316 1100 473 1183 scriptum
489 1099 553 1163 hoc
569 1100 691 1163 modo:
1397 1106 1404 1122 ¹

248 1232 851 1347 ewanrrunrmrrrlnuar
864 1262 893 1328 u
906 1233 975 1345 iar·
988 1252 1038 1318 n
1051 1262 1126 1345 trs:
1139 1233 1360 1429 uus-dep

1302 1376 1310 1425 l
1338 1374 1399 1424 &llil

251 1535 297 1601 Et
312 1545 426 1600 textus
442 1534 589 1599 Graecus
603 1535 704 1599 habet
720 1533 786 1598 sic:
805 1533 901 1616 ‘quia
915 1534 1079 1599 invaluisti
1095 1556 1170 1601 cum
1188 1537 1333 1601 Domino
1350 1532 1400 1625 [et

250 1659 327 1703 cum
343 1639 533 1703 hominibus
548 1638 672 1703 valebis
681 1633 729 1726 ¹].'

294 1744 384 1807 Nam
400 1744 581 1808 secundum
600 1743 846 1825 Hieronymum
866 1750 900 1807 et
920 1763 980 1825 per
997 1752 1130 1808 textum
1150 1745 1350 1821 Hebraeum,
1367 1754 1401 1810 et

251 1847 428 1925 Graecum,
442 1858 477 1912 et
493 1848 660 1924 Latinum,
675 1856 708 1911 et
724 1866 783 1930 per
797 1846 982 1930 Josephum
999 1857 1092 1932 patet
1107 1851 1198 1931 quod
1216 1849 1316 1914 Israel
1333 1870 1400 1914 non

251 1952 354 2017 debet
373 1953 439 2016 dici
455 1952 506 2015 vir
519 1952 637 2015 videns
658 1953 778 2027 Deum,
792 1952 850 2016 sed
872 1952 1062 2034 principalis
1077 1953 1129 2018 vel
1151 1954 1303 2038 princeps
1325 1973 1401 2018 cum

252 2057 337 2131 Deo,
353 2058 508 2139 quoniam
525 2056 558 2120 in
576 2055 732 2119 Hebraeo
746 2057 790 2119 ad
806 2056 934 2119 literam
951 2067 1002 2120 est
1022 2058 1089 2121 sic:
1114 2058 1179 2121 ‘Et
1199 2059 1286 2122 dixit
1308 2059 1401 2123 Deus

252 2181 319 2225 uon
329 2162 501 2226 vocabitur
516 2180 637 2225 nomen
654 2171 749 2224 tuum
762 2182 782 2223 a
794 2161 896 2224 modo
907 2160 1021 2242 Jacob,
1031 2162 1089 2225 sed
1104 2160 1224 2239 lsrael;
1243 2162 1402 2243 quoniam

252 2264 441 2350 principalis
465 2265 517 2328 vel
549 2266 703 2348 princeps
728 2264 817 2328 fuisti
842 2285 918 2327 cum
946 2265 1030 2342 Deo,
1052 2275 1085 2329 et
1111 2286 1187 2329 cum
1213 2264 1402 2329 hominibus

251 2370 377 2452 poteris
400 2367 598 2453 principari’
645 2368 692 2433 Et
715 2369 792 2433 ideo
814 2369 894 2433 dicit
920 2369 1147 2450 Hieronymus
1173 2370 1263 2453 quod
1287 2390 1402 2433 sensus

252 2482 314 2551 est,
328 2481 336 2509 ‘
350 2474 427 2537 Non
442 2474 616 2537 vocabitur
630 2494 751 2537 nomen
766 2483 860 2536 tuum
877 2474 1118 2557 supplantator,
1134 2474 1196 2537 hoe
1221 2484 1272 2539 est
1286 2474 1401 2555 Jacob,

253 2579 311 2642 sed
326 2576 499 2641 vocabitur
513 2597 634 2641 nomen
650 2586 744 2640 tuum
769 2578 921 2661 princeps
943 2599 1019 2641 cum
1037 2579 1120 2654 De0,
1136 2579 1199 2641 hoc
1219 2588 1269 2643 est
1289 2579 1401 2642 Israel.

253 2681 421 2766 Quoniam
437 2704 500 2765 ego
516 2681 667 2766 princeps
682 2703 766 2756 sum,
783 2682 830 2746 sic
845 2692 889 2757 tu,
908 2681 964 2766 qui
984 2703 1113 2747 mecum
1128 2682 1243 2748 luctari
1259 2682 1404 2765 potuisti,

253 2788 407 2871 princeps
436 2787 612 2852 vocaberis.
675 2786 713 2851 Si
742 2798 854 2852 autem
885 2807 1015 2852 mecum
1049 2809 1196 2872 pugnare
1226 2787 1403 2862 invaluisti,

254 2901 379 2973 quanto
409 2891 516 2975 magis
544 2911 619 2956 cum
650 2891 858 2969 hominibus;
889 2891 954 2956 hoc
984 2900 1043 2968 est,
1073 2913 1148 2957 cum
1181 2893 1279 2970 Esau,
1304 2912 1403 2975 quem

253 2995 431 3059 formidare
442 3016 508 3059 non
519 2994 684 3059 debesii’
709 2995 755 3058 Et
768 3016 901 3078 quoque
911 2995 1068 3060 Latinum
1080 2995 1200 3060 habet:
1216 2996 1403 3079 ‘Quoniam

253 3099 281 3163 si
311 3109 426 3163 contra
456 3099 640 3164 Dominum
677 3097 776 3176 suisti,
810 3110 936 3181 quanto
966 3099 1073 3182 magis
1108 3109 1223 3164 contra
1253 3100 1404 3164 homines

254 3200 499 3286 praevalebisi’
546 3203 592 3267 Et
611 3204 777 3286 Josephus
800 3205 909 3288 primo
932 3203 1169 3285 antiquitatum
1193 3202 1285 3281 libr0,
1303 3204 1404 3267 Israel

253 3307 331 3372 ideo
353 3305 558 3389 appellatum
579 3308 670 3382 dicit,
684 3307 762 3390 quia
783 3318 898 3372 contra
913 3304 1082 3392 Angelum
1099 3307 1236 3372 steterit.
1280 3306 1405 3371 Omnia

253 3411 357 3494 igitur
382 3411 473 3487 haec,
499 3411 624 3475 scilicet
648 3411 824 3495 principari
854 3431 931 3474 cum
963 3411 1046 3488 Deo,
1073 3420 1106 3474 et
1137 3409 1344 3489 invalescere,
1371 3420 1405 3474 et

254 3515 374 3580 sortem
407 3535 489 3592 esse,
520 3527 554 3579 et
588 3526 676 3580 stare
710 3537 784 3581 cum
817 3517 891 3581 Deo
927 3526 963 3579 ut
993 3525 1088 3597 patet
1125 3517 1324 3579 reducuntur
1361 3516 1405 3579 ad

254 3621 397 3684 eundem
434 3640 576 3697 sensum,
612 3622 670 3685 sed
708 3621 845 3684 diversis
880 3619 1052 3686 vocabulis
1088 3618 1406 3701 interpretationum,

254 3744 396 3806 quorum
421 3723 547 3786 nullum
574 3723 617 3788 de
639 3724 762 3788 virtute
783 3723 1035 3806 significationis
1058 3744 1136 3787 suae
1157 3732 1268 3808 potest
1290 3722 1406 3788 elicere

254 3827 414 3891 visionem
439 3827 513 3890 Dei.
568 3827 614 3890 Et
637 3827 713 3891 ideo
734 3849 812 3892 vera
835 3827 1064 3910 interpretatio
1086 3837 1137 3890 est
1160 3829 1310 3910 princeps
1333 3848 1406 3891 cum

255 3930 332 3995 Deo.
378 3931 424 3993 Et
443 3930 553 3996 adhuc
573 3930 747 3994 confirmat
765 3932 830 3996 hoc
847 3931 1076 4013 Hieronymus
1096 3951 1155 4013 per
1172 3943 1405 4013 argumentum

255 4035 489 4114 derivationis3
522 4056 599 4098 nam
625 4035 737 4100 Sarith
763 4045 798 4098 et
824 4035 867 4099 ab
893 4034 994 4098 lsrael
1016 4035 1150 4099 nomine
1173 4035 1347 4112 derivatur,
1372 4047 1407 4102 et

255 4140 438 4223 principem
454 4149 559 4204 sonat
607 4138 706 4203 Unde
722 4137 806 4203 Sara
824 4160 910 4203 uxor
926 4139 1084 4203 Abrahae
1105 4139 1258 4224 princeps
1276 4141 1406 4220 dicitur,

288 4281 297 4309 ¹
315 4280 371 4329 The
382 4282 470 4330 words
481 4281 508 4329 in
519 4278 638 4328 brackets
649 4295 692 4328 are
703 4279 811 4328 omitted
823 4279 849 4327 in
861 4279 905 4327 the
918 4278 994 4328 MSS.

288 4357 369 4408 ¹See
380 4357 507 4419 Jerome's
523 4359 599 4408 Luer
615 4359 797 4409 Hebmr'carnm
815 4357 994 4420 Quaestionum
1009 4357 1037 4406 in
1055 4357 1175 4408 Genesim.
1207 4359 1313 4419 Jerome
1326 4361 1406 4410 adds:

258 4438 395 4499 ‘Quamvis
414 4439 492 4500 igitur
506 4439 612 4498 grandis
631 4439 790 4487 auctoritatis
808 4438 869 4500 sint,
887 4445 915 4486 et
937 4438 1100 4499 eloquentiae
1118 4438 1231 4498 ipsorum
1253 4440 1340 4486 umbra
1359 4455 1406 4488 nos

256 4517 384 4580 opprimat
395 4518 438 4578 qui
452 4517 531 4565 lsrael
542 4516 628 4564 vinam
644 4515 700 4565 sive
716 4522 823 4565 mentem
839 4515 960 4564 numum
977 4516 1052 4564 deum
1063 4516 1255 4572 transtulerunt,
1267 4532 1314 4564 nos
1325 4519 1407 4580 magis

257 4595 407 4657 scripturae
424 4600 452 4644 et
468 4594 561 4656 Angeli
575 4593 618 4656 qui
635 4594 719 4656 ipsum
737 4594 817 4643 lsrael
827 4595 931 4642 vocavit
946 4594 1097 4642 auctoritate
1110 4594 1225 4643 ducimur
1236 4609 1310 4655 quam
1326 4597 1407 4657 cujus-

256 4674 320 4723 libet
331 4673 495 4736 eloquentiae
506 4672 663 4722 saecuuru'

802 4763 862 4814 Ga
