3575 5375
348 628 675 687 PHILOSOPHIAE
701 628 792 687 CUM
817 629 1062 688 THEOLOGIA
1089 631 1329 690 AFFINITAS.
1373 647 1415 710 59

263 791 379 855 recitat
398 791 500 855 verba
521 792 642 855 Esaiae
661 794 705 856 de
722 792 792 855 vita
812 802 956 868 aeterna,
977 793 1091 857 dicens
1110 792 1199 857 illam
1221 814 1292 858 esse
1312 813 1413 875 quam

262 896 376 959 oculus
392 916 458 959 non
470 897 562 970 vidit,
576 916 636 960 nec
653 897 740 959 auris
754 897 889 972 audivit,
902 904 935 960 et
951 897 1078 977 recitat,
1092 895 1315 979 Eleemosyna
1326 897 1414 962 tollit

261 1010 446 1080 peccatum,
466 1001 551 1064 sicut
574 1001 738 1084 propheta
759 1000 1021 1076 veritatisrdicit
1042 1000 1166 1065 scilicet
1188 1002 1322 1066 Tobias.
1368 1000 1413 1065 Et

261 1102 470 1186 Augustinus
492 1104 563 1166 vult
586 1105 717 1168 decimo
739 1115 858 1169 octavo
878 1105 922 1168 de
946 1104 1090 1170 Ciuitate
1111 1105 1186 1182 Dei,
1202 1106 1292 1187 quod
1317 1105 1412 1168 Plato

261 1207 385 1291 legerat
416 1207 534 1270 librum
566 1206 743 1285 Geneseos,
773 1218 909 1292 propter
938 1209 1139 1273 creationem
1167 1208 1282 1272 mundi
1312 1229 1412 1291 quam

261 1313 373 1395 posuit
392 1311 534 1374 similem
554 1312 584 1375 ei
603 1333 688 1395 quae
706 1313 752 1376 ibi
771 1312 975 1377 describitur.
1023 1312 1069 1377 Et
1083 1314 1173 1395 quod
1189 1312 1272 1395 legis
1292 1312 1412 1376 librum

261 1415 352 1497 legit,
374 1415 528 1479 videlicet
551 1416 674 1494 Exodi,
691 1426 827 1500 propter
846 1436 969 1480 nomen
994 1416 1058 1481 Dei
1084 1418 1173 1499 quod
1198 1417 1243 1480 ibi
1269 1418 1413 1498 ponitur,

262 1518 397 1597 scilicet,
417 1518 492 1601 Ego
508 1540 581 1584 sum
598 1520 655 1602 qui
677 1540 758 1583 sum
801 1519 889 1583 Nam
911 1519 976 1583 hoc
996 1540 1075 1583 usus
1095 1530 1145 1584 est
1162 1518 1265 1597 Plato,
1279 1529 1313 1584 et
1334 1519 1413 1583 alibi

264 1643 329 1687 non
353 1624 461 1706 potuit
483 1624 638 1700 invenire,
656 1633 694 1686 ut
716 1624 798 1687 dicit
818 1623 1037 1707 Augustinus.
1084 1623 1129 1687 Et
1152 1632 1283 1705 praeter
1304 1644 1415 1689 sacros

198 1782 201 1787 .
263 1725 365 1791 libros
394 1728 605 1812 prophetales
629 1739 888 1810 composuerunt
915 1728 1015 1792 libros
1038 1728 1286 1810 philosophiae3
1312 1729 1413 1791 immo

263 1841 369 1894 totam
385 1831 626 1915 philosophiam
642 1831 694 1895 his
711 1830 926 1916 perfecerunt.
973 1832 1019 1896 Et
1035 1835 1125 1915 quod
1144 1832 1332 1916 philosophi
1348 1854 1414 1897 non

263 1935 451 2000 habuerunt
474 1936 535 2000 nisi
558 1937 602 2000 ab
627 1937 684 2010 eis,
708 1946 877 2000 ostensum
903 1946 953 2000 est
982 1936 1016 1999 in
1045 1937 1320 2018 praecedentibus
1345 1937 1413 1999 evi-

263 2042 388 2116 denter,
404 2050 438 2103 et
452 2040 531 2121 quia
547 2060 612 2104 una
628 2050 678 2103 est
693 2040 863 2123 sapientia,
878 2060 964 2122 quae
983 2038 1104 2103 sufficit
1122 2040 1268 2105 humano
1282 2042 1414 2123 generi;

264 2145 339 2207 ideo
353 2144 458 2208 sancti
473 2144 507 2207 in
526 2144 617 2207 libris
633 2142 869 2225 philosophicis
885 2146 1085 2208 miscuerunt
1098 2144 1210 2207 divina
1222 2144 1326 2207 multa
1337 2164 1412 2208 cum

262 2247 347 2321 aliis,
374 2258 535 2330 quantum
568 2248 680 2329 potuit
709 2246 920 2331 philosophia
947 2249 1102 2330 recipere.
1163 2248 1208 2311 Et
1238 2257 1414 2331 propterea

263 2362 400 2435 propter
422 2352 503 2415 istos
524 2351 627 2416 libros
648 2352 898 2435 philosophicos
919 2362 1107 2416 sanctorum
1132 2351 1236 2415 multa
1259 2372 1414 2436 percepe-

266 2466 340 2520 runt
355 2454 546 2539 philosophi
561 2458 604 2520 de
618 2456 738 2521 divinis
752 2456 957 2520 veritatibus.

675 2707 901 2773 cnnrucuu
928 2707 1004 2770 XV.

308 2844 480 2909 Praeterea
495 2865 571 2908 cum
588 2843 775 2928 philosophi
791 2845 922 2909 luerunt
937 2845 1041 2908 dediti
1057 2845 1251 2910 veritatibus
1266 2858 1301 2912 et
1319 2846 1409 2910 omni
1424 2850 1507 2900 which
1520 2849 1544 2899 in

263 2949 351 3012 vitae
384 2948 535 3023 bonitati,
565 2958 815 3013 contemnentes
851 2950 992 3026 divitias,
1021 2949 1164 3029 delicias,
1194 2961 1227 3014 et
1260 2951 1410 3026 honores,
1424 2918 1564 3033 {pappam

263 3053 445 3134 aspirantes
468 3054 511 3117 ad
542 3050 685 3115 suturam
716 3051 906 3116 felicitatem
936 3063 1099 3134 quantum
1130 3055 1240 3136 potuit
1266 3053 1411 3117 humana
1425 3048 1508 3111 sibyts
1519 3064 1584 3098 were

264 3157 432 3240 fragilitas,
447 3157 549 3220 immo
564 3157 705 3232 victores
723 3156 831 3220 effecti
846 3156 1011 3220 humanae
1026 3168 1174 3235 naturae,
1193 3158 1278 3220 sicut
1293 3158 1412 3221 Hiero-
1425 3131 1538 3245 iiiiii?
1539 3131 1565 3164 re

265 3282 384 3343 nymus
409 3261 524 3325 scribit
551 3261 593 3323 de
617 3260 771 3343 Diogene
794 3261 826 3324 in
856 3259 941 3323 libro
964 3269 1079 3324 contra
1099 3260 1322 3344 Jovinianum,
1347 3281 1412 3323 non

265 3377 317 3430 est
333 3367 460 3442 mirum,
475 3365 502 3430 si
518 3365 620 3442 Deus,
637 3366 695 3447 qui
711 3365 744 3427 in
761 3365 812 3428 his
831 3364 1012 3428 minoribus
1033 3363 1241 3441 illuminavit,
1258 3366 1351 3429 daret
1367 3365 1416 3429 eis

265 3470 330 3533 alia
360 3470 487 3534 lumina
516 3469 692 3532 veritatum
732 3468 905 3551 majorum.
952 3467 997 3532 Et
1035 3469 1063 3532 si
1097 3489 1164 3532 non
1194 3468 1417 3552 principaliter

266 3583 402 3657 propter
431 3594 497 3651 eos,
526 3582 642 3637 tamen
672 3584 808 3656 propter
838 3593 908 3650 nos,
939 3582 976 3635 ut
1008 3592 1121 3636 eorum
1148 3573 1416 3655 persuasionibus

266 3679 408 3742 mundus
423 3678 654 3761 disponeretur
668 3678 712 3741 ad
728 3677 842 3741 fidem.
889 3676 935 3741 Et
947 3678 990 3741 ad
1001 3675 1153 3742 hocfacit
1165 3677 1254 3761 quod
1266 3675 1417 3760 Sibyllae

266 3782 392 3848 multae
421 3783 575 3846 inventae
605 3791 691 3856 sunt,
721 3781 846 3846 scilicet
876 3783 1017 3861 decem;
1053 3783 1140 3846 sicut
1168 3802 1283 3845 omnes
1311 3783 1416 3846 sancti

266 3889 477 3960 concordant,
492 3894 526 3949 et
540 3886 751 3968 Augustinus
767 3886 898 3950 decimo
917 3897 1036 3950 octavo
1053 3888 1095 3951 de
1111 3885 1254 3950 Ciuitate
1270 3886 1335 3949 Dei
1347 3885 1367 3964 ¹,
1381 3897 1417 3950 et

268 3991 414 4056 lsidorus
442 3990 527 4054 libro
550 3990 861 4072 Etymologicorum
891 3991 1044 4075 septimo.
1090 3990 1231 4054 Necnon
1258 3989 1416 4054 historiae

265 4106 300 4159 et
333 4093 564 4179 philosophiae
604 4105 639 4159 et
668 4103 787 4176 poetae
820 4097 1022 4158 concordant
1053 4094 1277 4159 universaliter
1303 4094 1336 4157 in
1365 4093 1417 4159 his

267 4195 415 4280 Sibyllis.
462 4196 530 4263 Sed
550 4209 675 4263 certum
697 4208 749 4262 est
771 4219 827 4262 eas
847 4199 1003 4263 recitasse
1023 4198 1144 4277 divina,
1160 4209 1194 4264 et
1212 4221 1251 4263 ea
1271 4219 1357 4281 quae
1375 4201 1417 4264 de

267 4299 400 4366 Christo
424 4301 587 4366 habentur
609 4312 643 4366 et
665 4304 708 4365 de
728 4301 854 4385 judicio
878 4301 998 4381 futuro,
1021 4313 1056 4367 et
1077 4303 1277 4385 hujusmodi.
1324 4303 1416 4385 Ergo

267 4405 373 4469 multo
397 4407 504 4490 magis
524 4406 696 4489 probabile
716 4415 767 4470 est
790 4405 880 4488 quod
903 4406 1092 4490 philosophi
1123 4406 1355 4491 sapientissimi
1383 4415 1417 4468 et

267 4510 386 4594 optimi
409 4533 431 4575 a
461 4511 537 4575 Deo
559 4518 754 4593 receperunt
777 4509 967 4592 hujusmodi
998 4512 1163 4576 veritates.
1209 4510 1310 4593 Quod
1336 4530 1417 4575 vero

549 4645 1049 4710 ¹oaectmuuon3uu.xviu.cap.23„
1106 4629 1109 4636 '
