3575 5375
386 587 447 652 352
608 571 765 630 OPERIS
789 569 978 638 MAJORIS
1003 570 1118 628 PARS
1144 570 1327 643 QUARTA.

386 737 572 815 Persarum,
601 737 634 800 in
667 756 733 819 qua
766 733 828 799 suit
860 733 954 798 Susis
985 735 1037 799 vel
1066 735 1153 800 Susa
1178 748 1334 811 castrum,
1355 736 1542 819 dequibus

386 841 529 906 habetur
547 850 667 906 octavo
684 837 840 916 Danielis,
856 840 912 902 ubi
935 839 998 904 suit
1020 851 1120 922 caput
1142 841 1235 923 regni
1261 842 1445 906 Persarum.
1494 841 1541 904 Et

388 946 511 1009 Plinius
541 947 629 1021 dicit,
652 947 742 1027 quod
765 965 868 1027 prope
891 944 1019 1027 Tigrim
1043 955 1077 1008 et
1099 966 1120 1008 a
1142 945 1224 1009 mari
1252 946 1383 1010 Persico
1410 967 1469 1028 per
1490 947 1540 1010 ccl

387 1049 539 1115 milliaria
563 1061 615 1115 est
640 1048 726 1113 Susa
755 1048 929 1111 Persarum
957 1049 1057 1130 regia,
1083 1071 1104 1112 a
1136 1049 1240 1114 Dario
1272 1050 1445 1134 Hydaspis
1472 1051 1540 1114 tilio

385 1156 519 1219 condita
552 1156 583 1219 in
613 1153 862 1237 septentrionali
894 1153 1004 1236 Tigris
1035 1154 1140 1218 alveo.
1187 1154 1232 1219 Et
1269 1154 1312 1218 ibi
1351 1176 1458 1240 prope
1489 1157 1543 1220 est‘

386 1262 547 1344 oppidum
579 1262 635 1325 ubi
667 1259 856 1324 mortalium
887 1259 949 1322 soli
979 1281 1095 1324 aurum
1126 1260 1160 1323 in
1187 1260 1302 1324 odium
1329 1248 1538 1334 contrahunt,

387 1365 487 1447 idque
502 1366 630 1429 sodiunt
652 1385 694 1427 ne
716 1366 768 1427 cui
791 1364 824 1426 in
849 1384 910 1427 usu
934 1364 985 1428 sit.
1033 1365 1126 1427 Medi
1149 1387 1226 1430 vero
1247 1375 1325 1430 sunt
1346 1365 1445 1428 vicini
1468 1376 1538 1430 tam

387 1468 516 1533 Parthis
532 1489 632 1551 quam
655 1469 771 1532 Persis.
816 1467 906 1530 Nam
930 1487 996 1532 una
1018 1489 1093 1551 pars
1117 1468 1294 1534 Medorum
1317 1469 1444 1533 scilicet
1465 1490 1539 1551 sep-

387 1575 595 1638 tentrionalis
616 1583 666 1637 est
687 1573 749 1636 sub
765 1572 893 1636 Parthis
908 1583 942 1637 et
959 1571 1097 1655 Caspiis,
1113 1585 1147 1638 et
1162 1575 1278 1656 incipit
1294 1585 1382 1639 recte
1398 1595 1418 1638 a
1433 1575 1538 1658 portis

389 1677 527 1762 Caspiis,
541 1688 574 1741 et
590 1679 623 1740 in
638 1675 784 1740 confinio
793 1676 985 1740 Armeniae.
1018 1678 1063 1742 Et
1076 1680 1152 1743 ideo
1164 1679 1287 1743 habent
1296 1678 1330 1741 hi
1344 1679 1484 1743 Parthos
1497 1679 1540 1742 ab

386 1783 522 1856 oriente,
534 1792 568 1846 et
580 1803 599 1845 a
612 1783 835 1864 septentrione
847 1781 1046 1844 Armeniam
1062 1793 1096 1846 et
1113 1793 1225 1865 portas
1239 1782 1388 1867 Caspias,
1398 1782 1442 1846 ab
1452 1783 1538 1847 occi-

386 1888 486 1951 dente
500 1907 578 1950 vero
601 1886 739 1969 Tigrim,
761 1886 838 1967 quia
860 1885 971 1949 Parthi
992 1895 1069 1949 sunt
1088 1906 1188 1969 supra
1205 1907 1263 1950 eos
1282 1907 1394 1950 versus
1414 1887 1557 1950 Indum.

386 1989 533 2054 fluvium.
578 1991 657 2054 Alia
672 2011 749 2073 pars
773 1990 949 2053 Medorum
972 1988 1152 2054 meridiana
1168 1989 1271 2054 flectit
1286 2011 1322 2054 se
1338 1991 1423 2054 inter
1439 2011 1539 2072 regna

388 2095 542 2160 Parthica
553 2096 721 2181 superiora
737 2105 770 2159 et
787 2095 948 2171 inferiora,
961 2095 1008 2157 ita
1019 2096 1109 2175 quod
1121 2094 1286 2174 inferiora,
1299 2096 1423 2159 scilicet
1436 2115 1538 2176 regna

389 2200 531 2264 Persidis
540 2199 662 2264 habeat
675 2220 741 2263 non
755 2209 842 2263 recte
853 2200 897 2263 ab
913 2209 998 2277 ortu,
1009 2200 1068 2263 sed
1081 2200 1188 2282 magis
1202 2220 1222 2263 a
1235 2200 1370 2263 meridie
1378 2209 1538 2282 vergente

387 2303 419 2367 in
436 2325 589 2369 occasum
600 2305 779 2368 secundum
793 2304 1012 2367 intentionem
1030 2303 1132 2367 Plinii.
1165 2305 1254 2368 Nam
1272 2304 1383 2367 Media
1399 2302 1538 2367 includit

387 2417 526 2490 utraque
542 2429 643 2493 regna
660 2409 830 2471 Persarum
847 2418 881 2472 et
898 2406 1035 2470 involvit
1050 2409 1233 2472 secundum
1251 2408 1403 2471 Plinium.

432 2511 539 2596 Supra
564 2533 639 2577 vero
663 2512 782 2576 Indum
807 2511 942 2575 fluvium
958 2532 1071 2575 versus
1093 2513 1251 2577 orientem
1276 2523 1327 2578 est
1348 2522 1420 2577 tota
1444 2512 1539 2577 lndia

388 2635 491 2700 usque
513 2617 555 2680 ad
578 2614 691 2681 mare¹
707 2615 912 2699 Scythicum,
927 2617 1018 2698 quod
1039 2627 1089 2680 est
1112 2616 1155 2680 ab
1175 2617 1338 2701 aquilone,
1354 2627 1387 2680 et
1404 2625 1536 2680 montes

390 2722 566 2800 Himanus,
590 2722 773 2797 HemoduS,
795 2730 829 2785 et
861 2721 955 2784 multi
986 2721 1042 2803 qui
1072 2730 1150 2785 sunt
1180 2734 1290 2804 partes
1318 2721 1478 2799 Caucasi;
1501 2732 1535 2786 et

386 2827 578 2890 extenditur
596 2826 756 2908 usquead
774 2846 864 2888 mare
883 2825 1001 2902 Eoum,
1017 2828 1108 2907 quod
1122 2836 1173 2890 est
1193 2826 1361 2904 orientale,
1376 2835 1410 2889 et
1433 2845 1537 2908 usque

387 2931 431 2994 ad
452 2950 542 2993 mare
560 2930 711 2993 Indicum
729 2930 958 3005 meridianum,
974 2929 1006 2992 in
1021 2930 1112 3011 quod
1129 2931 1218 2994 cadit
1238 2931 1338 2995 Indus
1354 2930 1483 3007 fluvius,
1499 2940 1537 2994 ut

388 3034 467 3099 dicit
488 3034 620 3109 Plinius,
642 3032 808 3115 quiajam
833 3033 966 3096 evanuit
990 3054 1080 3097 mare
1103 3034 1265 3098 Rubrum.
1312 3034 1413 3099 Unde
1441 3034 1537 3097 lndia

388 3138 490 3202 habet
521 3138 641 3200 lndum
668 3136 804 3200 fluvium
836 3138 879 3199 ab
906 3136 1088 3215 occidente,
1113 3148 1147 3201 et
1179 3158 1278 3219 regna
1308 3137 1481 3202 Persarum
1502 3145 1537 3200 et

389 3241 587 3319 Medorum;
610 3250 643 3305 et
667 3240 768 3305 habet
791 3260 882 3303 mare
907 3239 1112 3321 Scythicum,
1136 3250 1269 3305 montes
1292 3239 1479 3306 Caucasum
1503 3250 1537 3303 et

388 3344 536 3409 Taurum
552 3366 573 3408 a
587 3345 812 3429 septentrione
826 3355 860 3408 et
877 3344 1078 3426 Scytharum
1095 3365 1209 3428 regna,
1223 3355 1258 3409 et
1275 3345 1428 3409 Indicum
1446 3365 1538 3407 mare

387 3470 407 3512 a
423 3449 568 3525 meridie,
583 3459 618 3513 et
639 3449 748 3513 Eoum
764 3450 806 3511 ab
823 3449 973 3526 oriente;
1004 3449 1098 3531 cujus
1121 3448 1295 3532 dispositio
1319 3450 1350 3512 in
1376 3449 1538 3531 principio

387 3564 477 3617 tacta
488 3565 538 3617 est
551 3554 584 3617 in
597 3553 718 3631 multis,
728 3554 806 3635 quia
820 3553 864 3615 ibi
880 3564 932 3617 cst
944 3553 1141 3636 principium
1157 3552 1359 3617 habitabilis.
1400 3553 1446 3617 Et
1461 3553 1539 3616 ideo

387 3658 432 3721 ab
446 3679 485 3721 ea
502 3656 563 3721 iuit
580 3657 812 3739 incipiendum,
828 3666 864 3719 ut
881 3655 1018 3721 ulterius
1034 3664 1179 3719 curreret
1194 3656 1301 3737 stylus
1317 3678 1376 3740 per
1390 3656 1538 3740 longitu-

386 3762 498 3823 dinem
515 3759 705 3823 habitabilis
725 3761 887 3842 usquead
910 3760 1065 3823 occidens
1082 3780 1141 3843 per
1155 3761 1305 3843 regiones
1321 3760 1539 3841 Aethiopum,

386 3874 421 3928 et
437 3863 554 3927 iterum
571 3864 615 3927 ab
630 3863 802 3927 occidente
817 3865 1012 3927 revertendo
1028 3864 1212 3928 secundum
1230 3862 1482 3949 longitudinem.

219 3980 295 4060 Indus
307 3980 356 4029 anu
430 3966 556 4030 Tactae
572 3977 649 4031 sunt
665 3967 815 4050 regiones
830 3968 1044 4031 succedentes
1059 3967 1221 4051 prioribus
1234 3968 1383 4049 usquein
1399 3966 1540 4044 Indiam,

218 4048 326 4112 benges.
388 4072 430 4134 de
460 4090 527 4153 qua
555 4071 664 4134 adhuc
692 4071 804 4152 aliqua
834 4071 973 4135 dicenda
1003 4081 1089 4135 sunt.
1137 4071 1253 4137 Habet
1283 4074 1372 4136 enim
1404 4071 1540 4135 flumina

390 4176 547 4247 maxima,
565 4174 650 4238 inter
663 4195 749 4256 quae
768 4177 944 4258 praecipue
965 4185 1042 4238 sunt
1066 4176 1168 4239 Indus
1190 4187 1223 4240 et
1247 4174 1389 4258 Ganges,
1406 4175 1447 4239 de
1468 4195 1539 4257 quo

390 4280 536 4361 loquitur
551 4278 732 4361 Scriptura.
778 4278 831 4342 De
854 4280 1085 4363 magnitudine
1100 4300 1180 4343 vero
1202 4280 1287 4358 lndi,
1305 4280 1385 4344 dicit
1402 4278 1539 4357 Plinius,

388 4384 582 4450 Alexander
598 4404 737 4466 magnus
754 4384 844 4447 nullo
859 4385 914 4448 die
935 4384 1043 4448 minus
1060 4394 1220 4448 sexcenta
1238 4384 1346 4448 stadia
1370 4384 1540 4467 navigavit

387 4488 419 4551 in
449 4488 543 4565 Indo,
571 4508 631 4552 nec
659 4488 768 4571 potuit
795 4498 872 4551 ante
896 4490 1041 4571 quinque
1066 4508 1196 4552 menses
1220 4490 1396 4570 enavigare
1417 4497 1539 4565 toturn,

703 4606 713 4637 ¹
730 4606 795 4668 Reg.
809 4608 857 4657 has
868 4606 1032 4670 Scythicum:
1049 4609 1083 4659 Ο.
1097 4608 1222 4659 Sericum.
