3575 5375
354 630 397 690 94
579 616 734 677 OPERIS
757 615 947 686 MAJORIS
971 615 1086 675 PARS
1113 614 1279 675 TERTIA.

353 780 675 861 catharizationibus‚
691 790 725 845 et
743 780 789 843 sic
810 799 870 863 per
885 779 1087 861 baptismum
1110 789 1143 843 et
1168 779 1280 844 omnia
1298 790 1504 845 sacramenta

352 885 576 964 discurrendo,
591 905 658 948 non
674 882 781 947 solum
797 884 917 946 decens
933 884 991 947 sed
1007 884 1189 966 expediens
1205 895 1238 949 et
1255 884 1438 948 necessaria
1453 895 1505 949 est

352 998 390 1052 ut
406 990 449 1052 ab
465 990 583 1072 eisqui
600 989 787 1053 ministrant
802 996 1009 1051 sacramenta
1024 990 1161 1051 sciretur
1176 1000 1264 1053 recta
1279 988 1505 1070 pronuntiatio

352 1101 386 1156 et
395 1093 528 1157 debitus
538 1093 733 1172 intellectus,
743 1102 907 1175 quatenus
917 1092 949 1154 in
962 1091 1053 1155 nullo
1063 1092 1279 1176 derogaretur
1288 1102 1504 1158 sacramento

355 1196 422 1261 Sed
439 1198 541 1261 modo
556 1218 616 1281 per
641 1197 830 1261 universam
854 1195 1039 1260 Ecclesiam
1064 1196 1318 1261 innumerabiles
1333 1196 1504 1278 proferunt

352 1302 454 1366 verba
468 1302 621 1366 instituta
641 1301 684 1364 ab
707 1299 857 1365 Ecclesia
880 1309 915 1363 et
936 1300 1086 1364 nesciunt
1107 1302 1197 1383 quod
1219 1301 1341 1375 dicunt,
1357 1319 1418 1363 nec
1433 1322 1504 1364 ver-

352 1405 470 1469 borum
486 1414 617 1469 servant
632 1416 756 1470 rectam
773 1402 1085 1487 pronuntiationem,
1100 1405 1189 1487 quod
1211 1424 1283 1468 esse
1304 1425 1370 1468 non
1393 1414 1506 1487 potest

354 1510 425 1574 sine
456 1509 574 1592 injuria
604 1509 810 1574 sacramenti.
866 1508 1006 1573 Utinam
1038 1506 1096 1570 fiat
1128 1528 1202 1573 cum
1234 1509 1332 1591 plena
1363 1508 1505 1573 efficacia

354 1614 490 1679 effectus
506 1613 770 1679 sacramentalis!
818 1613 864 1676 Et
884 1632 961 1677 cum
980 1612 1130 1676 Ecclesia
1145 1612 1261 1676 statuit
1277 1612 1339 1676 hoc
1356 1633 1399 1675 ex
1415 1622 1505 1676 certa

353 1719 482 1796 notitia,
500 1728 535 1782 et
558 1738 674 1782 omnes
695 1728 805 1801 patres
826 1717 955 1799 antiqui
979 1716 1143 1781 sciverunt
1165 1727 1288 1782 rectam
1310 1716 1502 1800 pronuntia-

353 1822 478 1887 tionem
502 1832 536 1886 et
560 1842 692 1886 sensum
712 1820 952 1885 vocabulorum
978 1822 1157 1885 secundum
1178 1822 1269 1904 quod
1291 1821 1504 1902 competebat

353 1926 576 2004 sacramentis,
592 1946 652 1990 nos
667 1925 791 1989 nullam
809 1926 970 1989 habemus
981 1927 1252 2004 excusationem3
1275 1924 1331 1989 sed
1348 1924 1454 2006 turpis
1470 1932 1504 1988 et

352 2031 427 2095 vilis
442 2030 628 2113 ignorantia
643 2039 695 2093 est
709 2029 798 2093 nulla
813 2030 1085 2113 tergiversatione
1095 2030 1296 2094 excusanda.
1342 2028 1389 2091 Et
1401 2048 1503 2109 quum

353 2134 387 2197 in
422 2134 724 2201 consecrationibus
762 2133 974 2198 ecclesiarum
1012 2134 1147 2217 cuspide
1184 2133 1291 2197 baculi
1330 2130 1505 2216 pastoralis

353 2238 474 2303 fuerint
511 2240 616 2303 sactae
654 2239 768 2303 literae
797 2237 933 2303 alterius
963 2237 1096 2321 linguae
1134 2239 1316 2302 secundum
1354 2237 1503 2301 ordinem

353 2342 533 2427 alphabeti,
549 2354 674 2408 certum
694 2352 744 2407 est
763 2343 855 2425 quod
876 2342 1065 2426 paucissimi
1085 2341 1209 2406 iaciunt
1230 2340 1352 2425 figuras
1372 2341 1504 2404 debitas

353 2450 534 2513 secundum
550 2448 639 2531 quod
656 2470 677 2511 a
692 2447 815 2511 sanctis
825 2448 976 2530 patribus
986 2458 1019 2511 et
1032 2445 1180 2510 Ecclesia
1196 2445 1314 2509 luerint
1324 2446 1504 2523 institutae,

354 2562 491 2636 propter
520 2552 742 2634 ignorantiam
780 2551 1043 2616 characterarum
1081 2551 1216 2615 alterius
1254 2550 1396 2631 linguae.
1457 2548 1504 2612 Et

354 2656 530 2740 praecipue
559 2657 592 2720 in
615 2657 679 2721 hoc
702 2665 827 2721 erratur
850 2657 940 2740 quod
964 2665 1032 2720 tres
1055 2654 1180 2738 figurae
1202 2664 1279 2719 sunt
1302 2675 1388 2738 quae
1414 2654 1504 2718 nullo

354 2761 456 2823 modo
486 2761 583 2823 scribi
613 2760 773 2824 deberent
803 2760 837 2824 in
867 2760 995 2824 Graeco
1034 2759 1223 2842 alphabeto.
1270 2759 1358 2822 Nam
1391 2758 1504 2841 procul

355 2863 456 2926 dubio
472 2862 597 2948 figurae
613 2884 698 2946 quae
712 2873 876 2928 vocantur
890 2865 1070 2947 episemon,
1086 2865 1209 2947 koppa,
1225 2865 1319 2947 sanpi
1343 2884 1408 2928 non
1428 2873 1504 2927 sunt

355 2968 397 3031 de
418 2967 598 3050 alphabeto
621 2968 833 3042 Graecorum,
852 2988 912 3032 nec
937 2967 1071 3032 Graecis
1095 2968 1310 3032 inservierunt
1334 2968 1366 3031 in
1388 2967 1503 3031 ordine

354 3072 543 3149 literarum3
582 3071 641 3136 sed
671 3084 749 3136 sunt
783 3073 909 3154 figurae
939 3081 972 3135 et
999 3081 1097 3136 notae
1130 3092 1352 3137 numerorum.
1399 3072 1504 3135 Modo

353 3197 432 3240 vero
448 3177 562 3241 Latini
577 3198 643 3241 non
658 3176 868 3240 considerant
885 3178 977 3259 quod
994 3175 1112 3241 Graeci
1132 3187 1305 3241 numerant
1320 3196 1379 3258 per
1394 3174 1503 3238 literas

353 3279 531 3363 alphabeti,
548 3291 583 3346 et
597 3282 687 3364 quod
703 3282 745 3346 ad
762 3281 994 3363 complendam
1010 3281 1293 3363 computationem
1310 3279 1504 3343 interserunt

351 3397 419 3449 tres
442 3385 563 3468 figuras
585 3388 677 3469 prius
699 3387 897 3460 nominatas,
920 3386 1043 3450 scilicet
1066 3385 1125 3449 has
1146 3411 1180 3464 ς,
1205 3383 1233 3464 θ,
1260 3381 1302 3456 ἦ.
1350 3383 1417 3449 Sed
1439 3384 1504 3449 hoc

353 3487 478 3554 faciunt
507 3511 610 3573 quum
642 3500 826 3569 numerant,
857 3511 924 3553 non
954 3491 1049 3572 quasi
1081 3491 1271 3553 nominetur
1308 3488 1413 3571 figura
1444 3509 1503 3571 pro

353 3591 455 3657 literis
476 3604 510 3658 et
532 3595 673 3677 scriptis.
722 3593 822 3659 Unde
844 3594 878 3659 in
901 3595 1075 3659 scribendo
1098 3614 1268 3676 nunquam
1292 3602 1430 3658 utuntur
1452 3592 1503 3656 his

353 3697 458 3760 tribus
496 3696 607 3780 liguris
637 3720 698 3762 nec
735 3708 865 3780 ponunt
902 3718 958 3763 eas
994 3699 1028 3761 in
1064 3698 1178 3761 ordine
1210 3697 1390 3780 alphabeti.
1435 3694 1503 3760 Sed

356 3798 505 3864 Ecclesia
526 3802 668 3865 instituit
682 3802 773 3884 quod
795 3802 910 3866 literae
932 3802 1023 3866 solae
1045 3801 1215 3884 alphabeti
1234 3802 1455 3867 scriberentur
1469 3801 1503 3862 in

354 3906 602 3968 consecratione
625 3905 789 3983 ecclesiae,
804 3916 838 3969 et
854 3907 986 3970 deceret
1005 3907 1052 3969 uti
1072 3907 1174 3971 literis
1192 3927 1259 3969 non
1279 3905 1365 3968 notis
1388 3925 1503 3968 nume·

354 4026 472 4071 rorum.
518 4007 730 4092 Quapropter
745 4009 842 4074 valde
865 4010 1039 4093 indignum
1055 4021 1104 4074 est
1127 4011 1218 4093 quod
1243 4031 1300 4091 per
1317 4010 1503 4072 universam

354 4110 539 4174 Ecclesiam
556 4110 614 4176 fiat
629 4111 727 4194 hujus
742 4134 878 4177 erronea
892 4115 1063 4197 scriptura.

397 4214 444 4279 Et
466 4215 532 4278 vile
554 4226 604 4279 est
626 4218 714 4299 quod
738 4218 819 4282 haec
838 4219 974 4281 nomina
996 4217 1091 4294 IHC,
1115 4217 1215 4294 XPC,
1239 4217 1423 4280 scribuntur
1445 4236 1505 4298 per

353 4320 464 4382 literas
481 4319 624 4383 Graecas
645 4330 679 4383 et
693 4322 887 4385 aestimatur
907 4323 998 4404 quod
1021 4331 1096 4385 sunt
1113 4321 1263 4398 Latinae,
1280 4330 1339 4384 aut
1359 4321 1505 4383 nescitur

351 4423 446 4505 cujus
463 4424 552 4487 modi
569 4433 645 4488 sunt
662 4424 818 4489 Graecae.
865 4425 955 4490 Nam
978 4425 1091 4508 procul
1112 4425 1216 4489 dubio
1236 4425 1269 4487 in
1290 4423 1354 4488 hoc
1371 4423 1505 4488 nomine

354 4525 439 4591 lHC
463 4527 570 4611 prima
592 4539 643 4593 est
667 4529 734 4593 iota
752 4550 839 4611 quae
857 4529 945 4592 valet
968 4529 978 4592 i
1002 4540 1172 4605 nostrum;
1203 4529 1349 4594 secunda
1372 4537 1423 4590 est
1448 4528 1506 4602 ita,

350 4650 438 4713 quae
457 4633 546 4697 valet
561 4654 580 4697 e
594 4632 741 4716 longum.
785 4631 899 4698 Tertia
922 4642 971 4698 est
991 4633 1076 4698 sima
1098 4653 1184 4718 quae
1201 4633 1289 4698 valet
1310 4653 1325 4696 s
1344 4642 1505 4697 nostmm.
