3575 5375
698 638 987 700 oaoonnprrm.
1354 652 1414 716 327

262 797 397 878 quidam
421 798 512 864 sinus
535 800 634 864 maris
658 801 764 867 Rubri
790 802 847 885 qui
875 805 1111 868 extenderetur
1137 801 1170 864 in
1197 801 1330 866 deserto
1353 798 1413 864 Sin

262 921 282 964 a
311 902 484 986 principali
518 925 656 989 corpore
686 907 795 984 maris,
826 927 903 971 narn
932 906 1010 989 Jam
1045 915 1097 970 est
1127 905 1223 969 Mare
1252 914 1287 969 et
1318 902 1413 986 Suph

262 1006 384 1070 dicitur
399 1007 562 1072 Rubrum.
599 1009 668 1075 Sed
689 1011 938 1076 convenientius
958 1011 1058 1076 solvit
1075 1010 1189 1074 dicens
1209 1009 1300 1091 quod
1317 1007 1414 1090 Suph

262 1119 374 1193 potest
388 1112 519 1196 signare
533 1115 669 1177 rubrum
685 1113 736 1178 vel
753 1115 907 1198 scirpum,
923 1115 1026 1180 ethic
1042 1135 1108 1178 non
1128 1112 1230 1176 habet
1250 1112 1336 1175 sumi
1352 1132 1414 1195 pro

262 1214 362 1279 rubro
384 1217 443 1280 sed
467 1237 527 1298 pro
553 1218 687 1301 scirpo;
719 1221 807 1283 unde
830 1219 913 1283 dicit
938 1220 1030 1301 quod
1054 1237 1230 1301 possumus
1252 1215 1412 1298 suspicari

260 1320 351 1400 quod
373 1329 535 1384 venerunt
562 1322 605 1385 ad
631 1321 789 1404 paludem
812 1321 984 1406 quandam
1006 1333 1042 1388 et
1063 1321 1182 1396 lacum,
1201 1320 1257 1403 qui
1280 1328 1412 1384 carecto

261 1432 295 1487 et
314 1423 424 1504 juncis
447 1423 563 1506 plenus
587 1424 658 1490 suit.
705 1424 806 1508 Quod
829 1435 944 1490 autem
968 1425 1141 1509 Scriptura
1161 1445 1255 1488 sacra
1277 1443 1410 1488 omnem

261 1529 553 1611 congregationem
583 1549 744 1612 aquarum
776 1550 868 1593 mare
892 1540 1001 1609 vocet,
1023 1530 1114 1593 nulla
1142 1528 1308 1594 dubitatio
1337 1535 1409 1600 est;

261 1631 313 1693 hic
335 1632 435 1714 igitur
453 1635 635 1697 secundum
656 1634 857 1698 Hebraicam
872 1635 1048 1698 veritatem
1069 1631 1234 1718 significat
1253 1631 1411 1716 paludem

257 1735 442 1817 juncorum.
488 1735 556 1801 Sed
579 1738 657 1820 quia
679 1738 782 1802 etiam
806 1738 907 1802 nimis
928 1739 1102 1822 vulgatum
1125 1738 1189 1800 luit
1213 1737 1247 1800 in
1273 1737 1412 1818 antiqua

259 1838 472 1905 translatione
497 1843 588 1924 quod
614 1843 696 1906 haec
724 1843 852 1907 mansio
876 1853 1014 1906 vocetur
1037 1863 1127 1906 mare
1152 1841 1314 1919 Rubrum,
1334 1841 1410 1904 ideo

260 1943 488 2028 Hieronymus
502 1946 630 2011 dimisit
644 1947 677 2009 in
693 1957 804 2011 nostra
819 1956 908 2010 stare
928 1956 966 2010 ut
987 1944 1094 2009 iuerat
1113 1946 1149 2008 iu
1162 1945 1309 2027 antiqua,
1324 1945 1409 2009 sicut

259 2048 365 2112 multa
391 2049 457 2112 alia
481 2069 540 2130 per
569 2050 757 2114 universum
784 2069 905 2132 corpus
934 2050 1125 2132 scripturae.
1170 2047 1301 2112 Ultima
1330 2067 1407 2112 vero

259 2153 396 2216 istarum
429 2155 585 2236 quinque,
615 2173 701 2235 quae
730 2161 781 2218 est
813 2154 991 2218 undecima
1020 2153 1065 2216 ab
1095 2173 1227 2235 egressu
1265 2150 1407 2216 filiorum

259 2256 359 2320 Israel
376 2259 419 2320 de
433 2256 604 2339 Aegypto,
617 2267 668 2321 est
680 2257 865 2340 Raphidim
884 2259 918 2320 in
935 2258 1062 2322 directo
1077 2257 1119 2320 ad
1135 2257 1406 2338 septentrionem,

258 2360 351 2441 cujus
363 2369 414 2424 est
425 2358 714 2426 Amalechitarum
730 2363 832 2444 regio,
843 2381 930 2445 quae
946 2361 1109 2447 pugnavit
1123 2381 1199 2424 curn
1216 2360 1292 2424 filiis
1306 2359 1407 2424 lsrael

258 2464 290 2525 in
303 2466 434 2528 deserto
447 2464 639 2547 Raphidim,
650 2475 685 2529 et
700 2467 789 2529 victa
807 2476 858 2530 est
872 2466 986 2530 abeis.
1023 2465 1157 2529 Deinde
1172 2466 1279 2546 magis
1295 2485 1408 2528 versus

257 2568 418 2632 orientem
437 2579 488 2633 est
503 2571 673 2633 desertum
692 2569 795 2648 Sinai,
811 2570 866 2632 ubi
888 2579 938 2634 est
954 2590 1050 2633 mons
1065 2568 1156 2643 Sina,
1172 2570 1229 2652 qui
1244 2578 1296 2632 est
1311 2589 1407 2634 mons

257 2672 322 2736 Dei
337 2671 437 2752 Oreb,
448 2683 486 2738 ut
500 2674 582 2739 dicit
597 2674 824 2757 Hieronymus
839 2675 873 2737 in
886 2674 971 2739 libro
983 2673 1160 2739 Locorum.
1193 2672 1262 2739 Sed
1273 2694 1339 2737 non
1356 2683 1407 2738 est

257 2787 352 2861 petra
364 2777 458 2843 Oreb
473 2780 506 2842 in
519 2779 713 2862 Raphidim,
729 2781 772 2844 de
786 2799 854 2861 qua
865 2779 1003 2862 Moyses
1017 2799 1139 2862 aquarn
1155 2779 1282 2844 eduxit.
1316 2779 1406 2842 Nam

259 2881 377 2946 Horeb
397 2902 459 2965 pro
481 2894 594 2948 monte
615 2882 696 2949 Sina
718 2885 873 2949 scribitur
893 2904 952 2967 per
968 2884 1061 2949 Heth
1081 2884 1222 2963 literam,
1236 2885 1295 2948 sed
1315 2882 1407 2949 Oreb

257 3006 331 3051 non.
379 2987 423 3050 Et
439 2998 517 3070 post
530 2998 608 3052 sunt
623 2988 775 3072 sepulcra
790 2989 1078 3070 concupiscentiae
1089 2997 1123 3053 et
1133 2987 1305 3065 Asseroth,
1320 3008 1407 3070 quae

254 3101 332 3155 sunt
347 3092 433 3155 duae
450 3093 637 3157 mansiones
652 3102 729 3176 post
744 3104 891 3157 montem
910 3092 992 3158 Sina
1007 3093 1040 3155 in
1056 3092 1120 3155 hoc
1136 3095 1267 3157 deserto
1283 3092 1387 3157 Sinai.

299 3194 432 3259 Deinde
449 3196 556 3278 magis
571 3197 615 3260 ad
631 3198 791 3261 orientem
807 3207 858 3262 est
873 3198 1042 3261 desertum
1061 3196 1201 3275 Pharan,
1215 3195 1271 3259 ubi
1288 3195 1405 3280 incipit
1418 3204 1509 3254 Decri
1520 3206 1550 3254 of

256 3299 347 3383 regio
358 3299 601 3364 Ismaelitarum
618 3301 759 3365 tendens
770 3321 884 3366 versus
900 3321 991 3364 mare
1004 3299 1157 3363 Rubrum
1172 3300 1217 3363 ad
1232 3300 1405 3363 orientem.
1418 3268 1523 3320 ΡΜ·

254 3403 312 3467 Ad
335 3405 597 3486 septentrionem
619 3425 698 3469 vero
721 3404 852 3469 Pharan
874 3414 926 3469 est
949 3404 1066 3469 Ebron
1088 3404 1204 3468 civitas
1227 3403 1349 3481 David,
1371 3413 1405 3467 et

254 3504 311 3568 ubi
334 3488 448 3569 lldam
477 3526 617 3590 magnus
644 3522 677 3570 et
700 3505 885 3584 Abraham,
907 3516 941 3571 et
970 3507 1072 3584 Isaac,
1095 3515 1130 3569 et
1146 3505 1263 3587 Jacob,
1283 3505 1404 3587 sepulti

253 3622 341 3674 sunt.
387 3609 449 3673 Per
462 3610 550 3673 viam
573 3612 693 3675 deserti
718 3611 803 3675 inter
827 3610 957 3674 Pharan
976 3619 1010 3675 et
1027 3610 1141 3675 Ebron
1162 3610 1251 3675 misit
1267 3610 1405 3692 Moyses

252 3711 387 3794 Josuen‚
403 3724 436 3777 et
461 3713 595 3798 caleph,
615 3724 649 3779 et
671 3713 754 3779 alios
776 3715 1016 3798 exploratores.
1062 3716 1107 3779 Et
1130 3715 1162 3778 in
1184 3715 1249 3778 hoc
1271 3714 1405 3779 deserto

254 3817 393 3897 Pharan,
415 3827 452 3881 ut
479 3819 560 3882 dicit
588 3818 817 3901 Hieronymus
843 3822 877 3883 in
903 3819 989 3883 libro
1014 3819 1233 3897 mansionum,
1257 3816 1404 3883 secemnt

254 3921 310 3984 filii
333 3921 433 3986 lsrael
452 3923 639 3986 octodecim
658 3925 857 3995 mansiones,
873 3946 894 3989 a
910 3925 1056 4008 quinque
1077 3943 1182 4006 usque
1201 3925 1245 3987 ad
1265 3926 1403 4007 triginta

252 4027 327 4099 duo,
345 4027 572 4109 computando
592 4037 760 4091 extremas
780 4048 856 4090 cum
879 4029 1005 4106 mediis,
1020 4038 1058 4092 ut
1076 4027 1195 4092 ultima
1209 4029 1251 4090 sit
1267 4028 1403 4109 Asyon·

252 4130 372 4211 gaber3
392 4132 480 4194 unde
494 4130 623 4195 Pharan
638 4131 806 4194 desertum
822 4141 871 4195 est
888 4131 1097 4195 latissimum.
1120 4132 1179 4195 ·Et
1190 4131 1244 4194 hic
1256 4132 1401 4214 percussi

251 4246 330 4299 sunt
359 4236 403 4299 ab
435 4234 657 4299 Amalechitis
687 4246 721 4299 et
751 4235 971 4309 Chananaeis,
995 4245 1029 4301 et
1061 4236 1116 4299 hic
1145 4238 1205 4300 dat
1236 4234 1402 4299 Dominus

249 4338 386 4420 judicia,
405 4348 438 4403 et
460 4350 534 4403 orta
557 4350 609 4405 est
631 4340 752 4404 seditio
776 4339 918 4415 Chorae,
938 4350 972 4404 et
993 4339 1138 4405 fronduit
1157 4341 1252 4421 virga
1272 4338 1401 4415 Aaron,

252 4453 286 4506 et
320 4442 425 4507 multa
460 4444 526 4507 alia
555 4444 643 4509 iacta
675 4455 761 4522 sunt,
791 4445 877 4509 sicut
907 4465 929 4508 a
960 4445 1057 4509 tertio
1091 4444 1223 4508 decimo
1252 4443 1400 4525 capitulo

253 4547 476 4611 Numerorum
493 4549 526 4611 in
542 4549 735 4613 vicesimum
752 4560 871 4631 patens
886 4560 946 4614 est

295 4651 474 4735 Postquam
490 4654 663 4718 exiverunt
674 4656 843 4718 desertum
854 4654 992 4729 Pharan,
1003 4654 1223 4717 transiverunt
1239 4654 1346 4739 magis
1356 4653 1400 4718 ad
