3575 5375
725 664 806 722 92
1174 650 1486 709 OPERIS
1534 652 1912 722 MAJORJS
1959 652 2188 712 PARS
2249 653 2578 712 TERTIA.

733 812 949 894 prima
1007 812 1267 894 syllaba
1311 825 1378 877 et
1426 824 1525 879 est
1573 815 1991 894 lacticinium,
2036 818 2217 898 quod
2277 836 2318 879 a
2376 816 2547 880 bove
2606 817 2805 880 venit.
2898 815 3033 881 Sed

730 915 928 1000 longe
958 928 1108 980 sunt
1143 918 1427 1002 majores
1460 940 1709 984 errores
1734 921 1914 1003 apud
1949 920 2211 992 multos
2238 931 2307 985 et
2343 920 2719 1002 ignorantia
2742 920 3037 984 veritatis

730 1022 909 1102 apud
940 1041 1169 1085 omnes
1204 1023 1375 1087 circa
1416 1034 1745 1088 accentus,
1839 1023 1973 1089 Sed
2025 1024 2237 1107 major
2277 1025 2642 1107 disputatio
2687 1025 3037 1108 requiritur

730 1144 930 1206 quam
969 1146 1277 1208 praesens
1308 1128 1630 1210 scriptura
1662 1129 1964 1193 concedit
1984 1127 2028 1190 ¹.

818 1226 1038 1293 ²Cum
1086 1230 1225 1313 jam
1291 1233 1700 1297 manifestavi
1751 1234 2093 1316 quomodo
2146 1233 2442 1314 cognitio
2504 1234 2875 1315 linguarum
2943 1233 3032 1297 sit

734 1335 1099 1398 necessaria
1132 1336 1389 1400 Latinis
1424 1346 1693 1421 propter
1724 1339 2016 1402 studium
2050 1338 2410 1420 sapientiae
2448 1337 2827 1401 absolutum
2861 1357 3037 1400 nunc

733 1438 886 1501 volo
912 1439 1246 1504 declarare
1269 1444 1613 1523 quomodo
1638 1452 1900 1527 oportet
1925 1463 2078 1506 eum
2099 1441 2325 1506 haberi
2351 1452 2618 1525 propter
2641 1443 3036 1525 sapientiam

391 1541 710 1656 tltr’nffirtanoe
736 1554 1191 1626 comparatam
1240 1546 1324 1609 ad
1371 1547 1500 1610 Dei
1547 1547 1917 1611 Ecclesiam
1961 1556 2030 1610 et
2073 1566 2210 1609 rem
2258 1545 2591 1629 publicam
2638 1545 2930 1611 fidelium
2971 1555 3039 1610 et

394 1670 594 1721 church
621 1669 679 1718 of
737 1647 1189 1712 confusionem
1240 1650 1604 1715 infidelium
1654 1660 1721 1715 et
1767 1671 1994 1715 eorum
2028 1650 2560 1733 reprobationem
2604 1651 2717 1732 qui
2748 1650 3037 1715 converti

389 1737 644 1853 ζὶῑῐὲξὶῗὲζῧΰ
736 1772 866 1815 non
901 1762 1193 1835 possunt.
1290 1754 1464 1818 Nam
1497 1756 2016 1838 quadrupliciter
2055 1755 2120 1818 in
2164 1754 2258 1819 eis
2296 1755 2665 1818 necessaria
2705 1763 2807 1818 est
2836 1754 3039 1819 eccle·

582 1840 597 1863 ’
735 1857 886 1933 siae,
909 1858 1126 1939 primo
1148 1857 1453 1923 videlicet
1486 1870 1755 1943 propter
1784 1860 2070 1924 officium
2103 1860 2419 1939 divinum,
2451 1880 2532 1923 eo
2563 1860 2743 1943 quod
2771 1858 3040 1923 Graecis

738 1969 805 2024 et
853 1962 1177 2027 Hebraeis
1209 1974 1275 2026 et
1311 1963 1667 2028 Chaldaeis
1700 1974 1976 2028 utuntur
2015 1965 2080 2028 in
2114 1962 2332 2027 officio
2375 1963 2546 2026 sicut
2577 1964 2643 2026 in
2679 1962 3039 2045 Scriptura.

397 2072 473 2132 (1)
501 2071 581 2147 sor·
599 2086 681 2119 ex·
743 2064 834 2128 Et
878 2065 1069 2148 plura
1121 2068 1481 2150 accipimus
1534 2089 1816 2151 quorum
1885 2068 2226 2152 Scriptura
2284 2088 2418 2130 non
2481 2066 2637 2131 facit
2698 2087 2911 2142 usum,
2970 2075 3042 2129 ut

392 2137 672 2267 g}¹³¹1¹i't²²J,¹.}¹>¹.,
736 2168 935 2250 agioS,
988 2169 1222 2246 atheos,
1270 2172 1635 2249 athanatos,
1685 2174 1941 2250 tls-hiras,
1972 2193 2185 2255 ymas,
2233 2173 2483 2250 eleison,
2526 2181 2593 2235 et
2638 2171 3041 2254 hujusmodi.

741 2273 910 2338 Cum
937 2296 1096 2358 ergo
1129 2277 1507 2360 ignoramus
1539 2279 1932 2361 scripturam
1965 2287 2032 2342 et
2064 2278 2671 2360 pronuntiationem
2697 2285 2941 2341 rectam
2974 2283 3044 2339 et

739 2399 1004 2443 sensum
1054 2381 1337 2444 multum
1380 2381 1725 2447 deficimus
1770 2404 1812 2447 a
1855 2384 2135 2447 veritate
2181 2391 2249 2447 et
2295 2381 2655 2445 devotione
2696 2378 3042 2463 psallendi.

742 2484 919 2546 Nam
959 2483 1291 2565 loquimur
1324 2485 1495 2550 sicut
1533 2488 1678 2570 pica
1718 2497 1785 2550 et
1828 2488 2148 2569 psittacus
2192 2496 2258 2551 et
2302 2485 2462 2549 talia
2502 2486 2696 2549 bruta
2729 2482 3044 2548 animalia

741 2607 912 2669 quae
944 2609 1141 2652 voces
1183 2590 1496 2655 emittunt
1536 2591 1883 2668 humanaS,
1913 2593 2031 2656 sed
2081 2611 2201 2655 nec
2247 2599 2426 2654 recte
2470 2588 2887 2673 proferuntur
2924 2607 3043 2651 nec

744 2692 1201 2776 intelliguntur
1260 2716 1432 2777 quae
1491 2696 1817 2762 dicuntur.
1911 2696 2137 2780 Quum
2198 2696 2375 2760 enim
2435 2696 2714 2758 dicimus
2780 2692 3044 2758 alleluia

743 2796 1052 2861 infinities
1090 2799 1155 2862 in
1198 2819 1391 2874 ann0‚
1426 2800 1692 2865 deceret
1735 2800 2019 2866 multum
2054 2812 2119 2866 et
2162 2800 2507 2883 expediret
2546 2809 2618 2862 ut
2655 2817 2888 2863 omnes
2927 2818 3046 2882 per

746 2910 959 2965 totam
1013 2902 1355 2966 ecclesiam
1415 2905 1770 2986 psallentes
1825 2907 2067 2970 scirent
2120 2905 2280 2988 quid
2337 2905 2471 2968 sint
2523 2905 2658 2968 duo
2705 2903 3045 2980 vocabula,

745 3006 995 3070 scilicet
1026 3006 1221 3070 allelu
1257 3018 1323 3071 et
1362 3010 1449 3072 ia.
1528 3009 1704 3073 Nam
1725 3008 1920 3074 allelu
1949 3009 2277 3092 significat
2310 3010 2485 3074 idem
2519 3011 2699 3091 quod
2725 3007 3045 3083 Laudare,

746 3119 814 3174 et
846 3110 914 3173 ia
946 3112 1222 3176 denotat
1252 3112 1631 3192 Dominum,
1662 3135 1869 3197 quum
1903 3125 2003 3179 est
2045 3136 2247 3178 unum
2287 3115 2371 3178 de
2401 3114 2629 3178 decem
2665 3112 3044 3175 nominibus

749 3215 895 3290 Dei,
942 3215 1110 3278 sicut
1160 3216 1615 3301 Hieronymus
1671 3220 1894 3283 scribit
1948 3220 2033 3283 ad
2084 3217 2513 3292 Marcellum3
2576 3228 2643 3282 et
2698 3217 3049 3299 praecipue

745 3319 1072 3402 significat
1114 3322 1522 3397 invisibilem,
1552 3332 1620 3386 et
1654 3323 1839 3387 Deus
1875 3333 1975 3387 est
2012 3323 2308 3386 maxime
2342 3320 2702 3385 invisibilis.
2794 3320 3045 3384 Verum

748 3444 877 3486 non
923 3426 1371 3508 quodcunque
1416 3428 1760 3505 invisibile,
1803 3427 1919 3490 sed
1963 3427 2182 3490 Deum
2229 3426 2551 3509 designat.
2645 3424 2737 3489 Et
2781 3444 2932 3488 cum
2981 3425 3048 3487 in

748 3529 928 3591 omni
978 3529 1182 3593 Missa
1238 3530 1519 3595 dicimus
1567 3530 1857 3610 Osanna,
1902 3531 2066 3594 haec
2112 3531 2318 3593 dictio
2378 3539 2479 3594 est
2533 3529 2907 3612 composita
2959 3549 3047 3591 ex

747 3642 1061 3714 corrupto
1094 3643 1160 3696 et
1192 3634 1470 3717 integro.
1554 3635 1732 3698 Nam
1766 3646 1841 3700 ut
1877 3635 2330 3718 Hieronymus
2364 3635 2527 3698 dicit
2558 3633 2640 3698 ad
2679 3634 3049 3697 Damasum

751 3735 1019 3818 Papam,
1047 3737 1141 3800 Os
1164 3748 1263 3801 est
1288 3739 1462 3803 idem
1489 3743 1668 3822 quod
1698 3739 2024 3820 Salvifica,
2049 3749 2114 3802 et
2146 3761 2324 3802 anna
2353 3749 2453 3801 est
2478 3739 2793 3801 indicatio
2817 3738 3050 3818 depre-

748 3840 977 3916 cantis,
1001 3843 1362 3905 secundum
1388 3844 1569 3924 quod
1604 3865 1719 3925 per
1748 3844 1946 3927 aleph
1981 3844 2289 3907 scribitur
2311 3842 2567 3926 syllaba
2599 3842 2839 3924 prima;
2872 3843 3053 3904 unde

756 3942 1090 4023 significat
1138 3945 1313 4008 idem
1361 3949 1559 4028 quod,
1602 3946 1793 4011 salva
1857 3948 2169 4029 deprecor.
2260 3948 2436 4011 Nam
2500 3946 2689 4011 aliter
2746 3945 3055 4008 scribitur

757 4047 967 4128 prima
998 4047 1257 4129 syllaba
1301 4071 1421 4132 per
1463 4072 1499 4115 e
1539 4050 1819 4128 literam,
1851 4061 1918 4115 et
1963 4063 2116 4115 tunc
2157 4049 2481 4133 significat
2522 4048 3051 4132 conjunctionem

750 4152 930 4233 quod
964 4151 1243 4217 Latinus
1273 4174 1489 4218 sermo
1522 4177 1655 4220 non
1691 4157 1912 4221 habet.
2009 4156 2099 4219 Et
2131 4175 2281 4219 cum
2320 4154 2676 4238 gloriosam
2709 4153 3051 4236 Virginem

822 4379 835 4406 ¹
868 4379 982 4427 The
1020 4379 1214 4440 subject
1255 4381 1315 4428 os
1346 4384 1698 4431 accentuation
1743 4382 1786 4432 is
1826 4383 2025 4431 treated
2058 4381 2186 4431 with
2231 4397 2374 4430 some
2416 4381 2628 4430 fullness
2670 4380 2723 4429 in
2759 4381 2846 4428 the
2883 4380 3058 4429 Greek

752 4474 1006 4520 grammar
1027 4458 1097 4520 by
1123 4460 1300 4508 Bacon
1336 4464 1614 4522 preserved
1653 4463 1702 4510 in
1739 4462 1945 4522 Corpus
1969 4461 2159 4509 Christi
2192 4461 2423 4522 College,
2451 4460 2687 4521 Oxsord;
2719 4459 2822 4508 and
2857 4458 2969 4508 also
3003 4461 3056 4508 in

754 4537 1117 4599 Compendium
1140 4537 1326 4596 Stadii,
1350 4555 1459 4602 cap.
1485 4541 1536 4588 xi
1562 4540 1816 4602 (Brewer,
1843 4554 1930 4600 pp.
1956 4540 2229 4602 508-514).

817 4614 837 4642 ²
868 4616 951 4664 All
987 4617 1098 4665 that
1134 4617 1354 4678 follows,
1378 4625 1432 4665 to
1466 4619 1555 4666 the
1592 4618 1694 4666 end
1724 4617 1782 4666 os
1811 4617 1934 4666 Part
1965 4617 2061 4679 111,
2087 4618 2131 4666 is
2166 4617 2380 4666 omitted
2413 4617 2462 4665 in
2498 4617 2678 4678 Jebb's
2712 4615 2928 4678 edition,
2952 4617 3057 4664 and

754 4694 847 4743 has
868 4694 998 4744 been
1024 4696 1258 4744 roetored
1282 4696 1407 4745 here
1430 4696 1557 4744 from
1580 4696 1688 4757 Jul.
