3575 5375
585 629 850 689 LINGUARUM
874 630 1085 691 COGNITIO.
1371 646 1408 709 77

253 788 332 872 quia
355 788 467 854 Latini
490 810 556 853 non
582 791 709 855 habent
731 791 915 855 articulum.
963 792 1050 855 Nam
1075 794 1155 858 satis
1178 793 1353 859 innotescit
1376 795 1408 857 in

255 892 392 957 Gallico.
441 893 544 958 Unde
570 915 645 959 curn
672 893 793 960 dicitur
817 896 961 984 Parisios
984 896 1030 960 Li
1049 899 1115 961 reis
1138 908 1220 973 vent,
1244 899 1306 963 iste
1328 898 1408 962 arti·

253 997 346 1061 culus
367 996 391 1060 li
414 997 569 1081 designat
591 999 761 1081 proprium
785 1009 819 1063 et
841 1018 955 1062 verum
980 1018 1089 1083 regem
1117 1002 1193 1066 talis
1216 1001 1290 1079 loci,
1313 1001 1408 1083 quasi

250 1101 341 1185 'regis
357 1101 526 1167 Franciae.
572 1102 619 1165 Et
637 1122 704 1165 non
720 1104 883 1167 sufficeret
899 1102 963 1166 hoc
979 1113 1015 1168 ut
1037 1104 1209 1169 denotaret
1225 1106 1407 1169 adventum

254 1206 340 1288 regis
355 1204 508 1289 Angliae.
555 1204 675 1270 Nullus
690 1205 778 1269 enim
795 1207 919 1271 diceret
936 1208 979 1270 de
999 1228 1076 1291 rege
1091 1207 1236 1293 Angliae
1253 1209 1409 1272 veniente

254 1308 408 1386 Parisius,
423 1308 471 1373 Li
491 1310 557 1372 reis
576 1319 660 1384 vent,
674 1311 734 1373 sed
754 1309 950 1392 adjungeret
970 1311 1060 1375 aliud
1082 1313 1203 1389 dicens,
1223 1311 1271 1376 Li
1283 1313 1350 1376 reis
1368 1312 1409 1376 de

253 1411 432 1495 Engletere
449 1422 534 1477 vent.
580 1412 626 1479 Et
647 1413 721 1477 ideo
742 1414 900 1477 articulus
921 1415 1010 1478 solus
1028 1416 1149 1479 sufficit
1171 1417 1214 1480 ad
1235 1418 1406 1481 veritatem

253 1527 288 1580 et
310 1516 549 1598 proprietatem
572 1518 619 1579 rei
642 1516 685 1580 de
699 1537 766 1598 qua
781 1528 833 1581 est
847 1537 956 1582 sermo
972 1519 1222 1600 designandam.
1269 1520 1408 1602 Propter

254 1622 345 1703 quod
363 1619 574 1703 Augustinus
594 1621 676 1685 dicit
695 1622 786 1703 quod
808 1620 971 1685 Graecum
991 1623 1056 1687 hoc
1077 1622 1120 1687 sit
1141 1626 1305 1704 πρόσωπον
1326 1628 1407 1704 θεοῦ,

253 1724 344 1807 quod
359 1726 392 1787 in
410 1724 539 1788 Graeco
554 1732 653 1788 sonat
672 1744 843 1809 prosopon
858 1726 958 1805 theu;
981 1746 1057 1789 cum
1078 1728 1217 1791 articulo
1237 1728 1325 1793 enim
1341 1750 1407 1793 non

253 1829 308 1907 sic,
324 1848 493 1912 prosopon
509 1840 545 1893 tu
562 1828 649 1906 theu,
666 1829 829 1908 πρόσωπον
848 1834 901 1891 τοῦ
922 1834 1001 1896 θεοῦ.
1047 1831 1218 1914 Prosopon
1232 1832 1286 1897 hic
1305 1833 1407 1914 signi-

254 1931 331 1997 ficat
360 1932 491 1996 vultum
519 1933 571 1995 vel
602 1932 730 1997 faciem.
776 1933 872 1996 Theu
908 1944 958 1998 est
988 1936 1155 2017 genitivus
1184 1957 1280 2002 casus
1310 1938 1406 2019 hujus

254 2038 397 2100 nominis
427 2036 523 2100 theos
553 2038 643 2119 quod
673 2045 725 2099 est
748 2036 849 2112 Deus,
875 2048 910 2101 et
936 2048 972 2101 tu
1000 2049 1050 2103 est
1075 2039 1231 2104 articulus
1258 2043 1406 2125 genitivi.

255 2142 382 2225 Magna
404 2162 486 2224 ergo
512 2140 690 2205 necessitas
715 2152 768 2205 est
791 2150 828 2204 ut
851 2140 963 2204 Latini
991 2144 1094 2207 sciant
1117 2144 1245 2226 linguas
1271 2154 1407 2227 propter

254 2247 344 2311 dicta
358 2256 547 2311 sanctorum
564 2255 598 2309 et
613 2255 819 2308 caeterorum
834 2246 1031 2327 sapientum.

298 2351 406 2416 Sexta
438 2351 522 2414 ratio
552 2358 603 2413 est
633 2350 770 2433 propter
799 2369 946 2413 errorum
982 2350 1164 2416 falsitatum
1203 2352 1404 2418 infinitarum
1419 2371 1537 2422 Theren

253 2457 490 2520 correctionem
506 2455 539 2517 in
556 2464 654 2517 textu
670 2464 741 2518 tam
757 2453 947 2538 theologiae
962 2473 1063 2535 quarn
1082 2456 1323 2539 philosophiae,
1338 2478 1404 2521 non
1418 2438 1547 2553 hiiifhas

253 2558 362 2624 solum
394 2560 426 2622 in
458 2558 561 2635 litera,
590 2560 649 2623 sed
680 2559 713 2622 in
743 2578 851 2621 sensu.
897 2557 995 2640 Quod
1027 2570 1140 2624 autem
1170 2563 1330 2626 correctio
1361 2563 1404 2626 sit
1418 2568 1519 2619 become

253 2664 443 2741 necessaria,
465 2664 573 2745 probo
599 2684 659 2746 per
684 2663 903 2746 corruptionis
930 2664 1202 2749 magnitudinem.
1248 2665 1295 2729 Et
1321 2686 1403 2749 quo·
1416 2634 1552 2768 ξξᾙιγ

254 2769 343 2832 niam
369 2767 548 2832 violentius
575 2778 608 2831 et
637 2768 851 2850 periculosius
876 2779 1003 2833 erratur
1029 2772 1062 2833 in
1089 2780 1186 2836 textu
1211 2770 1274 2833 Dei
1301 2791 1402 2853 quam

253 2885 351 2937 textu
382 2871 622 2956 philosophiae,
654 2872 730 2935 ideo
759 2883 951 2937 convertam
985 2873 1172 2957 linguarum
1203 2885 1403 2957 potestatem

254 2979 296 3040 ad
323 2978 570 3061 corruptionem
594 2986 713 3040 textus
742 2977 836 3057 sacri,
862 2987 900 3041 nt
930 2989 1045 3062 pateat
1075 2980 1253 3046 necessitas
1280 3002 1404 3058 earum,

254 3078 413 3166 propter¹
428 3081 672 3163 corruptionem
695 3079 857 3144 infinitam
878 3083 1081 3165 exemplaris
1101 3085 1226 3168 vulgati
1247 3086 1337 3167 quod
1353 3097 1404 3150 est

255 3187 446 3250 Parisiense.
493 3187 538 3249 Et
562 3185 655 3250 Deus
680 3185 773 3248 novit
798 3187 888 3268 quod
916 3188 995 3250 nihil
1022 3199 1091 3252 tam
1115 3189 1226 3252 valida
1252 3190 1404 3273 indigens

253 3292 459 3375 correptione
488 3299 599 3374 potest
623 3289 843 3371 Apostolicae
874 3289 954 3355 Sedi
984 3293 1184 3374 praesentari
1211 3293 1296 3356 sicut
1322 3294 1403 3357 haec

253 3395 421 3478 corruptio
442 3393 579 3457 infinita.
625 3394 715 3457 Nam
739 3393 833 3458 litera
856 3395 980 3477 ubique
1003 3396 1036 3458 in
1063 3395 1245 3477 exemplari
1267 3397 1404 3479 vulgato

253 3501 336 3567 falsa
358 3513 421 3576 est,
436 3510 470 3565 et
491 3501 519 3564 si
543 3500 638 3565 litera
660 3501 704 3565 sit
726 3500 810 3564 falsa
830 3500 882 3563 vel
904 3502 1014 3578 dubia,
1028 3511 1106 3566 tunc
1130 3521 1245 3567 sensus
1267 3501 1402 3565 literalis

253 3616 288 3670 et
303 3605 481 3688 spiritualis
498 3603 675 3670 falsitatem
690 3617 725 3670 et
739 3606 982 3670 dubitationem
999 3605 1198 3670 ineffabilem
1211 3607 1403 3686 continebit,

254 3712 343 3792 quod
358 3710 437 3774 volo
452 3730 539 3772 nunc
554 3711 728 3774 ostendere
745 3711 816 3774 sine
830 3711 1091 3775 contradictione
1109 3711 1266 3793 possibili.
1313 3711 1343 3774 N
1347 3732 1401 3776 am

253 3814 464 3899 Augustinus
489 3822 605 3877 contra
631 3814 791 3877 Faustum
818 3815 911 3890 dicit,
938 3813 994 3879 ‘Si
1019 3816 1181 3880 discordia
1211 3817 1244 3878 in
1274 3816 1403 3881 Latinis

252 3918 422 3983 codicibus
443 3928 502 3993 est,
518 3919 751 3982 recurrendum
775 3929 825 3983 est
847 3920 890 3983 ad
914 3920 1069 4002 antiquos
1091 3929 1125 3984 et
1147 3920 1266 4001 plures.
1313 3921 1402 3985 Nam

253 4023 380 4104 antiqui
406 4022 633 4106 praeponendi
655 4034 733 4087 sunt
756 4024 859 4101 novis,
881 4033 917 4088 et
938 4023 1048 4107 plures
1072 4023 1282 4106 paucioribus
1308 4045 1403 4107 prae·

286 4192 295 4221 ¹
313 4191 389 4241 From
406 4191 471 4241 bere
485 4198 513 4241 to
527 4193 573 4241 the
589 4193 640 4241 end
657 4193 687 4242 of
700 4194 745 4242 the
762 4193 896 4255 following
909 4201 1042 4256 sentence,
1055 4195 1174 4258 supplied
1191 4195 1256 4245 from
1267 4195 1319 4257 Jul.
1346 4196 1402 4246 The

254 4270 402 4334 cormption
418 4270 449 4318 of
461 4271 507 4320 the
519 4270 627 4320 Biblical
643 4279 699 4321 text
711 4273 735 4320 is
746 4272 809 4334 fully
820 4273 954 4322 discussed
970 4273 995 4322 in
1008 4274 1052 4322 the
1066 4273 1138 4338 Opus
1147 4273 1244 4336 Minus,
1258 4275 1341 4323 under
1357 4277 1402 4324 the

253 4351 320 4399 head
332 4349 362 4398 of
369 4350 414 4398 the
426 4349 482 4398 fifth
494 4351 536 4398 sin
547 4350 577 4399 of
588 4350 724 4413 Theology
735 4351 863 4412 (Brewer,
876 4367 919 4414 pp.
932 4352 1067 4414 330-349).
1102 4352 1154 4401 See
1165 4353 1220 4401 also
1231 4354 1275 4401 the
1286 4353 1402 4402 valuable

254 4427 364 4478 ldemoir
375 4428 405 4478 of
414 4427 488 4478 abbe
500 4427 603 4490 ldmin,
617 4427 657 4478 La
671 4429 777 4493 Vulgum
786 4429 877 4478 Latine
888 4447 925 4479 au
938 4431 995 4479 arii*
1013 4429 1079 4480 sr'e'clr
1093 4429 1194 4494 d‘apn's
1209 4431 1294 4494 Roger
1308 4431 1402 4481 Bonan.

253 4507 341 4559 Paris:
363 4507 556 4565 ldaisonneuve,
575 4509 646 4557 1888.
687 4507 743 4556 The
761 4507 888 4570 exemplar
905 4508 1048 4558 Pansam
1067 4524 1176 4571 appears
1199 4517 1226 4557 to
1249 4510 1314 4557 have
1336 4509 1402 4558 been

252 4603 268 4634 a
279 4593 335 4634 text
345 4601 410 4648 very
422 4586 562 4649 carelessly
574 4585 701 4650 compiled
711 4587 789 4636 ahorn
802 4589 935 4650 1230,!nd
947 4587 1071 4650 probably
1080 4603 1145 4648 very
1154 4587 1294 4648 carelessly
1303 4587 1405 4650 copied,

253 4673 281 4714 to
292 4672 361 4714 meet
371 4665 417 4713 tbe
427 4665 554 4714 demands
564 4665 594 4713 of
602 4666 647 4714 the
658 4667 792 4716 multitude
803 4665 834 4715 of
840 4667 960 4715 students
970 4666 1033 4715 vvbo
1044 4679 1115 4716 were
1127 4666 1238 4728 ssocking
1248 4674 1277 4715 to
1289 4665 1370 4718 Paris.
