3575 5375
700 616 990 676 GEOGRAPHIA.
1359 628 1420 690 317

312 783 359 847 Et
377 782 411 846 hi
429 801 545 847 omnes
567 785 611 847 ab
634 803 757 848 oceano
784 793 817 847 et
842 782 994 848 Gadibus
1017 803 1122 866 usque
1147 784 1189 847 ad
1215 779 1418 864 provinciam
1433 791 1566 855 cantage.

270 887 580 970 Carthaginensium
617 887 822 954 habitabant.
881 887 972 952 Nam
1010 888 1192 953 secundum
1225 884 1419 951 Sallustium

270 1004 387 1076 postea
414 992 596 1059 Phoenices
622 995 750 1080 imperii
780 996 933 1080 cupidine
963 995 1046 1061 moti
1070 1017 1090 1060 a
1114 995 1208 1079 Tyro
1234 1003 1267 1057 et
1295 989 1421 1055 Sidone

269 1098 438 1162 venientes
461 1097 534 1163 loca
552 1098 686 1165 Africae
707 1102 907 1175 invaserunt,
923 1110 956 1164 et
978 1100 1143 1164 Numidas
1163 1120 1203 1164 ac
1223 1095 1363 1162 Getulos
1385 1102 1419 1157 et

269 1212 419 1266 caeteros
442 1202 618 1269 Africanos
643 1215 904 1281 coarctaverunt,
928 1214 962 1269 et
986 1203 1224 1287 Carthaginem
1250 1203 1320 1266 sive
1343 1218 1418 1281 pro-

269 1305 411 1369 vinciam
435 1305 658 1387 firmaverunt,
677 1311 709 1374 in
731 1330 798 1392 qua
819 1321 897 1374 sunt
915 1311 1067 1389 Punicae,
1082 1310 1116 1373 id
1137 1320 1198 1379 est,
1216 1306 1420 1371 Phoeniceae

270 1408 420 1474 civitates
436 1413 574 1489 nobiles,
589 1415 712 1479 scilicet
730 1416 854 1498 Hippo,
870 1415 988 1479 civitas
1004 1415 1093 1480 beati
1108 1412 1301 1496 Augustini,
1318 1409 1419 1474 Utica
1537 1411 1544 1422 “

270 1513 405 1578 Catonis
428 1518 548 1600 magni,
571 1519 739 1602 Carthago
761 1540 848 1602 quae
870 1529 1029 1603 tanquam
1053 1519 1164 1583 Roma
1185 1517 1290 1581 altera
1311 1506 1420 1602 [suit].
1449 1529 1455 1542 ’

272 1615 375 1700 Cujus
387 1621 560 1704 imperium
580 1626 825 1689 extendebatur
834 1644 948 1689 versus
961 1623 1158 1708 Aegyptum
1171 1643 1275 1704 usque
1289 1620 1332 1686 ad
1348 1638 1421 1682 aras

272 1721 493 1798 Philenorum
517 1748 616 1810 quam
643 1739 824 1810 posuerunt
850 1727 938 1791 lxxii
964 1729 1161 1809 interpretes
1187 1727 1220 1789 in
1240 1722 1421 1799 Ezechiele,

271 1827 328 1891 ubi
356 1829 546 1895 Hebraeum
571 1831 671 1897 habet
693 1833 849 1910 Tharsus,
870 1834 957 1897 sicut
983 1833 1064 1898 dicit
1088 1831 1315 1912 Hieronymus
1337 1829 1422 1892 libro

274 1929 450 2012 Locorum,
460 1945 494 1999 et
509 1957 576 2001 non
591 1936 699 2001 solum
716 1938 770 2016 ibi,
781 1939 839 2001 sed
852 1939 937 2000 xxiii
949 1937 1057 2002 Isaiae
1071 1947 1105 2001 et
1120 1937 1242 2019 pluries
1256 1934 1344 2000 alibi.
1376 1932 1422 1995 Et

273 2039 368 2100 xxvii
385 2038 569 2105 Ezechielis
584 2041 726 2106 habetur
741 2044 782 2106 de
798 2041 1126 2126 Carthaginensibus.

318 2141 450 2208 Deinde
474 2147 621 2229 sequitur
647 2146 738 2228 regio
762 2146 972 2230 Tripolitana
997 2166 1111 2210 eorum
1137 2144 1195 2226 qui
1222 2142 1422 2225 Byzantium
1437 2143 1555 2209 Tripolis.

273 2245 431 2324 incolunt,
446 2269 549 2330 quam
565 2250 660 2333 Tyrii
676 2262 709 2313 et
725 2248 929 2314 Sidonenses
948 2251 1168 2334 occupabant,
1183 2248 1272 2312 unde
1287 2257 1425 2310 vocatur

280 2348 398 2415 Africa
420 2352 473 2416 vel
498 2352 608 2435 Libya
634 2353 822 2432 Phoenices,
845 2355 923 2438 quia
948 2353 1128 2418 Phoenices
1155 2353 1199 2417 ibi
1224 2351 1424 2416 habitabant

274 2453 399 2519 scilicet
408 2454 503 2538 Tyrii
516 2466 549 2520 et
560 2456 769 2522 Sidonenses.
815 2455 919 2521 Terra
927 2457 1010 2522 haec
1019 2467 1071 2522 est
1080 2456 1256 2521 fertilitatis
1268 2454 1422 2530 eximiae,

275 2577 353 2622 nam
374 2560 587 2625 centesimam
608 2561 736 2644 frugem
759 2562 879 2640 reddit,
898 2573 935 2627 ut
958 2562 1039 2626 dicit
1061 2561 1192 2625 Plinius
1238 2560 1357 2642 Ibique
1373 2567 1425 2623 est

274 2662 330 2728 illa
347 2663 465 2747 Leptis
480 2685 602 2749 magna
617 2667 702 2731 inter
716 2668 799 2732 duas
817 2678 935 2749 syrtes,
951 2668 1112 2732 minorem
1133 2686 1153 2730 a
1173 2675 1268 2749 parte
1283 2662 1421 2730 Cartha·

274 2770 462 2853 ginensium
493 2780 527 2835 et
558 2772 718 2855 majorem
752 2794 772 2835 a
809 2782 905 2854 parte
935 2772 1105 2857 Aegypti:
1141 2793 1236 2855 quae,
1267 2770 1424 2836 Sallustio

276 2869 442 2947 referente,
462 2880 540 2935 sunt
563 2871 636 2937 loca
657 2874 783 2937 vadosa
805 2882 839 2937 et
865 2893 1012 2950 arenosa,
1026 2893 1114 2956 quae
1137 2894 1213 2937 cum
1239 2872 1425 2936 excitantur

276 2976 384 3039 ventis
400 2986 433 3039 et
449 2974 603 3041 fluctibus
618 2978 718 3042 maris
732 2987 881 3043 eructant
896 2978 1066 3061 pulverem
1082 2976 1244 3042 infinitum
1260 2987 1294 3041 et
1308 2996 1425 3039 arenas

275 3080 437 3163 copiosas,
470 3082 559 3145 unde
595 3090 703 3163 syrtes
739 3082 895 3146 dicuntur
931 3104 951 3145 a
985 3083 1149 3147 trahendo
1179 3104 1237 3146 seu
1267 3102 1288 3145 a
1318 3091 1425 3144 tractu

275 3205 447 3249 arenarum
482 3197 515 3249 et
546 3185 728 3267 pulverum.
791 3185 913 3267 Syrma
945 3187 1035 3249 enim
1066 3186 1192 3250 Graece
1220 3195 1272 3249 est
1301 3194 1426 3249 tractus

277 3288 406 3361 Latine,
424 3299 457 3351 et
479 3308 558 3369 syro
582 3290 669 3352 idem
694 3299 745 3353 est
770 3291 860 3373 quod
888 3290 1004 3353 traho:
1028 3292 1116 3353 unde
1139 3289 1329 3354 habitantes
1352 3286 1427 3352 loca

277 3402 383 3456 terrae
398 3394 553 3473 proxima
570 3393 765 3474 perturbant
779 3404 813 3458 et
829 3392 1046 3457 confundunt

321 3495 451 3559 Deinde
467 3497 615 3578 sequitur
630 3497 797 3579 provincia
813 3497 1070 3579 Pentapolitana
1093 3498 1193 3582 regio,
1206 3517 1293 3580 quae
1317 3495 1426 3577 Cyre·
1440 3504 1543 3567 Cyrene.

276 3600 387 3663 nensis
401 3600 522 3665 dicitur
537 3600 571 3663 in
586 3602 756 3683 scriptura,
772 3602 827 3666 ubi
844 3612 920 3664 sunt
940 3602 1085 3684 quinque
1100 3601 1251 3666 civitates
1273 3620 1426 3683 magnae,

276 3725 415 3787 quarum
432 3714 531 3786 caput
548 3702 678 3786 Cyrene
692 3706 821 3779 dicitur,
833 3706 876 3770 de
891 3726 958 3789 qua
972 3705 1006 3769 in
1021 3704 1194 3790 evangelio
1210 3706 1330 3782 Lucae,
1340 3714 1374 3769 et
1393 3706 1427 3766 in

277 3808 402 3887 Marco,
425 3829 463 3873 ac
488 3809 662 3874 Matthaeo
684 3809 832 3875 habetur.
878 3808 965 3875 Cum
989 3810 1154 3875 Dominus
1175 3810 1360 3875 ducebatur
1382 3810 1425 3873 ad

276 3913 465 3994 passionem
490 3914 779 3997 apprehenderunt
805 3914 978 3979 Simonem
1002 3916 1169 3997 quendam
1194 3914 1428 3998 Cyrenensem,

276 4016 336 4079 dte.
361 4017 408 4080 Et
421 4018 453 4079 in
464 4018 1095 4101 ActibusApostolorum,Surrexen1nt
1106 4019 1149 4083 de
1160 4039 1332 4102 synagoga
1343 4036 1429 4099 quac

277 4118 1426 4205 appellabaturLibertinorumetCyrenensium,&c.,etquartoregum

279 4224 320 4287 26
345 4225 474 4299 dicitur,
499 4227 588 4308 quod
614 4247 674 4289 rex
700 4226 918 4307 Assyriorum
941 4227 1109 4291 transtulit
1139 4226 1364 4291 Damascenos
1394 4224 1428 4287 in

278 4326 451 4408 Cyrenen;
472 4338 505 4391 et
520 4327 628 4391 Amos
643 4330 759 4409 quinto
777 4338 811 4391 et
826 4349 916 4392 nono
930 4330 1071 4394 habetur
1085 4331 1128 4393 de
1142 4350 1191 4392 ea.
1222 4328 1335 4411 Quum
1350 4347 1429 4391 vero

277 4449 353 4494 arae
370 4430 580 4496 Philenorum
597 4432 629 4495 in
646 4432 758 4496 multis
773 4433 941 4517 scripturis
960 4444 1151 4499 sanctorum
1167 4442 1200 4496 et
1216 4433 1426 4496 historiarum

278 4535 485 4616 reperiuntur
505 4544 538 4599 et
559 4534 750 4600 multotiens
770 4548 926 4620 corrupte
945 4537 1106 4621 leguntur,
1122 4548 1159 4601 ut
1180 4537 1332 4601 dicantur
1350 4557 1428 4601 arae

280 4637 538 4719 Philistinorum,
569 4651 706 4723 propter
734 4641 797 4706 hoc
829 4642 873 4707 ad
902 4641 1075 4707 vitandum
1105 4661 1248 4706 errorem
1278 4662 1344 4705 non
1375 4651 1427 4706 est
