3575 5375
669 611 959 671 aruchaeum.
1329 630 1388 691 323

235 772 329 837 ostiis
347 774 418 856 ejus
438 775 528 860 prius
543 774 640 840 dictis
657 795 724 838 non
739 775 855 858 incipit
871 773 983 852 fluere,
997 775 1055 839 sed
1077 795 1097 838 a
1117 777 1275 858 superiori
1291 787 1386 860 parte

236 875 269 938 in
286 879 379 942 ostia.

280 978 502 1064 Anaxagoras
532 1001 609 1044 vero
646 979 864 1062 philosophus
901 979 1027 1043 inducit
1058 981 1248 1062 opinionem
1280 975 1386 1060 magis
1401 997 1478 1047 saow

235 1083 443 1165 probabilem
473 1085 637 1162 omnibus,
662 1095 695 1148 et
722 1083 803 1148 dicit
828 1084 938 1147 nivem
962 1085 1120 1167 liquefieri
1144 1085 1177 1147 in
1202 1092 1329 1148 aestate
1352 1065 1527 1179 inffn‘fflfis

236 1188 404 1270 montibus
414 1187 625 1272 Aethiopiae,
636 1199 671 1252 et
682 1190 729 1252 sic
740 1188 854 1252 Nilum
868 1188 1179 1277 augmentari,sicut
1192 1188 1385 1263 Rhodanus,
1398 1211 1473 1257 goras
1485 1212 1521 1244 re

235 1301 268 1355 et
292 1293 409 1370 Padus,
429 1305 462 1357 et
488 1294 673 1372 Danubius,
703 1303 737 1357 et
766 1293 959 1376 hujusmodi
983 1291 1121 1358 flumina
1150 1314 1253 1377 prope
1277 1291 1385 1372 Alpes
1399 1261 1528 1375 llllslolle

235 1407 384 1462 crescunt
399 1418 443 1460 ex
459 1398 583 1462 nivium
599 1399 736 1482 liquore.
782 1396 851 1462 Sed
872 1398 956 1462 hanc
977 1398 1168 1482 opinionem
1185 1395 1385 1461 Aristoteles

234 1510 268 1565 et
296 1501 425 1567 Seneca
452 1512 574 1586 negant
597 1513 630 1568 et
656 1503 845 1585 reprobant.
889 1501 1091 1567 Aristoteles
1113 1523 1192 1566 vero
1215 1501 1384 1586 redarguit

235 1625 294 1687 per
315 1605 388 1684 hoc,
402 1607 492 1688 quod
516 1627 559 1671 ex
583 1606 688 1672 multa
712 1607 787 1670 nive
809 1626 927 1690 parum
950 1607 993 1670 de
1015 1627 1102 1690 aqua
1122 1616 1310 1690 generatur,
1325 1606 1384 1670 sed

234 1719 449 1792 augmentum
465 1710 535 1775 Nili
550 1719 601 1776 est
624 1713 817 1788 maximum,
832 1711 910 1794 quia
927 1712 1080 1793 regiones
1100 1711 1243 1776 infundit
1264 1710 1385 1775 latissi-

235 1835 307 1878 mas
322 1823 355 1878 et
370 1815 549 1898 aliquando
564 1837 668 1899 usque
683 1816 726 1879 ad
739 1815 873 1898 triginta
887 1814 1019 1880 cubitos
1033 1814 1227 1880 altitudinis.
1258 1815 1383 1879 Iterum

234 1917 330 1982 aliter
344 1921 472 2002 arguit3
494 1941 601 2004 aquae
617 1942 703 2005 quae
718 1922 824 1985 fluunt
839 1939 859 1982 a
874 1918 974 2002 longe
991 1927 1067 1984 sunt
1088 1918 1239 1983 fortiores
1256 1920 1290 1983 in
1308 1918 1382 1994 fine,

234 2022 320 2088 sicut
333 2026 423 2090 venti
439 2025 495 2107 qui
506 2048 526 2089 a
537 2025 717 2109 longinquo
727 2025 863 2088 veniunt
877 2045 885 2100 ;
909 2023 1011 2105 etqui
1023 2023 1066 2086 de
1080 2023 1267 2106 propinquo
1277 2023 1385 2089 fluunt

233 2137 311 2190 sunt
336 2128 590 2212 impetuosiores
615 2129 649 2192 in
675 2128 846 2213 principio,
892 2125 996 2208 Cujus
1022 2146 1123 2190 causa
1144 2129 1251 2190 estin
1276 2127 1383 2208 aquis,

233 2232 312 2312 quia
327 2233 361 2295 iu
377 2252 498 2314 magna
512 2233 671 2297 distantia
686 2241 884 2296 concurrunt
906 2230 1030 2296 multae
1051 2250 1158 2312 aquae
1175 2230 1208 2294 in
1230 2251 1332 2294 unum
1349 2241 1384 2296 et

234 2335 358 2399 imbres
374 2335 469 2400 multi
484 2337 568 2400 liunt
583 2345 618 2400 et
631 2357 771 2419 vapores
792 2335 888 2399 multi
908 2335 1069 2400 resultant
1084 2355 1129 2398 ex
1145 2343 1242 2413 terra,
1257 2345 1291 2398 et
1306 2335 1383 2400 ideo

233 2440 449 2504 fortificantur
460 2439 572 2504 omnia
583 2439 721 2505 flumina
731 2460 842 2505 versus
855 2439 955 2502 linem
967 2448 1001 2502 et
1016 2450 1094 2504 sunt
1107 2439 1270 2522 ampliora
1281 2460 1383 2522 quam

235 2543 269 2606 in
290 2544 472 2627 principi03
495 2545 596 2610 etsie
617 2547 660 2609 de
674 2547 782 2610 ventis
803 2554 940 2629 propter
954 2544 1262 2627 multiplicationem
1278 2566 1381 2628 vapo-

234 2668 306 2713 rum
329 2668 373 2712 ex
397 2649 535 2715 diversis
557 2650 637 2716 locis
658 2649 896 2715 confluentium
919 2651 953 2714 in
976 2670 1078 2714 unum
1101 2670 1221 2733 corpus
1247 2660 1383 2733 propter

233 2754 411 2818 distantiae
433 2755 662 2837 quantitatem.
709 2754 777 2820 Sed
801 2756 975 2820 inundatio
998 2755 1067 2819 Nili
1091 2763 1325 2839 augmentatur
1349 2754 1383 2818 in

234 2858 394 2942 principio
420 2869 454 2923 et
484 2860 591 2944 magis
619 2879 659 2924 ac
682 2860 789 2943 magis
819 2859 1013 2925 fortificatur
1038 2860 1081 2924 ad
1111 2870 1253 2943 tempus,
1277 2861 1383 2924 donec

232 2972 381 3045 tepescat
402 2964 434 3027 in
454 2964 528 3040 fine,
544 2974 581 3030 ut
597 2964 796 3029 Aristoteles
815 2964 895 3029 dicit
914 2974 948 3028 et
972 2964 1104 3041 Plinius,
1119 2974 1154 3029 et
1176 2965 1383 3048 experientia

232 3069 342 3132 docet.
390 3068 481 3151 Ergo
504 3090 570 3133 non
593 3069 730 3133 veniunt
752 3087 859 3150 aquae
881 3068 966 3131 istae
987 3089 1032 3133 ex
1054 3069 1245 3151 longinquo,
1266 3071 1325 3133 sed
1348 3079 1382 3132 ct

234 3184 364 3237 montes
386 3172 600 3257 Aethiopiae,
623 3174 680 3237 ubi
707 3172 912 3255 probabilius
939 3183 1052 3258 posset
1082 3174 1147 3237 dici
1173 3175 1264 3255 quod
1290 3173 1382 3237 nives

232 3278 413 3354 abundent,
432 3277 557 3342 distant
580 3278 762 3341 secundum
785 3278 901 3340 orbern
925 3298 946 3340 a
969 3277 1049 3341 Nilo
1072 3297 1132 3359 per
1152 3277 1214 3341 iter
1235 3276 1381 3361 quinque

232 3382 404 3444 mensium.
450 3380 542 3463 Ergo
575 3400 643 3444 non
673 3381 861 3445 causabitur
887 3380 1060 3445 inundatio
1091 3380 1159 3444 Nili
1187 3402 1208 3444 a
1239 3379 1378 3446 nivibus,

233 3483 342 3565 Major
351 3485 534 3568 propositio
546 3485 640 3549 istius
652 3485 839 3567 argumenti
852 3494 903 3549 est
913 3482 1137 3567 dignavalde3
1153 3504 1229 3549 nam
1239 3484 1379 3548 multam

231 3588 333 3652 habet
354 3588 535 3665 scientiam,
551 3589 708 3671 quicquid
733 3590 776 3652 sit
798 3590 841 3653 de
864 3590 990 3653 minore
1013 3589 1245 3672 propositione.
1292 3590 1379 3653 ltem

230 3692 311 3756 dicit
329 3694 417 3776 quod
441 3694 473 3757 in
494 3693 675 3775 plenilunio
695 3696 806 3758 omnia
826 3693 1002 3776 congelata
1025 3695 1201 3757 tabescunt
1223 3703 1257 3756 et
1279 3693 1380 3757 resol-

230 3806 352 3861 vuntur
374 3798 492 3880 magis,
507 3798 565 3861 sed
586 3798 683 3862 Nilus
706 3799 824 3862 crescit
846 3799 879 3861 in
902 3796 968 3862 fine
991 3798 1122 3874 mensis,
1136 3816 1217 3882 ergo
1239 3818 1306 3863 non
1329 3808 1381 3863 est

230 3923 274 3966 ex
292 3903 432 3966 nivibus.
478 3902 566 3967 Item
584 3903 682 3968 Nilus
697 3903 804 3987 magis
820 3902 892 3966 fluit
908 3903 1042 3985 quando
1057 3901 1116 3967 flat
1132 3903 1266 3983 Boreas,
1277 3924 1379 3987 quam

229 4002 364 4084 quando
379 4002 525 4080 Auster3
547 4003 607 4066 sed
626 4003 750 4068 Auster
766 4002 871 4086 magis
887 4001 1041 4068 dissolvit
1056 4003 1147 4067 nives
1161 4005 1240 4087 quia
1255 4006 1381 4070 calidus

230 4118 290 4171 est.
336 4104 514 4171 Caeterum
539 4106 739 4171 Aristoteles
761 4106 956 4189 dicit-quod
980 4107 1014 4171 in
1037 4106 1221 4192 Aethiopia
1244 4119 1381 4192 propter

230 4212 373 4276 calorem
403 4211 600 4285 maximum,
623 4211 680 4293 qui
711 4210 878 4274 comburit
905 4211 1028 4289 omnia,
1051 4231 1118 4275 nou
1142 4221 1282 4296 possunt
1308 4233 1381 4279 esse

228 4315 339 4391 nives3
361 4315 452 4398 quod
472 4312 569 4379 facile
584 4314 786 4379 credendum
803 4324 864 4378 est.
907 4314 954 4378 Et
968 4314 1021 4379 his
1036 4314 1162 4380 Seneca
1176 4317 1380 4383 concordans

227 4418 331 4492 addit,
345 4422 437 4501 quod
454 4418 546 4483 nives
564 4417 788 4482 dissolvuntur
803 4419 836 4482 in
852 4429 1005 4503 ternpore
1019 4440 1121 4483 verno
1141 4428 1176 4483 et
1194 4418 1380 4502 liquescunt

228 4531 337 4586 tactae
352 4534 540 4605 temperato
554 4523 664 4587 calore
678 4532 712 4587 et
733 4522 856 4587 iaciunt
879 4532 1084 4587 crementum
1103 4521 1299 4601 fluviorum3
1322 4527 1380 4590 sed

227 4626 319 4691 calor
339 4647 508 4710 nunquam
530 4635 735 4712 temperatus
755 4637 805 4691 est
826 4627 858 4690 in
877 4625 1058 4710 Aethiopia
1073 4638 1252 4710 antequam
1269 4630 1330 4692 erit
1347 4629 1379 4693 in

777 4743 802 4793 Y
818 4746 837 4795 2
