3575 5375
416 598 477 661 324
639 583 795 642 OPERIS
820 579 1008 652 MAJORIS
1033 580 1147 641 PARS
1171 579 1355 654 QUARTA.

415 746 545 828 hyeme.
591 745 688 810 Nilus
703 755 815 810 autem
833 754 909 829 post
930 744 1109 810 solstitium
1125 743 1241 809 crescit
1262 742 1428 810 aestivale.
1475 740 1571 826 Quid

413 869 492 914 vero
513 850 730 935 Pythagoras,
753 850 833 934 quid
858 849 1038 932 Diogenes,
1059 850 1139 932 quid
1168 849 1392 926 Democritus,
1409 847 1491 931 quid
1511 845 1570 911 alii

416 953 510 1017 multi
533 963 566 1018 et
589 954 701 1040 magni
724 953 913 1037 philosophi
935 954 1104 1029 senserint,
1121 974 1188 1018 non
1210 962 1262 1019 est
1286 971 1420 1018 necesse
1446 951 1479 1015 in
1504 950 1570 1014 hac

414 1059 625 1141 persuasione
641 1058 855 1142 praeambula
871 1059 1017 1124 recitare.

246 1181 389 1234 Aristonea
459 1162 527 1229 Sed
557 1164 715 1228 inseratur
743 1164 907 1229 sententia
930 1163 1125 1228 Aristotelis
1149 1184 1211 1247 pro
1238 1161 1395 1227 omnibus
1417 1159 1569 1233 dicentis,

245 1249 400 1314 nutheory.
414 1267 504 1350 quod
522 1268 554 1330 in
571 1268 754 1352 Aethiopia
770 1269 802 1332 in
818 1277 947 1332 aestate
961 1278 1076 1332 nostra
1090 1276 1168 1331 sunt
1184 1267 1309 1332 multae
1330 1266 1462 1351 pluviae
1477 1273 1511 1329 et
1532 1264 1567 1328 in

413 1371 535 1455 hyeme
550 1371 670 1451 nullae,
685 1383 719 1436 et
736 1372 832 1436 Nilus
845 1374 878 1436 in
894 1371 958 1436 illis
974 1372 1165 1454 regionibus
1180 1372 1293 1450 oritur,
1304 1371 1392 1435 unde
1407 1388 1567 1454 augmen·

413 1484 527 1540 tantur
552 1475 623 1558 ejus
644 1476 781 1559 paludes
807 1485 841 1541 et
864 1475 955 1542 lacus
967 1496 975 1554 ;
1005 1487 1040 1540 et
1061 1476 1165 1555 addit,
1183 1476 1275 1560 quod
1294 1475 1386 1540 venti
1408 1472 1566 1538 annuales

413 1579 623 1644 determinati
639 1582 671 1644 in
688 1590 815 1645 aestate
830 1589 865 1644 et
880 1580 1059 1645 orientales
1074 1581 1165 1658 flant,
1181 1590 1215 1645 et
1230 1582 1347 1663 sugant
1365 1577 1501 1643 nebulas
1520 1577 1564 1640 ad

414 1683 566 1767 regiones
596 1685 683 1748 unde
713 1686 811 1748 Nilus
841 1684 924 1763 fluit,
950 1704 1038 1768 quae
1062 1685 1290 1749 dissolvuntur
1312 1684 1345 1746 in
1369 1682 1460 1747 lacus
1482 1680 1565 1764 ejus,

413 1788 522 1854 Causa
558 1797 670 1854 autem
700 1808 802 1872 quare
831 1799 1068 1872 augmentatur
1099 1790 1131 1852 in
1162 1787 1228 1854 fine
1254 1788 1376 1854 mensis
1400 1788 1500 1853 datur
1520 1789 1565 1851 ab

413 1892 597 1956 Aristotele
616 1894 764 1959 secundo
785 1894 1019 1970 Posteriorum,
1033 1895 1112 1977 quia
1130 1891 1203 1958 finis
1226 1893 1347 1957 mensis
1368 1890 1493 1956 lunaris
1512 1901 1565 1954 est

412 1994 568 2079 frigidior,
589 2006 623 2061 et
645 1999 746 2081 lrigus
769 1997 968 2082 multiplicat
990 1997 1163 2062 humorem
1186 2007 1220 2062 et
1248 2006 1484 2080 augmentatur
1504 2014 1565 2079 per

413 2102 566 2181 Boream,
596 2103 675 2186 quia
705 2104 760 2166 ille
789 2111 908 2167 ventus
939 2101 1032 2186 lugat
1066 2106 1173 2170 nubes
1203 2102 1395 2167 naturaliter
1425 2110 1563 2184 propter

411 2207 572 2291 impetum
585 2228 691 2285 suum,
703 2209 781 2291 quia
792 2208 885 2272 venit
900 2209 944 2272 de
959 2228 1063 2291 prope
1075 2217 1211 2292 propter
1222 2206 1285 2270 hoc
1297 2206 1386 2290 quod
1399 2203 1563 2270 habitatio

410 2322 461 2378 est
483 2313 515 2375 in
539 2312 790 2394 septentrionali
812 2322 933 2394 quarta
953 2320 1069 2392 terrae,
1085 2322 1120 2377 et
1142 2313 1347 2397 impetuosus
1369 2319 1420 2374 est
1443 2309 1476 2373 in
1498 2307 1563 2372 hac

410 2426 539 2499 quarta,
565 2427 603 2480 nt
631 2415 830 2482 Aristoteles
857 2417 964 2494 docet,
988 2428 1022 2482 et
1049 2426 1185 2499 propter
1206 2419 1269 2481 hoc
1293 2415 1387 2497 lugat
1416 2424 1495 2479 ante
1525 2431 1563 2476 se

411 2522 525 2596 nubes,
548 2531 584 2584 ut
615 2522 806 2604 congregari
837 2521 968 2606 possint
997 2521 1029 2584 in
1061 2519 1238 2604 paludibus
1270 2519 1348 2597 Nili,
1374 2525 1562 2602 quaesunt

411 2625 504 2709 quasi
522 2625 862 2710 incomprehensibilis
879 2625 1123 2710 magnitudinis,
1139 2634 1177 2691 ut
1192 2626 1342 2710 superius
1357 2632 1484 2688 tactum
1501 2632 1562 2699 est,

412 2741 446 2795 et
468 2732 545 2795 ideo
569 2731 710 2795 multum
732 2731 867 2813 capiunt
889 2731 932 2795 de
954 2729 1027 2795 loco
1050 2732 1201 2808 nubium,
1216 2741 1249 2796 et
1270 2736 1410 2814 possunt
1433 2728 1481 2792 sic
1503 2748 1565 2810 per

411 2835 645 2899 resolutionem
662 2835 799 2900 nubium
816 2835 848 2897 in
866 2835 995 2919 pluvias
1010 2856 1118 2920 aquae
1132 2834 1353 2918 multiplicari.

242 2951 386 3031 objections
456 2937 524 3004 Sed
539 2940 623 3004 sicut
639 2939 807 3022 objectum
832 2950 883 3003 est
905 2950 1021 3005 contra
1046 2940 1128 3003 alias
1153 2941 1346 3024 positiones,
1369 2939 1417 3004 sic
1446 2946 1564 3001 contra

241 3025 307 3069 w*
410 3042 509 3108 istam
533 3042 602 3107 fieri
624 3052 744 3126 potest.
791 3043 879 3107 Nam
903 3065 979 3109 cum
1003 3055 1091 3109 terra
1112 3046 1156 3108 sit
1178 3043 1404 3109 inhabitabilis
1426 3051 1564 3125 propter

410 3147 563 3223 calorem,
579 3148 613 3214 id
629 3158 688 3223 est,
706 3149 868 3231 pessimae
883 3148 1097 3214 habitationis
1117 3170 1193 3213 cum
1213 3150 1256 3213 sit
1276 3150 1459 3223 combusta,
1476 3167 1563 3231 quo-

410 3253 512 3317 modo
527 3263 639 3337 potest
654 3254 699 3317 ibi
716 3272 788 3317 esse
802 3253 1009 3318 abundantia
1021 3253 1153 3337 pluviae
1168 3263 1202 3318 et
1218 3254 1366 3318 maxime
1376 3254 1410 3316 in
1422 3261 1563 3327 aestate,

408 3358 493 3422 sicut
503 3378 563 3422 nec
574 3358 674 3436 niveS,
684 3367 720 3423 ut
733 3358 803 3443 ipse
815 3356 1017 3423 Aristoteles
1028 3357 1143 3439 objicit
1155 3369 1270 3422 contra
1279 3359 1459 3422 secundam
1470 3356 1562 3440 posi-

407 3463 556 3526 tionem?
592 3462 638 3527 Et
652 3474 769 3528 contra
786 3463 930 3545 primam
947 3462 1134 3546 dicitquod
1152 3463 1241 3526 idem
1257 3462 1420 3526 accideret
1436 3461 1469 3524 in
1485 3459 1562 3525 aliis

409 3565 608 3645 fluminibus,
623 3576 657 3630 et
678 3569 771 3649 quod
797 3566 888 3630 venti
912 3566 1070 3630 annuales
1096 3587 1163 3630 non
1185 3585 1318 3649 semper
1340 3566 1475 3629 veniunt
1497 3586 1561 3629 suo

408 3680 569 3753 tempore.
602 3669 688 3734 Cum
705 3692 785 3754 ergo
801 3670 932 3753 pluviae
946 3670 1069 3734 suntin
1086 3671 1274 3754 regionibus
1286 3669 1400 3733 multis
1412 3670 1467 3733 ubi
1480 3678 1561 3733 sunt

410 3771 546 3837 flumina
559 3794 679 3855 magna
692 3784 725 3837 et
739 3776 829 3837 venti
842 3775 1008 3852 annuales,
1020 3783 1055 3839 et
1069 3786 1183 3839 tamen
1200 3794 1266 3838 non
1278 3774 1428 3838 videmus
1443 3772 1561 3855 hujus·

408 3876 499 3940 modi
522 3886 737 3961 augmentum
762 3876 808 3941 ibi
830 3878 1043 3960 contingere;
1079 3888 1113 3943 et
1143 3877 1266 3941 Boreas
1291 3877 1444 3942 similiter
1466 3876 1562 3959 lugat

407 3980 511 4044 nubes
523 3999 598 4045 cum
616 3978 732 4060 majori
745 3980 872 4062 impetu
884 3980 917 4044 in
928 3982 1117 4063 regionibus
1130 4002 1242 4065 prope,
1257 3982 1336 4064 quia
1348 3980 1457 4045 minus
1468 4001 1489 4044 a
1500 4002 1561 4045 sua

406 4084 532 4166 origine
547 4084 649 4148 distat
662 4105 669 4163 ;
693 4084 794 4166 igitur
809 4085 916 4168 magis
931 4095 1227 4168 augmentarentur
1242 4084 1379 4149 flumina
1394 4086 1428 4149 in
1439 4085 1561 4149 nostris

406 4188 595 4272 regionibus
626 4199 659 4252 et
689 4188 841 4253 similiter
874 4190 909 4251 in
940 4188 1006 4253 fine
1038 4192 1182 4266 mensis3
1218 4190 1277 4254 sed
1308 4210 1377 4253 non
1406 4189 1561 4253 videmus

405 4291 595 4375 hujusmodi
612 4303 838 4374 augmentum.
884 4293 997 4358 Dubia
1020 4295 1121 4376 igitur
1140 4305 1191 4358 est
1212 4293 1403 4359 Aristotelis
1429 4294 1561 4377 positio,

404 4398 489 4462 sicut
511 4397 661 4461 aliorum.
707 4396 922 4481 Quapropter
946 4398 1179 4463 difficillimum
1206 4409 1258 4462 est
1281 4400 1419 4463 reddere
1441 4419 1560 4463 causas

404 4500 502 4584 hujus
516 4501 686 4586 augmenti
703 4501 888 4586 singularis,
901 4505 990 4586 quod
1008 4522 1075 4567 non
1090 4514 1140 4567 est
1157 4503 1220 4566 nisi
1236 4504 1267 4565 in
1282 4502 1361 4566 Nilo
1376 4505 1559 4567 secundum

404 4604 631 4687 Aristotelem,
642 4607 694 4672 vel
711 4608 830 4673 saltem
845 4608 1029 4671 secundum
1046 4606 1187 4673 Plinium
1203 4615 1334 4673 nonest
1350 4607 1412 4671 nisi
1429 4606 1461 4670 in
1478 4606 1559 4670 Nilo
