<?xml version="1.0" encoding="UTF-8"?>
<!DOCTYPE html PUBLIC "-//W3C//DTD XHTML 1.0 Transitional//EN"
    "http://www.w3.org/TR/xhtml1/DTD/xhtml1-transitional.dtd">
<html xmlns="http://www.w3.org/1999/xhtml" xml:lang="en" lang="en">
 <head>
  <title>
</title>
<meta http-equiv="Content-Type" content="text/html;charset=utf-8" />
  <meta name='ocr-system' content='tesseract 3.04.00' />
  <meta name='ocr-capabilities' content='ocr_page ocr_carea ocr_par ocr_line ocrx_word'/>
</head>
<body>
  <div class='ocr_page' id='page_1' title='image "./opusmajusrogerb01bridgoog/opusmajusrogerb01bridgoog_0332.png"; bbox 0 0 3575 5375; ppageno 0'>
   <div class='ocr_carea' id='block_1_1' title="bbox 370 655 1416 737">
    <p class='ocr_par' dir='ltr' id='par_1_1' title="bbox 370 655 1416 737">
     <span class='ocr_line' id='line_1_1' title="bbox 370 655 1416 737; baseline 0.006 -24"><span class='ocrx_word' id='word_1_1' title='bbox 370 655 719 716; x_wconf 79' lang='lat' dir='ltr'><em>MATHEMATICAE</em></span> <span class='ocrx_word' id='word_1_2' title='bbox 743 657 795 716; x_wconf 93' lang='lat' dir='ltr'>IN</span> <span class='ocrx_word' id='word_1_3' title='bbox 816 657 1019 718; x_wconf 84' lang='lat' dir='ltr'><em>PHYSICIS</em></span> <span class='ocrx_word' id='word_1_4' title='bbox 1047 658 1255 718; x_wconf 77' lang='lat' dir='ltr'><em>UTILITAS.</em></span> <span class='ocrx_word' id='word_1_5' title='bbox 1359 674 1416 737; x_wconf 80' lang='lat'>135</span> 
     </span>
    </p>
   </div>
   <div class='ocr_carea' id='block_1_2' title="bbox 265 818 1417 3077">
    <p class='ocr_par' dir='ltr' id='par_1_2' title="bbox 265 818 1417 3077">
     <span class='ocr_line' id='line_1_2' title="bbox 266 818 1415 905; baseline 0.003 -23"><span class='ocrx_word' id='word_1_6' title='bbox 266 827 299 882; x_wconf 90' lang='lat' dir='ltr'>et</span> <span class='ocrx_word' id='word_1_7' title='bbox 321 818 450 901; x_wconf 88' lang='lat' dir='ltr'>aequali</span> <span class='ocrx_word' id='word_1_8' title='bbox 471 830 504 884; x_wconf 89' lang='lat' dir='ltr'>et</span> <span class='ocrx_word' id='word_1_9' title='bbox 523 820 587 884; x_wconf 91' lang='lat' dir='ltr'>leni</span> <span class='ocrx_word' id='word_1_10' title='bbox 611 819 649 887; x_wconf 85' lang='lat' dir='ltr'>fit</span> <span class='ocrx_word' id='word_1_11' title='bbox 670 821 834 886; x_wconf 88' lang='lat' dir='ltr'>sensibilis</span> <span class='ocrx_word' id='word_1_12' title='bbox 857 820 1005 896; x_wconf 86' lang='lat' dir='ltr'>reflexio,</span> <span class='ocrx_word' id='word_1_13' title='bbox 1020 830 1058 885; x_wconf 93' lang='lat' dir='ltr'>ut</span> <span class='ocrx_word' id='word_1_14' title='bbox 1079 830 1173 904; x_wconf 87' lang='lat' dir='ltr'>patet</span> <span class='ocrx_word' id='word_1_15' title='bbox 1196 821 1229 884; x_wconf 90' lang='lat' dir='ltr'>in</span> <span class='ocrx_word' id='word_1_16' title='bbox 1251 820 1415 905; x_wconf 86' lang='lat' dir='ltr'>speculis:</span> 
     </span>
     <span class='ocr_line' id='line_1_3' title="bbox 266 922 1415 1007; baseline 0.003 -22"><span class='ocrx_word' id='word_1_17' title='bbox 266 932 301 986; x_wconf 90' lang='lat' dir='ltr'>et</span> <span class='ocrx_word' id='word_1_18' title='bbox 321 922 383 987; x_wconf 92' lang='lat' dir='ltr'>hoc</span> <span class='ocrx_word' id='word_1_19' title='bbox 404 932 463 1002; x_wconf 90' lang='lat' dir='ltr'>est,</span> <span class='ocrx_word' id='word_1_20' title='bbox 478 925 557 1005; x_wconf 91' lang='lat' dir='ltr'>quia</span> <span class='ocrx_word' id='word_1_21' title='bbox 575 935 686 1007; x_wconf 90' lang='lat' dir='ltr'>partes</span> <span class='ocrx_word' id='word_1_22' title='bbox 706 927 908 989; x_wconf 85' lang='lat' dir='ltr'><strong>concordant</strong></span> <span class='ocrx_word' id='word_1_23' title='bbox 929 926 963 988; x_wconf 93' lang='lat' dir='ltr'>in</span> <span class='ocrx_word' id='word_1_24' title='bbox 984 947 1082 988; x_wconf 91' lang='lat' dir='ltr'>unam</span> <span class='ocrx_word' id='word_1_25' title='bbox 1103 926 1277 1000; x_wconf 86' lang='lat' dir='ltr'>actionem,</span> <span class='ocrx_word' id='word_1_26' title='bbox 1293 938 1327 992; x_wconf 92' lang='lat' dir='ltr'>et</span> <span class='ocrx_word' id='word_1_27' title='bbox 1349 946 1415 988; x_wconf 91' lang='lat' dir='ltr'>non</span> 
     </span>
     <span class='ocr_line' id='line_1_4' title="bbox 266 1027 1417 1112; baseline 0.002 -24"><span class='ocrx_word' id='word_1_28' title='bbox 266 1027 446 1109; x_wconf 90' lang='lat' dir='ltr'>dissipatur</span> <span class='ocrx_word' id='word_1_29' title='bbox 467 1028 603 1112; x_wconf 89' lang='lat' dir='ltr'>species,</span> <span class='ocrx_word' id='word_1_30' title='bbox 622 1029 680 1092; x_wconf 91' lang='lat' dir='ltr'>sed</span> <span class='ocrx_word' id='word_1_31' title='bbox 706 1029 834 1111; x_wconf 84' lang='lat' dir='ltr'>integra</span> <span class='ocrx_word' id='word_1_32' title='bbox 857 1030 942 1092; x_wconf 82' lang='lat' dir='ltr'>redit</span> <span class='ocrx_word' id='word_1_33' title='bbox 961 1030 1047 1092; x_wconf 84' lang='lat' dir='ltr'>sicut</span> <span class='ocrx_word' id='word_1_34' title='bbox 1068 1030 1178 1108; x_wconf 86' lang='lat' dir='ltr'>venit;</span> <span class='ocrx_word' id='word_1_35' title='bbox 1200 1030 1258 1093; x_wconf 92' lang='lat' dir='ltr'>sed</span> <span class='ocrx_word' id='word_1_36' title='bbox 1282 1037 1417 1111; x_wconf 90' lang='lat' dir='ltr'>propter</span> 
     </span>
     <span class='ocr_line' id='line_1_5' title="bbox 267 1129 1416 1216; baseline 0.004 -24"><span class='ocrx_word' id='word_1_37' title='bbox 267 1129 537 1213; x_wconf 83' lang='lat' dir='ltr'><strong>inaequalitatem</strong></span> <span class='ocrx_word' id='word_1_38' title='bbox 553 1132 737 1215; x_wconf 88' lang='lat' dir='ltr'>superficiei</span> <span class='ocrx_word' id='word_1_39' title='bbox 755 1134 901 1215; x_wconf 87' lang='lat' dir='ltr'>corporis</span> <span class='ocrx_word' id='word_1_40' title='bbox 915 1134 1022 1216; x_wconf 88' lang='lat' dir='ltr'>asperi</span> <span class='ocrx_word' id='word_1_41' title='bbox 1038 1134 1128 1197; x_wconf 92' lang='lat' dir='ltr'>nulla</span> <span class='ocrx_word' id='word_1_42' title='bbox 1144 1154 1221 1215; x_wconf 90' lang='lat' dir='ltr'>pars</span> <span class='ocrx_word' id='word_1_43' title='bbox 1235 1133 1416 1198; x_wconf 89' lang='lat' dir='ltr'>concordat</span> 
     </span>
     <span class='ocr_line' id='line_1_6' title="bbox 266 1233 1416 1321; baseline -0.002 -21"><span class='ocrx_word' id='word_1_44' title='bbox 266 1254 341 1300; x_wconf 90' lang='lat' dir='ltr'>cum</span> <span class='ocrx_word' id='word_1_45' title='bbox 368 1233 443 1313; x_wconf 91' lang='lat' dir='ltr'>alia,</span> <span class='ocrx_word' id='word_1_46' title='bbox 465 1237 524 1299; x_wconf 91' lang='lat' dir='ltr'>sed</span> <span class='ocrx_word' id='word_1_47' title='bbox 548 1236 707 1300; x_wconf 87' lang='lat' dir='ltr'>elevatior</span> <span class='ocrx_word' id='word_1_48' title='bbox 729 1237 837 1321; x_wconf 91' lang='lat' dir='ltr'>primo</span> <span class='ocrx_word' id='word_1_49' title='bbox 861 1236 1009 1315; x_wconf 86' lang='lat' dir='ltr'>reflectit,</span> <span class='ocrx_word' id='word_1_50' title='bbox 1031 1247 1066 1300; x_wconf 94' lang='lat' dir='ltr'>et</span> <span class='ocrx_word' id='word_1_51' title='bbox 1092 1237 1278 1319; x_wconf 85' lang='lat' dir='ltr'>depressior</span> <span class='ocrx_word' id='word_1_52' title='bbox 1299 1257 1416 1301; x_wconf 89' lang='lat' dir='ltr'>secun-</span> 
     </span>
     <span class='ocr_line' id='line_1_7' title="bbox 267 1339 1416 1426; baseline 0.002 -24"><span class='ocrx_word' id='word_1_53' title='bbox 267 1339 368 1416; x_wconf 87' lang='lat' dir='ltr'>dari0,</span> <span class='ocrx_word' id='word_1_54' title='bbox 384 1349 418 1402; x_wconf 89' lang='lat' dir='ltr'>et</span> <span class='ocrx_word' id='word_1_55' title='bbox 436 1339 483 1403; x_wconf 93' lang='lat' dir='ltr'>sic</span> <span class='ocrx_word' id='word_1_56' title='bbox 504 1350 577 1405; x_wconf 90' lang='lat' dir='ltr'>tota</span> <span class='ocrx_word' id='word_1_57' title='bbox 595 1341 721 1424; x_wconf 90' lang='lat' dir='ltr'>species</span> <span class='ocrx_word' id='word_1_58' title='bbox 741 1341 920 1424; x_wconf 86' lang='lat' dir='ltr'>dissipatur</span> <span class='ocrx_word' id='word_1_59' title='bbox 939 1360 1000 1405; x_wconf 88' lang='lat' dir='ltr'>nec</span> <span class='ocrx_word' id='word_1_60' title='bbox 1015 1343 1105 1406; x_wconf 91' lang='lat' dir='ltr'>venit</span> <span class='ocrx_word' id='word_1_61' title='bbox 1126 1343 1263 1426; x_wconf 89' lang='lat' dir='ltr'>integra,</span> <span class='ocrx_word' id='word_1_62' title='bbox 1278 1351 1416 1423; x_wconf 88' lang='lat' dir='ltr'>propter</span> 
     </span>
     <span class='ocr_line' id='line_1_8' title="bbox 266 1445 1416 1530; baseline 0.003 -23"><span class='ocrx_word' id='word_1_63' title='bbox 266 1445 356 1526; x_wconf 92' lang='lat' dir='ltr'>quod</span> <span class='ocrx_word' id='word_1_64' title='bbox 381 1465 447 1509; x_wconf 93' lang='lat' dir='ltr'>non</span> <span class='ocrx_word' id='word_1_65' title='bbox 470 1446 621 1510; x_wconf 92' lang='lat' dir='ltr'>videmus</span> <span class='ocrx_word' id='word_1_66' title='bbox 643 1467 704 1530; x_wconf 89' lang='lat' dir='ltr'>per</span> <span class='ocrx_word' id='word_1_67' title='bbox 725 1467 862 1530; x_wconf 91' lang='lat' dir='ltr'>corpora</span> <span class='ocrx_word' id='word_1_68' title='bbox 885 1466 1002 1529; x_wconf 89' lang='lat' dir='ltr'>aspera</span> <span class='ocrx_word' id='word_1_69' title='bbox 1023 1449 1082 1511; x_wconf 90' lang='lat' dir='ltr'>sed</span> <span class='ocrx_word' id='word_1_70' title='bbox 1110 1445 1222 1530; x_wconf 91' lang='lat' dir='ltr'>polita.</span> <span class='ocrx_word' id='word_1_71' title='bbox 1278 1446 1416 1510; x_wconf 88' lang='lat' dir='ltr'>Bonitas</span> 
     </span>
     <span class='ocr_line' id='line_1_9' title="bbox 267 1549 1416 1634; baseline 0.001 -22"><span class='ocrx_word' id='word_1_72' title='bbox 267 1568 346 1632; x_wconf 82' lang='lat' dir='ltr'>ergo</span> <span class='ocrx_word' id='word_1_73' title='bbox 370 1549 566 1626; x_wconf 87' lang='lat' dir='ltr'>reflexionis,</span> <span class='ocrx_word' id='word_1_74' title='bbox 585 1571 672 1632; x_wconf 92' lang='lat' dir='ltr'>quae</span> <span class='ocrx_word' id='word_1_75' title='bbox 694 1560 804 1634; x_wconf 89' lang='lat' dir='ltr'>potest</span> <span class='ocrx_word' id='word_1_76' title='bbox 823 1551 960 1614; x_wconf 89' lang='lat' dir='ltr'>inveniri</span> <span class='ocrx_word' id='word_1_77' title='bbox 984 1551 1018 1613; x_wconf 94' lang='lat' dir='ltr'>in</span> <span class='ocrx_word' id='word_1_78' title='bbox 1041 1551 1122 1614; x_wconf 88' lang='lat' dir='ltr'>locis</span> <span class='ocrx_word' id='word_1_79' title='bbox 1143 1551 1309 1633; x_wconf 88' lang='lat' dir='ltr'>aliquibus</span> <span class='ocrx_word' id='word_1_80' title='bbox 1330 1552 1416 1613; x_wconf 89' lang='lat' dir='ltr'>circa</span> 
     </span>
     <span class='ocr_line' id='line_1_10' title="bbox 266 1653 1416 1736; baseline 0.002 -20"><span class='ocrx_word' id='word_1_81' title='bbox 266 1653 362 1735; x_wconf 90' lang='lat' dir='ltr'>polos</span> <span class='ocrx_word' id='word_1_82' title='bbox 388 1664 525 1736; x_wconf 89' lang='lat' dir='ltr'>propter</span> <span class='ocrx_word' id='word_1_83' title='bbox 559 1654 737 1736; x_wconf 87' lang='lat' dir='ltr'>polituram</span> <span class='ocrx_word' id='word_1_84' title='bbox 771 1654 1017 1736; x_wconf 90' lang='lat' dir='ltr'>superficierum</span> <span class='ocrx_word' id='word_1_85' title='bbox 1045 1655 1217 1733; x_wconf 87' lang='lat' dir='ltr'>montium,</span> <span class='ocrx_word' id='word_1_86' title='bbox 1238 1653 1328 1718; x_wconf 90' lang='lat' dir='ltr'>valet</span> <span class='ocrx_word' id='word_1_87' title='bbox 1359 1675 1416 1718; x_wconf 92' lang='lat' dir='ltr'>co·</span> 
     </span>
     <span class='ocr_line' id='line_1_11' title="bbox 266 1757 1416 1841; baseline 0 -21"><span class='ocrx_word' id='word_1_88' title='bbox 266 1759 396 1841; x_wconf 86' lang='lat' dir='ltr'>operari</span> <span class='ocrx_word' id='word_1_89' title='bbox 409 1758 451 1821; x_wconf 83' lang='lat' dir='ltr'>ad</span> <span class='ocrx_word' id='word_1_90' title='bbox 463 1757 605 1822; x_wconf 90' lang='lat' dir='ltr'>calorem</span> <span class='ocrx_word' id='word_1_91' title='bbox 619 1759 843 1840; x_wconf 87' lang='lat' dir='ltr'>generandum</span> <span class='ocrx_word' id='word_1_92' title='bbox 857 1758 955 1821; x_wconf 92' lang='lat' dir='ltr'>simul</span> <span class='ocrx_word' id='word_1_93' title='bbox 965 1779 1041 1822; x_wconf 94' lang='lat' dir='ltr'>cum</span> <span class='ocrx_word' id='word_1_94' title='bbox 1053 1759 1228 1823; x_wconf 88' lang='lat' dir='ltr'>altitudine</span> <span class='ocrx_word' id='word_1_95' title='bbox 1241 1759 1416 1822; x_wconf 90' lang='lat' dir='ltr'>montium.</span> 
     </span>
     <span class='ocr_line' id='line_1_12' title="bbox 268 1861 1416 1945; baseline 0.003 -21"><span class='ocrx_word' id='word_1_96' title='bbox 268 1861 314 1924; x_wconf 90' lang='lat' dir='ltr'>Et</span> <span class='ocrx_word' id='word_1_97' title='bbox 341 1861 477 1925; x_wconf 89' lang='lat' dir='ltr'>ulterius</span> <span class='ocrx_word' id='word_1_98' title='bbox 501 1863 777 1927; x_wconf 89' lang='lat' dir='ltr'>considerandum</span> <span class='ocrx_word' id='word_1_99' title='bbox 803 1873 862 1939; x_wconf 73' lang='lat' dir='ltr'>est,</span> <span class='ocrx_word' id='word_1_100' title='bbox 886 1862 976 1945; x_wconf 91' lang='lat' dir='ltr'>quod</span> <span class='ocrx_word' id='word_1_101' title='bbox 1004 1873 1137 1927; x_wconf 91' lang='lat' dir='ltr'>montes</span> <span class='ocrx_word' id='word_1_102' title='bbox 1163 1863 1287 1927; x_wconf 91' lang='lat' dir='ltr'>habent</span> <span class='ocrx_word' id='word_1_103' title='bbox 1308 1863 1416 1927; x_wconf 90' lang='lat' dir='ltr'>varias</span> 
     </span>
     <span class='ocr_line' id='line_1_13' title="bbox 266 1963 1415 2050; baseline 0.001 -22"><span class='ocrx_word' id='word_1_104' title='bbox 266 1963 398 2049; x_wconf 85' lang='lat' dir='ltr'>figuras,</span> <span class='ocrx_word' id='word_1_105' title='bbox 414 1986 490 2030; x_wconf 91' lang='lat' dir='ltr'>nam</span> <span class='ocrx_word' id='word_1_106' title='bbox 508 1965 628 2048; x_wconf 90' lang='lat' dir='ltr'>aliquis</span> <span class='ocrx_word' id='word_1_107' title='bbox 646 1975 758 2049; x_wconf 91' lang='lat' dir='ltr'>potest</span> <span class='ocrx_word' id='word_1_108' title='bbox 776 1966 900 2030; x_wconf 89' lang='lat' dir='ltr'>habere</span> <span class='ocrx_word' id='word_1_109' title='bbox 917 1967 1058 2050; x_wconf 82' lang='lat' dir='ltr'>figuram</span> <span class='ocrx_word' id='word_1_110' title='bbox 1079 1968 1123 2031; x_wconf 91' lang='lat' dir='ltr'>ad</span> <span class='ocrx_word' id='word_1_111' title='bbox 1143 1969 1280 2031; x_wconf 91' lang='lat' dir='ltr'>modum</span> <span class='ocrx_word' id='word_1_112' title='bbox 1299 1986 1415 2050; x_wconf 86' lang='lat' dir='ltr'>specu-</span> 
     </span>
     <span class='ocr_line' id='line_1_14' title="bbox 267 2069 1416 2154; baseline 0.003 -23"><span class='ocrx_word' id='word_1_113' title='bbox 267 2070 373 2134; x_wconf 91' lang='lat' dir='ltr'>lorum</span> <span class='ocrx_word' id='word_1_114' title='bbox 390 2071 667 2149; x_wconf 90' lang='lat' dir='ltr'>comburentium,</span> <span class='ocrx_word' id='word_1_115' title='bbox 683 2080 717 2136; x_wconf 92' lang='lat' dir='ltr'>et</span> <span class='ocrx_word' id='word_1_116' title='bbox 732 2069 815 2134; x_wconf 91' lang='lat' dir='ltr'>alius</span> <span class='ocrx_word' id='word_1_117' title='bbox 830 2071 874 2135; x_wconf 90' lang='lat' dir='ltr'>ad</span> <span class='ocrx_word' id='word_1_118' title='bbox 891 2071 1029 2133; x_wconf 92' lang='lat' dir='ltr'>modum</span> <span class='ocrx_word' id='word_1_119' title='bbox 1044 2071 1253 2152; x_wconf 89' lang='lat' dir='ltr'>speculomm</span> <span class='ocrx_word' id='word_1_120' title='bbox 1269 2071 1416 2154; x_wconf 90' lang='lat' dir='ltr'>sphaeri-</span> 
     </span>
     <span class='ocr_line' id='line_1_15' title="bbox 266 2173 1416 2259; baseline -0.003 -20"><span class='ocrx_word' id='word_1_121' title='bbox 266 2194 380 2239; x_wconf 92' lang='lat' dir='ltr'>corum</span> <span class='ocrx_word' id='word_1_122' title='bbox 392 2173 443 2238; x_wconf 93' lang='lat' dir='ltr'>vel</span> <span class='ocrx_word' id='word_1_123' title='bbox 461 2174 701 2238; x_wconf 82' lang='lat' dir='ltr'>columnarium</span> <span class='ocrx_word' id='word_1_124' title='bbox 716 2174 770 2238; x_wconf 90' lang='lat' dir='ltr'>vel</span> <span class='ocrx_word' id='word_1_125' title='bbox 781 2173 1047 2259; x_wconf 85' lang='lat' dir='ltr'>pyramidalium‚</span> <span class='ocrx_word' id='word_1_126' title='bbox 1058 2184 1091 2237; x_wconf 91' lang='lat' dir='ltr'>et</span> <span class='ocrx_word' id='word_1_127' title='bbox 1101 2174 1157 2237; x_wconf 94' lang='lat' dir='ltr'>ubi</span> <span class='ocrx_word' id='word_1_128' title='bbox 1173 2173 1279 2255; x_wconf 86' lang='lat' dir='ltr'>figura</span> <span class='ocrx_word' id='word_1_129' title='bbox 1290 2174 1416 2257; x_wconf 87' lang='lat' dir='ltr'>speculi</span> 
     </span>
     <span class='ocr_line' id='line_1_16' title="bbox 266 2278 1417 2358; baseline -0.003 -13"><span class='ocrx_word' id='word_1_130' title='bbox 266 2282 491 2345; x_wconf 88' lang='lat' dir='ltr'>comburentis</span> <span class='ocrx_word' id='word_1_131' title='bbox 519 2281 705 2345; x_wconf 90' lang='lat' dir='ltr'>invenietur</span> <span class='ocrx_word' id='word_1_132' title='bbox 730 2301 807 2344; x_wconf 92' lang='lat' dir='ltr'>cum</span> <span class='ocrx_word' id='word_1_133' title='bbox 835 2280 974 2344; x_wconf 90' lang='lat' dir='ltr'>caeteris</span> <span class='ocrx_word' id='word_1_134' title='bbox 999 2281 1105 2344; x_wconf 91' lang='lat' dir='ltr'>causis</span> <span class='ocrx_word' id='word_1_135' title='bbox 1129 2278 1256 2358; x_wconf 89' lang='lat' dir='ltr'>caloris,</span> <span class='ocrx_word' id='word_1_136' title='bbox 1284 2300 1417 2344; x_wconf 89' lang='lat' dir='ltr'>necesse</span> 
     </span>
     <span class='ocr_line' id='line_1_17' title="bbox 266 2383 1417 2460; baseline -0.004 -10"><span class='ocrx_word' id='word_1_137' title='bbox 266 2396 316 2450; x_wconf 75' lang='lat' dir='ltr'>est</span> <span class='ocrx_word' id='word_1_138' title='bbox 344 2385 388 2449; x_wconf 94' lang='lat' dir='ltr'>ibi</span> <span class='ocrx_word' id='word_1_139' title='bbox 415 2405 488 2448; x_wconf 87' lang='lat' dir='ltr'>esse</span> <span class='ocrx_word' id='word_1_140' title='bbox 512 2386 775 2449; x_wconf 89' lang='lat' dir='ltr'>combustionem</span> <span class='ocrx_word' id='word_1_141' title='bbox 802 2383 959 2460; x_wconf 85' lang='lat' dir='ltr'>validam,</span> <span class='ocrx_word' id='word_1_142' title='bbox 986 2384 1032 2447; x_wconf 91' lang='lat' dir='ltr'>ita</span> <span class='ocrx_word' id='word_1_143' title='bbox 1058 2394 1095 2447; x_wconf 91' lang='lat' dir='ltr'>ut</span> <span class='ocrx_word' id='word_1_144' title='bbox 1121 2383 1202 2447; x_wconf 93' lang='lat' dir='ltr'>nihil</span> <span class='ocrx_word' id='word_1_145' title='bbox 1232 2383 1279 2446; x_wconf 93' lang='lat' dir='ltr'>ibi</span> <span class='ocrx_word' id='word_1_146' title='bbox 1307 2384 1417 2446; x_wconf 89' lang='lat' dir='ltr'>vivere</span> 
     </span>
     <span class='ocr_line' id='line_1_18' title="bbox 266 2485 1417 2574; baseline -0.004 -20"><span class='ocrx_word' id='word_1_147' title='bbox 266 2491 381 2574; x_wconf 86' lang='lat' dir='ltr'>possit,</span> <span class='ocrx_word' id='word_1_148' title='bbox 396 2499 430 2552; x_wconf 89' lang='lat' dir='ltr'>et</span> <span class='ocrx_word' id='word_1_149' title='bbox 448 2491 495 2552; x_wconf 90' lang='lat' dir='ltr'>sic</span> <span class='ocrx_word' id='word_1_150' title='bbox 516 2489 748 2574; x_wconf 87' lang='lat' dir='ltr'>intelligendus</span> <span class='ocrx_word' id='word_1_151' title='bbox 767 2496 817 2552; x_wconf 93' lang='lat' dir='ltr'>est</span> <span class='ocrx_word' id='word_1_152' title='bbox 834 2485 1033 2552; x_wconf 86' lang='lat' dir='ltr'>Aristoteles</span> <span class='ocrx_word' id='word_1_153' title='bbox 1056 2508 1132 2551; x_wconf 93' lang='lat' dir='ltr'>cum</span> <span class='ocrx_word' id='word_1_154' title='bbox 1154 2486 1225 2569; x_wconf 86' lang='lat' dir='ltr'>ejus</span> <span class='ocrx_word' id='word_1_155' title='bbox 1247 2507 1417 2552; x_wconf 91' lang='lat' dir='ltr'>commen-</span> 
     </span>
     <span class='ocr_line' id='line_1_19' title="bbox 265 2592 1417 2674; baseline -0.003 -16"><span class='ocrx_word' id='word_1_156' title='bbox 265 2603 383 2658; x_wconf 89' lang='lat' dir='ltr'>tatore.</span> <span class='ocrx_word' id='word_1_157' title='bbox 430 2593 499 2657; x_wconf 93' lang='lat' dir='ltr'>Ubi</span> <span class='ocrx_word' id='word_1_158' title='bbox 517 2601 629 2656; x_wconf 90' lang='lat' dir='ltr'>autem</span> <span class='ocrx_word' id='word_1_159' title='bbox 652 2602 880 2674; x_wconf 88' lang='lat' dir='ltr'>temperantur</span> <span class='ocrx_word' id='word_1_160' title='bbox 900 2612 1019 2657; x_wconf 88' lang='lat' dir='ltr'>causae</span> <span class='ocrx_word' id='word_1_161' title='bbox 1034 2592 1152 2656; x_wconf 90' lang='lat' dir='ltr'>caloris</span> <span class='ocrx_word' id='word_1_162' title='bbox 1174 2601 1208 2655; x_wconf 89' lang='lat' dir='ltr'>et</span> <span class='ocrx_word' id='word_1_163' title='bbox 1229 2592 1368 2673; x_wconf 81' lang='lat' dir='ltr'>frigoris,</span> <span class='ocrx_word' id='word_1_164' title='bbox 1383 2601 1417 2655; x_wconf 90' lang='lat' dir='ltr'>et</span> 
     </span>
     <span class='ocr_line' id='line_1_20' title="bbox 266 2695 1417 2782; baseline -0.003 -19"><span class='ocrx_word' id='word_1_165' title='bbox 266 2719 367 2782; x_wconf 89' lang='lat' dir='ltr'>penes</span> <span class='ocrx_word' id='word_1_166' title='bbox 382 2698 590 2764; x_wconf 85' lang='lat' dir='ltr'>altitudinem</span> <span class='ocrx_word' id='word_1_167' title='bbox 611 2698 785 2777; x_wconf 91' lang='lat' dir='ltr'>montium,</span> <span class='ocrx_word' id='word_1_168' title='bbox 801 2707 835 2761; x_wconf 91' lang='lat' dir='ltr'>et</span> <span class='ocrx_word' id='word_1_169' title='bbox 857 2717 958 2781; x_wconf 87' lang='lat' dir='ltr'>penes</span> <span class='ocrx_word' id='word_1_170' title='bbox 973 2698 1144 2762; x_wconf 86' lang='lat' dir='ltr'>lenitatem</span> <span class='ocrx_word' id='word_1_171' title='bbox 1163 2695 1417 2780; x_wconf 88' lang='lat' dir='ltr'>superficierum,</span> 
     </span>
     <span class='ocr_line' id='line_1_21' title="bbox 266 2801 1417 2886; baseline -0.002 -19"><span class='ocrx_word' id='word_1_172' title='bbox 266 2814 301 2868; x_wconf 89' lang='lat' dir='ltr'>et</span> <span class='ocrx_word' id='word_1_173' title='bbox 323 2822 423 2886; x_wconf 90' lang='lat' dir='ltr'>penes</span> <span class='ocrx_word' id='word_1_174' title='bbox 446 2801 596 2886; x_wconf 86' lang='lat' dir='ltr'>liguram,</span> <span class='ocrx_word' id='word_1_175' title='bbox 619 2823 755 2866; x_wconf 89' lang='lat' dir='ltr'>necesse</span> <span class='ocrx_word' id='word_1_176' title='bbox 777 2812 829 2868; x_wconf 91' lang='lat' dir='ltr'>est</span> <span class='ocrx_word' id='word_1_177' title='bbox 850 2804 941 2885; x_wconf 92' lang='lat' dir='ltr'>quod</span> <span class='ocrx_word' id='word_1_178' title='bbox 964 2803 1008 2866; x_wconf 92' lang='lat' dir='ltr'>sit</span> <span class='ocrx_word' id='word_1_179' title='bbox 1031 2802 1124 2866; x_wconf 90' lang='lat' dir='ltr'>locus</span> <span class='ocrx_word' id='word_1_180' title='bbox 1145 2808 1360 2884; x_wconf 90' lang='lat' dir='ltr'>temperatus,</span> <span class='ocrx_word' id='word_1_181' title='bbox 1382 2811 1417 2865; x_wconf 94' lang='lat' dir='ltr'>et</span> 
     </span>
     <span class='ocr_line' id='line_1_22' title="bbox 265 2906 1416 2997; baseline -0.003 -25"><span class='ocrx_word' id='word_1_182' title='bbox 265 2907 314 2972; x_wconf 85' lang='lat' dir='ltr'>sic</span> <span class='ocrx_word' id='word_1_183' title='bbox 334 2907 540 2989; x_wconf 85' lang='lat' dir='ltr'>intelligendi</span> <span class='ocrx_word' id='word_1_184' title='bbox 562 2918 641 2997; x_wconf 81' lang='lat' dir='ltr'>sunt</span> <span class='ocrx_word' id='word_1_185' title='bbox 663 2907 789 2971; x_wconf 92' lang='lat' dir='ltr'>Plinius</span> <span class='ocrx_word' id='word_1_186' title='bbox 811 2916 844 2971; x_wconf 89' lang='lat' dir='ltr'>et</span> <span class='ocrx_word' id='word_1_187' title='bbox 871 2906 1059 2970; x_wconf 87' lang='lat' dir='ltr'>Martianus</span> <span class='ocrx_word' id='word_1_188' title='bbox 1081 2916 1116 2972; x_wconf 90' lang='lat' dir='ltr'>et</span> <span class='ocrx_word' id='word_1_189' title='bbox 1141 2906 1261 2971; x_wconf 83' lang='lat' dir='ltr'>caeteri</span> <span class='ocrx_word' id='word_1_190' title='bbox 1285 2906 1416 2989; x_wconf 87' lang='lat' dir='ltr'>experi-</span> 
     </span>
     <span class='ocr_line' id='line_1_23' title="bbox 267 3020 478 3077; baseline -0.005 -2"><span class='ocrx_word' id='word_1_191' title='bbox 267 3020 478 3077; x_wconf 89' lang='lat' dir='ltr'>mentatores.</span> 
     </span>
    </p>
   </div>
   <div class='ocr_carea' id='block_1_3' title="bbox 684 3268 1000 3335">
    <p class='ocr_par' dir='ltr' id='par_1_3' title="bbox 684 3268 1000 3335">
     <span class='ocr_line' id='line_1_24' title="bbox 684 3268 1000 3335; baseline -0.006 -1"><span class='ocrx_word' id='word_1_192' title='bbox 684 3268 912 3335; x_wconf 69' lang='lat' dir='ltr'>Cauruuuu</span> <span class='ocrx_word' id='word_1_193' title='bbox 938 3269 1000 3334; x_wconf 91' lang='lat' dir='ltr'>IV.</span> 
     </span>
    </p>
   </div>
   <div class='ocr_carea' id='block_1_4' title="bbox 269 3421 1419 3595">
    <p class='ocr_par' dir='ltr' id='par_1_4' title="bbox 269 3421 1419 3595">
     <span class='ocr_line' id='line_1_25' title="bbox 311 3421 1419 3510; baseline -0.005 -20"><span class='ocrx_word' id='word_1_194' title='bbox 311 3426 352 3490; x_wconf 92' lang='lat' dir='ltr'>In</span> <span class='ocrx_word' id='word_1_195' title='bbox 368 3446 436 3510; x_wconf 93' lang='lat' dir='ltr'>quo</span> <span class='ocrx_word' id='word_1_196' title='bbox 457 3426 675 3509; x_wconf 81' lang='lat' dir='ltr'>investigatur</span> <span class='ocrx_word' id='word_1_197' title='bbox 692 3424 882 3509; x_wconf 82' lang='lat' dir='ltr'>complexio</span> <span class='ocrx_word' id='word_1_198' title='bbox 903 3424 1059 3503; x_wconf 86' lang='lat' dir='ltr'>locorum,</span> <span class='ocrx_word' id='word_1_199' title='bbox 1074 3422 1132 3505; x_wconf 89' lang='lat' dir='ltr'>qui</span> <span class='ocrx_word' id='word_1_200' title='bbox 1154 3431 1232 3488; x_wconf 91' lang='lat' dir='ltr'>sunt</span> <span class='ocrx_word' id='word_1_201' title='bbox 1255 3423 1288 3485; x_wconf 93' lang='lat' dir='ltr'>in</span> <span class='ocrx_word' id='word_1_202' title='bbox 1309 3421 1419 3485; x_wconf 90' lang='lat' dir='ltr'>medio</span> 
     </span>
     <span class='ocr_line' id='line_1_26' title="bbox 269 3532 394 3595; baseline -0.008 0"><span class='ocrx_word' id='word_1_203' title='bbox 269 3532 394 3595; x_wconf 90' lang='lat' dir='ltr'>mundi.</span> 
     </span>
    </p>
   </div>
   <div class='ocr_carea' id='block_1_5' title="bbox 265 3737 1579 4652">
    <p class='ocr_par' dir='ltr' id='par_1_5' title="bbox 265 3737 1579 4652">
     <span class='ocr_line' id='line_1_27' title="bbox 311 3737 1579 3825; baseline -0.009 -20"><span class='ocrx_word' id='word_1_204' title='bbox 311 3741 431 3806; x_wconf 91' lang='lat' dir='ltr'>Mundi</span> <span class='ocrx_word' id='word_1_205' title='bbox 453 3763 532 3806; x_wconf 89' lang='lat' dir='ltr'>vero</span> <span class='ocrx_word' id='word_1_206' title='bbox 550 3741 624 3807; x_wconf 87' lang='lat' dir='ltr'>loca</span> <span class='ocrx_word' id='word_1_207' title='bbox 639 3742 672 3805; x_wconf 96' lang='lat' dir='ltr'>in</span> <span class='ocrx_word' id='word_1_208' title='bbox 693 3740 814 3825; x_wconf 90' lang='lat' dir='ltr'>quibus</span> <span class='ocrx_word' id='word_1_209' title='bbox 832 3760 947 3804; x_wconf 87' lang='lat' dir='ltr'>sumus</span> <span class='ocrx_word' id='word_1_210' title='bbox 969 3761 1028 3823; x_wconf 93' lang='lat' dir='ltr'>per</span> <span class='ocrx_word' id='word_1_211' title='bbox 1049 3748 1156 3804; x_wconf 86' lang='lat' dir='ltr'>totam</span> <span class='ocrx_word' id='word_1_212' title='bbox 1180 3737 1415 3803; x_wconf 89' lang='lat' dir='ltr'>habitationem</span> <span class='ocrx_word' id='word_1_213' title='bbox 1428 3746 1538 3797; x_wconf 80' lang='lat' dir='ltr'>climate</span> <span class='ocrx_word' id='word_1_214' title='bbox 1551 3749 1579 3795; x_wconf 84' lang='lat' dir='ltr'>or</span> 
     </span>
     <span class='ocr_line' id='line_1_28' title="bbox 267 3821 1566 3929; baseline -0.005 -19"><span class='ocrx_word' id='word_1_215' title='bbox 267 3865 371 3929; x_wconf 82' lang='lat' dir='ltr'>usque</span> <span class='ocrx_word' id='word_1_216' title='bbox 404 3865 517 3910; x_wconf 87' lang='lat' dir='ltr'>versus</span> <span class='ocrx_word' id='word_1_217' title='bbox 551 3844 651 3909; x_wconf 90' lang='lat' dir='ltr'>finem</span> <span class='ocrx_word' id='word_1_218' title='bbox 683 3846 773 3910; x_wconf 91' lang='lat' dir='ltr'>tertii</span> <span class='ocrx_word' id='word_1_219' title='bbox 806 3845 948 3908; x_wconf 87' lang='lat' dir='ltr'>climatis</span> <span class='ocrx_word' id='word_1_220' title='bbox 977 3853 1055 3908; x_wconf 91' lang='lat' dir='ltr'>sunt</span> <span class='ocrx_word' id='word_1_221' title='bbox 1087 3843 1267 3907; x_wconf 89' lang='lat' dir='ltr'>tolerabilis</span> <span class='ocrx_word' id='word_1_222' title='bbox 1292 3821 1566 3927; x_wconf 27' lang='lat' dir='ltr'>caloris-mum„</span> 
     </span>
     <span class='ocr_line' id='line_1_29' title="bbox 269 3944 1537 4059; baseline -0.005 -46"><span class='ocrx_word' id='word_1_223' title='bbox 269 3949 477 4014; x_wconf 89' lang='lat' dir='ltr'>Hierusalem</span> <span class='ocrx_word' id='word_1_224' title='bbox 492 3950 627 4033; x_wconf 94' lang='lat' dir='ltr'>quidem</span> <span class='ocrx_word' id='word_1_225' title='bbox 644 3958 694 4012; x_wconf 84' lang='lat' dir='ltr'>est</span> <span class='ocrx_word' id='word_1_226' title='bbox 711 3951 743 4013; x_wconf 91' lang='lat' dir='ltr'>in</span> <span class='ocrx_word' id='word_1_227' title='bbox 759 3950 856 4013; x_wconf 88' lang='lat' dir='ltr'>tertio</span> <span class='ocrx_word' id='word_1_228' title='bbox 871 3948 1079 4026; x_wconf 86' lang='lat' dir='ltr'>climate‚sed</span> <span class='ocrx_word' id='word_1_229' title='bbox 1096 3947 1182 4012; x_wconf 86' lang='lat' dir='ltr'>ultra</span> <span class='ocrx_word' id='word_1_230' title='bbox 1197 3947 1260 4011; x_wconf 91' lang='lat' dir='ltr'>sub</span> <span class='ocrx_word' id='word_1_231' title='bbox 1274 3946 1419 4029; x_wconf 85' lang='lat' dir='ltr'>Tropico</span> <span class='ocrx_word' id='word_1_232' title='bbox 1431 3944 1537 4059; x_wconf 52' lang='lat' dir='ltr'>ffloel</span> 
     </span>
     <span class='ocr_line' id='line_1_30' title="bbox 268 4047 1512 4135; baseline -0.004 -18"><span class='ocrx_word' id='word_1_233' title='bbox 268 4052 386 4118; x_wconf 91' lang='lat' dir='ltr'>Cancri</span> <span class='ocrx_word' id='word_1_234' title='bbox 409 4054 524 4135; x_wconf 90' lang='lat' dir='ltr'>incipit</span> <span class='ocrx_word' id='word_1_235' title='bbox 546 4054 671 4118; x_wconf 91' lang='lat' dir='ltr'>torrida</span> <span class='ocrx_word' id='word_1_236' title='bbox 689 4073 782 4132; x_wconf 90' lang='lat' dir='ltr'>zona,</span> <span class='ocrx_word' id='word_1_237' title='bbox 804 4061 839 4117; x_wconf 92' lang='lat' dir='ltr'>et</span> <span class='ocrx_word' id='word_1_238' title='bbox 862 4052 953 4116; x_wconf 93' lang='lat' dir='ltr'>locus</span> <span class='ocrx_word' id='word_1_239' title='bbox 976 4051 1083 4115; x_wconf 89' lang='lat' dir='ltr'>malae</span> <span class='ocrx_word' id='word_1_240' title='bbox 1105 4051 1327 4116; x_wconf 83' lang='lat' dir='ltr'>habitationis</span> <span class='ocrx_word' id='word_1_241' title='bbox 1373 4050 1419 4113; x_wconf 92' lang='lat' dir='ltr'>Et</span> <span class='ocrx_word' id='word_1_242' title='bbox 1505 4047 1512 4059; x_wconf 83' lang='lat'>‘</span> 
     </span>
     <span class='ocr_line' id='line_1_31' title="bbox 265 4154 1419 4241; baseline -0.002 -21"><span class='ocrx_word' id='word_1_243' title='bbox 265 4167 402 4241; x_wconf 90' lang='lat' dir='ltr'>propter</span> <span class='ocrx_word' id='word_1_244' title='bbox 425 4158 498 4236; x_wconf 91' lang='lat' dir='ltr'>hoc,</span> <span class='ocrx_word' id='word_1_245' title='bbox 513 4158 604 4241; x_wconf 94' lang='lat' dir='ltr'>quod</span> <span class='ocrx_word' id='word_1_246' title='bbox 627 4158 681 4221; x_wconf 87' lang='lat' dir='ltr'>via</span> <span class='ocrx_word' id='word_1_247' title='bbox 701 4158 780 4221; x_wconf 88' lang='lat' dir='ltr'>solis</span> <span class='ocrx_word' id='word_1_248' title='bbox 801 4166 852 4221; x_wconf 89' lang='lat' dir='ltr'>est</span> <span class='ocrx_word' id='word_1_249' title='bbox 874 4157 959 4220; x_wconf 90' lang='lat' dir='ltr'>inter</span> <span class='ocrx_word' id='word_1_250' title='bbox 974 4158 1061 4220; x_wconf 90' lang='lat' dir='ltr'>duos</span> <span class='ocrx_word' id='word_1_251' title='bbox 1078 4156 1249 4238; x_wconf 85' lang='lat' dir='ltr'>Tropicos,</span> <span class='ocrx_word' id='word_1_252' title='bbox 1264 4154 1419 4218; x_wconf 90' lang='lat' dir='ltr'>aestimat</span> 
     </span>
     <span class='ocr_line' id='line_1_32' title="bbox 266 4258 1419 4345; baseline -0.004 -20"><span class='ocrx_word' id='word_1_253' title='bbox 266 4260 384 4345; x_wconf 87' lang='lat' dir='ltr'>vulgus</span> <span class='ocrx_word' id='word_1_254' title='bbox 402 4262 491 4344; x_wconf 92' lang='lat' dir='ltr'>quod</span> <span class='ocrx_word' id='word_1_255' title='bbox 514 4272 606 4326; x_wconf 90' lang='lat' dir='ltr'>totus</span> <span class='ocrx_word' id='word_1_256' title='bbox 629 4261 684 4326; x_wconf 93' lang='lat' dir='ltr'>ille</span> <span class='ocrx_word' id='word_1_257' title='bbox 706 4260 798 4326; x_wconf 91' lang='lat' dir='ltr'>locus</span> <span class='ocrx_word' id='word_1_258' title='bbox 822 4268 872 4325; x_wconf 80' lang='lat' dir='ltr'>est</span> <span class='ocrx_word' id='word_1_259' title='bbox 894 4260 1090 4324; x_wconf 88' lang='lat' dir='ltr'>combustus</span> <span class='ocrx_word' id='word_1_260' title='bbox 1111 4270 1145 4324; x_wconf 88' lang='lat' dir='ltr'>et</span> <span class='ocrx_word' id='word_1_261' title='bbox 1161 4260 1252 4343; x_wconf 92' lang='lat' dir='ltr'>quod</span> <span class='ocrx_word' id='word_1_262' title='bbox 1270 4258 1351 4322; x_wconf 91' lang='lat' dir='ltr'>nihil</span> <span class='ocrx_word' id='word_1_263' title='bbox 1373 4258 1419 4322; x_wconf 90' lang='lat' dir='ltr'>ibi</span> 
     </span>
     <span class='ocr_line' id='line_1_33' title="bbox 266 4362 1418 4450; baseline -0.003 -21"><span class='ocrx_word' id='word_1_264' title='bbox 266 4366 311 4430; x_wconf 91' lang='lat' dir='ltr'>sit</span> <span class='ocrx_word' id='word_1_265' title='bbox 338 4376 581 4450; x_wconf 85' lang='lat' dir='ltr'>temperatum3</span> <span class='ocrx_word' id='word_1_266' title='bbox 618 4376 653 4432; x_wconf 90' lang='lat' dir='ltr'>et</span> <span class='ocrx_word' id='word_1_267' title='bbox 676 4366 751 4429; x_wconf 89' lang='lat' dir='ltr'>ideo</span> <span class='ocrx_word' id='word_1_268' title='bbox 773 4364 961 4444; x_wconf 85' lang='lat' dir='ltr'>aestimant,</span> <span class='ocrx_word' id='word_1_269' title='bbox 983 4366 1074 4448; x_wconf 90' lang='lat' dir='ltr'>quod</span> <span class='ocrx_word' id='word_1_270' title='bbox 1099 4364 1190 4427; x_wconf 91' lang='lat' dir='ltr'>locus</span> <span class='ocrx_word' id='word_1_271' title='bbox 1216 4363 1279 4426; x_wconf 93' lang='lat' dir='ltr'>sub</span> <span class='ocrx_word' id='word_1_272' title='bbox 1304 4362 1418 4444; x_wconf 90' lang='lat' dir='ltr'>aequi·</span> 
     </span>
     <span class='ocr_line' id='line_1_34' title="bbox 267 4465 1419 4551; baseline -0.007 -18"><span class='ocrx_word' id='word_1_273' title='bbox 267 4470 399 4535; x_wconf 89' lang='lat' dir='ltr'>noctiali</span> <span class='ocrx_word' id='word_1_274' title='bbox 420 4469 542 4535; x_wconf 91' lang='lat' dir='ltr'>circulo</span> <span class='ocrx_word' id='word_1_275' title='bbox 561 4470 604 4535; x_wconf 88' lang='lat' dir='ltr'>sit</span> <span class='ocrx_word' id='word_1_276' title='bbox 628 4470 776 4533; x_wconf 85' lang='lat' dir='ltr'>maxime</span> <span class='ocrx_word' id='word_1_277' title='bbox 798 4470 1002 4548; x_wconf 91' lang='lat' dir='ltr'>combustus,</span> <span class='ocrx_word' id='word_1_278' title='bbox 1016 4468 1095 4551; x_wconf 90' lang='lat' dir='ltr'>quia</span> <span class='ocrx_word' id='word_1_279' title='bbox 1117 4467 1165 4530; x_wconf 92' lang='lat' dir='ltr'>sol</span> <span class='ocrx_word' id='word_1_280' title='bbox 1188 4485 1288 4549; x_wconf 91' lang='lat' dir='ltr'>super</span> <span class='ocrx_word' id='word_1_281' title='bbox 1308 4465 1419 4547; x_wconf 90' lang='lat' dir='ltr'>capita</span> 
     </span>
     <span class='ocr_line' id='line_1_35' title="bbox 266 4568 1419 4652; baseline -0.005 -15"><span class='ocrx_word' id='word_1_282' title='bbox 266 4574 489 4639; x_wconf 89' lang='lat' dir='ltr'>habitantium</span> <span class='ocrx_word' id='word_1_283' title='bbox 516 4574 567 4638; x_wconf 90' lang='lat' dir='ltr'>bis</span> <span class='ocrx_word' id='word_1_284' title='bbox 590 4574 709 4637; x_wconf 91' lang='lat' dir='ltr'>transit</span> <span class='ocrx_word' id='word_1_285' title='bbox 731 4573 765 4637; x_wconf 91' lang='lat' dir='ltr'>in</span> <span class='ocrx_word' id='word_1_286' title='bbox 789 4592 888 4651; x_wconf 88' lang='lat' dir='ltr'>anno,</span> <span class='ocrx_word' id='word_1_287' title='bbox 903 4581 937 4637; x_wconf 88' lang='lat' dir='ltr'>et</span> <span class='ocrx_word' id='word_1_288' title='bbox 962 4591 1029 4635; x_wconf 93' lang='lat' dir='ltr'>non</span> <span class='ocrx_word' id='word_1_289' title='bbox 1051 4570 1187 4652; x_wconf 86' lang='lat' dir='ltr'>attingit</span> <span class='ocrx_word' id='word_1_290' title='bbox 1209 4570 1252 4632; x_wconf 90' lang='lat' dir='ltr'>ad</span> <span class='ocrx_word' id='word_1_291' title='bbox 1275 4568 1419 4651; x_wconf 85' lang='lat' dir='ltr'>Tropica</span> 
     </span>
    </p>
   </div>
   <div class='ocr_carea' id='block_1_6' title="bbox 267 4671 1418 4757">
    <p class='ocr_par' dir='ltr' id='par_1_6' title="bbox 267 4671 1418 4757">
     <span class='ocr_line' id='line_1_36' title="bbox 267 4671 1418 4757; baseline -0.008 -14"><span class='ocrx_word' id='word_1_292' title='bbox 267 4679 329 4743; x_wconf 88' lang='lat' dir='ltr'>nisi</span> <span class='ocrx_word' id='word_1_293' title='bbox 352 4678 464 4757; x_wconf 88' lang='lat' dir='ltr'>semel,</span> <span class='ocrx_word' id='word_1_294' title='bbox 482 4677 566 4741; x_wconf 91' lang='lat' dir='ltr'>utin</span> <span class='ocrx_word' id='word_1_295' title='bbox 588 4677 731 4743; x_wconf 89' lang='lat' dir='ltr'>solstitio</span> <span class='ocrx_word' id='word_1_296' title='bbox 752 4676 901 4741; x_wconf 75' lang='lat' dir='ltr'>aestivali</span> <span class='ocrx_word' id='word_1_297' title='bbox 915 4675 1006 4740; x_wconf 90' lang='lat' dir='ltr'>venit</span> <span class='ocrx_word' id='word_1_298' title='bbox 1028 4674 1071 4738; x_wconf 87' lang='lat' dir='ltr'>ad</span> <span class='ocrx_word' id='word_1_299' title='bbox 1094 4672 1273 4756; x_wconf 90' lang='lat' dir='ltr'>Tropicum</span> <span class='ocrx_word' id='word_1_300' title='bbox 1290 4671 1418 4750; x_wconf 89' lang='lat' dir='ltr'>Cancri,</span> 
     </span>
    </p>
   </div>
   <div class='ocr_carea' id='block_1_7' title="bbox 0 0 1792 5375">
    <p class='ocr_par' dir='ltr' id='par_1_7' title="bbox 0 0 1792 5375">
     <span class='ocr_line' id='line_1_37' title="bbox 0 0 1792 5375; baseline 0 0"><span class='ocrx_word' id='word_1_301' title='bbox 0 0 1792 5375; x_wconf 95' lang='lat' dir='ltr'> </span> 
     </span>
    </p>
   </div>
  </div>
 </body>
</html>
