3575 5375
352 637 411 679 110
563 621 719 681 OPERIS
743 619 932 691 MAJORIS
955 618 1071 679 PARS
1095 618 1280 692 QUARTA.

347 785 401 847 via
425 791 557 867 paretur
579 783 621 846 ad
641 781 775 865 judicia,
797 803 883 866 quae
910 782 979 846 fieri
1009 791 1149 867 possunt
1178 782 1359 846 secundum
1390 792 1502 867 potes-

348 898 451 952 tatem
468 887 705 969 philosophiae,
721 907 785 950 non
802 887 910 950 solum
928 887 961 950 in
982 886 1196 964 naturalibus,
1212 886 1270 950 sed
1291 887 1324 949 in
1345 887 1395 950 his
1414 908 1502 970 quae

348 1001 483 1055 sumunt
498 991 743 1055 inclinationem
760 1011 804 1053 ex
822 1000 948 1069 natura,
960 1000 994 1055 et
1009 991 1111 1074 gratis
1126 1001 1309 1073 sequuntur
1323 992 1499 1056 coelestem

347 1095 622 1179 dispositionem
645 1103 680 1157 et
705 1115 771 1158 non
792 1093 899 1157 solum
921 1095 964 1158 ad
983 1093 1106 1176 judicia
1131 1095 1354 1175 praesentium
1370 1105 1499 1177 praete·

348 1199 483 1263 ritorum
501 1209 535 1262 et
551 1197 746 1277 futurorum,
763 1199 821 1262 sed
840 1199 883 1262 ad
906 1219 1008 1280 opera
1029 1199 1187 1276 miranda,
1211 1208 1248 1262 ut
1272 1201 1383 1262 omnia
1406 1219 1500 1280 pros-

346 1323 426 1385 pera
460 1302 558 1384 hujus
589 1302 704 1365 mundi
735 1313 1002 1384 promoveantur,
1033 1310 1068 1366 et
1098 1303 1236 1365 adversa
1271 1303 1500 1386 reprimantur,

346 1404 471 1469 utiliter
486 1425 524 1470 ac
540 1403 723 1487 magnifice.
770 1403 843 1469 Nec
858 1414 934 1467 sunt
950 1403 1156 1468 haecdubia.
1190 1404 1278 1467 Nam
1295 1405 1501 1487 patriarchae

347 1519 380 1572 et
410 1507 593 1591 prophetae
621 1529 641 1572 a
673 1507 832 1589 principio
864 1508 979 1571 mundi
1009 1506 1271 1572 certificaverunt
1302 1508 1392 1582 haec,
1414 1509 1500 1573 sicut

346 1623 485 1676 caetera.
526 1613 571 1676 Et
585 1610 786 1676 Aristoteles
802 1611 973 1676 renovavit
989 1611 1261 1676 certificationem
1277 1613 1501 1696 antiquorum,

345 1727 380 1780 et
402 1717 562 1801 produxit
583 1717 616 1779 in
635 1714 751 1780 lucem.
798 1716 844 1779 Et
862 1735 979 1779 omnes
1003 1716 1170 1798 sapientes
1193 1716 1225 1779 in
1249 1717 1347 1781 rebus
1369 1719 1501 1800 magnis

345 1821 378 1884 in
394 1820 457 1885 hoc
472 1820 682 1898 concordant,
701 1829 735 1884 et
756 1821 962 1905 experientia
977 1822 1084 1885 docet.
1115 1820 1191 1885 'Sed
1206 1821 1317 1885 dehis
1332 1822 1500 1904 expositio

346 1923 404 1989 fiet
419 1945 480 1988 suo
496 1924 578 1988 loco.

178 2042 325 2094 Terrestrial
393 2029 532 2093 Planum
548 2049 627 2112 ergo
643 2039 701 2106 est,
713 2029 804 2111 quod
820 2028 975 2093 coelestia
987 2029 1135 2094 sciuntur
1146 2049 1205 2111 per
1221 2028 1500 2104 mathematicam,

176 2109 313 2240 &yffi
347 2141 381 2197 et
403 2135 492 2217 quod
520 2143 737 2216 praeparatur
761 2153 821 2216 per
844 2153 918 2196 eam
941 2133 995 2196 via
1017 2132 1060 2196 ad
1083 2133 1166 2199 haec
1187 2132 1349 2198 inferiora.
1395 2133 1498 2216 Quod

177 2241 333 2305 bycelestnl.
346 2248 457 2303 autem
474 2237 556 2301 haec
572 2235 726 2301 interiora
741 2257 808 2300 non
830 2248 968 2320 possunt
985 2239 1141 2320 cognosci
1162 2238 1233 2301 sine
1251 2238 1498 2314 mathematica,

345 2352 440 2426 patet
463 2343 571 2425 primo
596 2362 655 2425 per
681 2341 753 2420 hoc,
780 2342 870 2422 quod
895 2361 961 2404 non
983 2342 1106 2404 scimus
1130 2361 1182 2404 res
1202 2341 1263 2404 nisi
1290 2363 1351 2424 per
1373 2362 1498 2416 causas,

344 2448 370 2512 si
400 2448 533 2532 proprie
562 2446 744 2529 accipiatur
773 2445 919 2520 scientia,
950 2445 1035 2509 sicut
1064 2444 1265 2510 Aristoteles
1294 2447 1383 2511 dicit
1429 2445 1497 2510 Sed

345 2551 499 2616 coelestia
523 2561 603 2615 sunt
630 2570 748 2614 causae
778 2549 977 2613 inferiorum.
1028 2548 1121 2631 Ergo
1150 2570 1217 2612 uon
1246 2552 1390 2614 scientur
1415 2552 1498 2615 haec

344 2657 504 2733 interiora,
520 2655 581 2720 nisi
604 2655 749 2720 sciantur
766 2655 934 2732 coelestia,
950 2663 983 2719 et
1000 2654 1056 2720 illa
1077 2656 1147 2720 sine
1168 2655 1404 2721 mathematica
1422 2657 1497 2721 sciri

345 2781 412 2824 non
435 2769 584 2842 possunt.
631 2760 722 2842 Ergo
743 2759 862 2823 horum
886 2759 1074 2823 inferiorum
1097 2761 1236 2825 scientia
1262 2761 1429 2844 dependet
1452 2781 1497 2824 ex

175 2892 231 2941 The
242 2890 303 2939 1aws
346 2864 472 2928 eadem.
528 2862 684 2927 Secundo
714 2882 890 2946 possumus
914 2863 1024 2927 videre
1049 2884 1093 2927 ex
1118 2865 1271 2947 propriis,
1296 2865 1386 2947 quod
1417 2864 1496 2927 nihil

175 2958 316 3073 figtsffiin
345 2967 464 3031 horum
493 2965 681 3029 inferiorum
712 2985 778 3042 nec,
804 2967 1009 3048 superiorum
1036 2967 1111 3031 sciri
1139 2977 1249 3049 potest
1274 2968 1345 3032 sine
1368 2968 1497 3032 mathe-

177 3088 309 3154 vealedby
346 3072 489 3136 maticae
514 3080 691 3153 potestate.
738 3065 828 3135 Nam
856 3071 965 3134 omnis
988 3091 1041 3133 res
1068 3071 1224 3135 naturalis
1247 3073 1441 3155 producitur
1462 3073 1496 3135 in

175 3154 271 3271 ἓξὲξ
347 3197 418 3241 esse
445 3197 504 3260 per
527 3174 670 3239 efficiens
694 3185 728 3239 et
755 3176 928 3253 materiam
950 3177 982 3239 in
1005 3196 1106 3259 quam
1128 3186 1294 3260 operatur,
1314 3197 1392 3241 nam
1415 3176 1497 3242 haec

345 3282 413 3369 duo
428 3289 626 3346 concurrunt
642 3279 759 3362 primo·
793 3278 912 3361 Agens
927 3280 1018 3343 enirn
1033 3300 1093 3362 per
1108 3300 1202 3344 suam
1210 3281 1368 3345 virtutem
1385 3293 1497 3347 movet

344 3394 377 3449 et
393 3393 594 3448 transmutat
616 3382 798 3460 materiam,
822 3392 859 3445 ut
877 3382 937 3447 fiat
957 3403 1018 3446 res.
1065 3383 1133 3448 Sed
1148 3385 1251 3449 virtus
1267 3384 1441 3449 efficientis
1461 3394 1496 3449 et

344 3489 501 3554 materiae
517 3488 589 3553 sciri
606 3508 672 3552 non
690 3497 800 3570 potest
815 3488 886 3551 sine
908 3508 1028 3571 magna
1050 3488 1305 3554 mathematicae
1320 3499 1496 3572 potestate,

343 3594 428 3657 sicut
444 3612 506 3657 nec
521 3592 583 3675 ipsi
599 3590 737 3656 effectus
753 3592 917 3675 producti.
962 3591 1049 3656 Sunt
1063 3612 1143 3676 ergo
1157 3594 1239 3658 haec
1255 3594 1328 3670 tria,
1343 3594 1497 3674 efficiens,

345 3698 482 3761 materia
506 3706 540 3761 et
566 3693 714 3759 effectus.
761 3694 808 3758 Et
835 3698 868 3759 in
891 3695 1090 3760 coelestibus
1121 3696 1159 3761 fit
1188 3708 1303 3761 mutua
1324 3696 1496 3763 influentia

343 3801 513 3875 virtutum,
529 3811 567 3864 ut
589 3799 671 3863 lucis
692 3808 726 3863 et
741 3799 889 3877 aliarum,
906 3810 941 3863 et
961 3810 1012 3863 est
1034 3802 1066 3863 in
1085 3801 1133 3865 eis
1154 3800 1317 3875 alteratio,
1332 3802 1410 3866 licet
1429 3822 1496 3867 non

344 3906 386 3969 ad
407 3905 661 3987 corruptionem.
708 3902 754 3967 Et
769 3906 814 3968 sic
834 3913 947 3988 potest
967 3906 1108 3981 ostendi,
1129 3907 1221 3988 quod
1236 3906 1320 3970 nihil
1341 3907 1376 3970 in
1398 3908 1497 3971 rebus

343 4010 415 4074 sciri
445 4018 557 4093 potest
586 4009 658 4073 sine
686 4009 890 4091 geometriae
923 4018 1099 4091 potestate.
1155 4010 1329 4074 Habemus
1359 4032 1403 4073 ex
1432 4012 1495 4075 hoc

343 4123 550 4196 argumento,
577 4114 668 4193 quod
698 4113 849 4176 similiter
878 4112 963 4178 aliae
993 4125 1104 4197 partes
1133 4114 1389 4179 mathematicae
1417 4126 1495 4182 sunt

344 4219 564 4283 necessariae:
591 4236 658 4299 qua
680 4216 806 4281 ratione
829 4218 919 4281 enim
942 4216 1007 4288 illa,
1031 4229 1065 4282 et
1087 4218 1191 4283 aliae:
1218 4229 1253 4283 et
1276 4220 1495 4301 proculdubio

343 4323 442 4406 longe
458 4322 572 4404 magis,
582 4321 662 4405 quia
679 4322 859 4385 nobiliores
874 4331 962 4386 sunt.
1008 4320 1047 4387 Si
1063 4342 1141 4406 ergo
1157 4325 1368 4407 propositum
1384 4334 1496 4388 osten-

342 4428 494 4493 daturin
516 4426 736 4511 geometricis,
757 4446 823 4489 non
845 4438 897 4491 est
920 4447 1053 4491 necesse
1075 4429 1108 4491 in
1131 4427 1195 4492 hac
1217 4430 1430 4513 persuasione
1452 4430 1496 4494 de

343 4531 415 4596 aliis
431 4530 501 4595 fieri
516 4550 710 4596 sermonem.

392 4636 503 4701 Primo
540 4653 620 4717 ergo
657 4634 798 4699 ostendo
836 4635 1045 4719 propositum
1085 4636 1306 4718 geometricae
1342 4658 1363 4701 a
1399 4646 1497 4721 parte
