3575 5375
548 606 787 666 CORRECTIO
814 605 1089 664 CALENDARH,
1333 621 1393 683 275

241 768 418 846 antecedit,
447 777 578 852 oportet
610 769 701 851 quod
729 787 844 832 verum
876 766 1167 850 Quadragesimae
1193 766 1392 851 principium

241 873 393 937 similiter
435 873 592 937 ascendat
629 882 808 954 antequam
853 871 1029 955 incipiatur
1072 872 1252 936 secundum
1297 893 1393 937 usum

243 976 408 1057 ecclesiae,
423 987 457 1041 et
473 977 520 1040 ita
538 977 572 1039 in
590 996 667 1042 vera
688 974 954 1060 Quadragesima
969 995 1084 1039 carnes
1099 996 1158 1057 per
1176 975 1301 1040 multos
1324 976 1394 1044 dies

242 1084 476 1156 comedentur;
505 1091 540 1146 et
567 1080 599 1144 in
626 1089 757 1144 tantum
782 1089 893 1162 potest
921 1079 1166 1162 aequinoctium
1189 1081 1394 1159 antecedere,

242 1185 332 1268 quod
346 1193 419 1250 tota
438 1184 702 1268 Quadragesima
717 1205 795 1248 vera
813 1185 874 1248 erit
899 1183 933 1246 in
951 1192 1104 1266 tempore
1126 1204 1193 1267 quo
1214 1184 1394 1249 Christiani

243 1291 419 1354 comedent
444 1309 568 1365 carnes,
591 1291 681 1370 quod
710 1297 761 1352 est
792 1288 1074 1352 absurdissimum.
1120 1288 1167 1352 Et
1195 1288 1242 1353 sic
1273 1288 1393 1356 festum

244 1393 403 1458 Paschale
427 1413 495 1476 quo
523 1394 665 1457 mundus
690 1392 847 1470 salvatur,
870 1402 904 1457 et
935 1391 1058 1457 lestum
1090 1392 1300 1460 Pentecostes
1327 1413 1394 1476 quo

242 1499 350 1581 gratia
374 1498 438 1561 Dei
462 1496 582 1563 diffusa
606 1506 656 1562 est
680 1498 714 1561 in
733 1496 916 1578 ecclesiam,
940 1507 974 1561 et
1000 1509 1133 1565 caetera
1155 1497 1240 1563 festa
1259 1498 1395 1563 mobilia

242 1600 424 1667 violantur:
448 1611 482 1666 et
504 1621 565 1683 per
586 1621 792 1684 consequens
814 1600 879 1665 alia
902 1600 985 1666 lesta
1006 1602 1201 1682 immobilia,
1229 1604 1309 1686 quia
1339 1601 1395 1666 illa

243 1709 365 1771 cedunt
396 1705 548 1770 Paschati
578 1714 614 1788 et
644 1703 736 1771 iestis
761 1705 835 1770 aliis
869 1706 920 1770 sui
955 1708 1094 1790 generis,
1128 1716 1165 1772 ut
1195 1718 1313 1773 notum
1342 1715 1393 1771 est

242 1811 418 1876 evidenter.
465 1810 610 1874 Etcum
633 1809 715 1874 haec
737 1821 816 1875 sunt
838 1810 1011 1875 horribilia
1040 1831 1084 1875 ex
1113 1832 1159 1887 se,
1181 1823 1258 1876 sunt
1288 1811 1395 1895 magis

242 1914 344 1980 stulta
360 1925 394 1979 et
409 1915 572 1980 derisione
592 1915 714 1998 digna3
736 1915 814 1998 quia
836 1924 972 1998 propter
990 1915 1211 1998 ignorantiam
1235 1927 1269 1981 et
1291 1917 1395 1999 negli-

242 2021 388 2104 gentiam
405 2019 554 2083 diabolus
570 2019 759 2102 procuravit
774 2018 864 2102 quod
887 2020 933 2082 sic
957 2020 1119 2083 accideret
1139 2020 1296 2084 ecclesiae
1318 2021 1392 2085 Dei.

244 2124 333 2188 Nam
363 2144 430 2187 non
469 2133 640 2206 oporteret
676 2121 774 2196 aliud,
810 2122 871 2185 nisi
910 2123 999 2205 quod
1029 2122 1286 2187 certificarentur
1317 2125 1394 2188 anni
1507 2165 1522 2190 .

243 2228 412 2310 quantitas
428 2237 462 2292 et
478 2226 730 2310 aequinoctium.
777 2225 824 2289 Et
838 2227 866 2288 si
882 2226 1089 2310 peritissimis
1112 2229 1312 2292 astronomis
1327 2249 1394 2293 non

243 2333 428 2416 denegatur
450 2330 644 2396 certificatio
681 2331 876 2412 quantitatis
913 2332 1001 2410 anni,
1031 2340 1144 2396 tamen
1180 2330 1308 2396 facilius
1344 2341 1395 2398 est

244 2435 423 2500 certificare
446 2434 706 2518 aequinoctium,
725 2434 803 2519 quia
827 2454 886 2517 per
910 2442 1043 2499 centum
1069 2446 1103 2500 et
1123 2437 1251 2500 circiter
1276 2437 1395 2518 viginti

244 2561 347 2605 annos
362 2560 427 2604 non
445 2546 591 2604 mutatur
607 2538 669 2602 nisi
689 2559 748 2621 per
772 2558 872 2602 unam
891 2540 981 2602 diem
998 2542 1180 2604 secundum
1205 2542 1395 2624 opinionem

245 2645 350 2730 magis
374 2644 550 2727 probatam
580 2663 666 2709 nunc
696 2643 821 2708 diebus.
870 2644 917 2709 Et
939 2646 1073 2709 daretur
1102 2666 1155 2711 ars
1184 2647 1226 2711 de
1256 2644 1328 2725 hoc,
1361 2658 1395 2712 et

244 2752 346 2815 ctiam
369 2749 568 2813 inveniretur
589 2749 837 2832 aequinoctium
861 2770 920 2833 per
949 2749 1061 2814 secula
1083 2750 1194 2815 futura
1226 2772 1331 2835 usque
1360 2754 1394 2815 in

244 2853 344 2918 finem
368 2854 481 2918 mundi
502 2862 537 2918 et
560 2852 655 2933 ultra,
676 2854 766 2935 quod
789 2852 885 2918 sacile
911 2864 971 2934 est,
993 2866 1029 2918 et
1051 2854 1167 2921 fierent
1196 2856 1331 2923 tabulae
1360 2865 1395 2922 et

244 2978 385 3023 caumes
407 2959 449 3021 de
470 2958 544 3037 hoc,
567 2967 601 3022 et
622 2958 840 3022 scriberentur
862 2978 922 3040 per
944 2970 1051 3023 totam
1074 2959 1245 3025 ecclesiam
1269 2961 1343 3041 Dei,
1361 2972 1396 3029 et

243 3074 446 3147 ponerentur
467 3083 543 3126 cum
567 3061 763 3141 calendario,
793 3072 828 3127 et
856 3072 937 3126 tunc
968 3084 1033 3127 non
1064 3065 1227 3129 accideret
1257 3066 1394 3149 impedi·

245 3179 394 3232 mentum
431 3169 464 3231 in
506 3167 568 3233 hac
605 3178 710 3251 parte.
756 3166 804 3231 Et
840 3168 988 3231 similiter
1023 3168 1114 3231 aliud
1150 3169 1394 3251 aequinoctium

245 3272 381 3336 inveniri
411 3282 534 3353 posset,
558 3282 591 3335 et
616 3270 758 3335 solstitia
780 3272 822 3334 de
845 3270 942 3351 sacili,
967 3280 1001 3334 et
1031 3272 1138 3333 omnis
1167 3292 1257 3334 error
1284 3273 1317 3335 in
1344 3272 1395 3335 his

245 3386 459 3440 evacuaretur
473 3376 516 3438 ad
531 3374 659 3438 laudem
679 3386 714 3438 et
728 3374 888 3437 honorem
910 3374 983 3452 Dei,
999 3385 1034 3439 et
1054 3374 1247 3438 tollerentur
1261 3376 1396 3441 infamia

246 3490 280 3543 et
296 3478 498 3558 scandalum,
513 3497 599 3563 quae
620 3498 706 3541 nunc
732 3477 993 3561 multiplicantur
1015 3480 1105 3562 apud
1125 3499 1242 3542 omnes
1258 3500 1396 3564 compu-

245 3584 341 3648 tistas
363 3592 397 3647 et
419 3593 627 3646 astronomos
650 3593 684 3645 et
705 3583 871 3663 sapientes
894 3594 1030 3665 propter
1052 3602 1175 3647 errores
1196 3584 1255 3668 qui
1277 3585 1310 3647 in
1333 3585 1396 3649 hac

246 3698 340 3771 parte
355 3687 482 3769 vulgari
498 3686 541 3750 ab
557 3684 694 3750 ecclesia
709 3688 956 3769 permittuntur.

288 3786 360 3857 Sed
375 3790 482 3875 majus
497 3791 729 3855 inconveniens
743 3792 863 3855 accidit
879 3812 923 3855 ex
939 3789 1138 3873 primatione
1152 3792 1323 3875 designata
1338 3813 1398 3878 per
1410 3800 1466 3879 ¹The
1476 3816 1543 3851 error

246 3917 382 3961 aureum
401 3914 575 3959 numerum
596 3894 629 3957 in
652 3894 848 3959 calendario.
896 3896 985 3960 Nam
1003 3894 1142 3978 quilibet
1159 3906 1272 3979 potest
1287 3898 1398 3961 videre
1410 3868 1546 3983 ffi²⁸⁰

246 4002 289 4064 ad
305 4000 447 4078 oculum,
462 4000 489 4062 si
504 3999 642 4079 aspiciat
658 3997 797 4067 coelum.
813 4001 904 4081 quod
919 4000 998 4063 luna
1018 4011 1069 4064 est
1088 4001 1196 4083 prima
1216 4004 1398 4066 secundum
1413 4014 1489 4075 ”3⁰0³
1499 4015 1528 4048 ²⁵

247 4106 422 4169 veritatem
446 4124 504 4187 per
534 4112 602 4167 tres
631 4104 701 4167 dies
731 4102 783 4166 vel
814 4113 958 4187 quatuor
988 4115 1167 4187 antequam
1190 4107 1341 4190 signetur
1366 4109 1399 4171 in
1411 4064 1571 4180 ffipprthe

247 4209 443 4283 calendario,
469 4217 503 4270 et
519 4207 552 4271 in
571 4205 728 4270 omnibus
744 4205 838 4270 lxxvi
855 4208 950 4271 annis
973 4211 1095 4274 recedit
1117 4210 1273 4294 primatio
1289 4232 1309 4273 a
1325 4210 1399 4275 loco
1412 4196 1559 4311 {³3⁸2oe

247 4334 308 4378 suo
338 4314 371 4375 in
393 4312 579 4377 calendario
604 4332 664 4393 per
686 4311 742 4374 xvi
770 4313 897 4375 minuta
924 4312 1021 4376 unius
1042 4313 1106 4378 diei
1128 4322 1164 4377 et
1183 4313 1221 4376 xl
1244 4316 1400 4393 secunda,
1413 4326 1539 4440 osnenpy

1384 4418 1390 4430 ·
1414 4408 1489 4442 Seven
1516 4407 1573 4441 011ῐὸ

246 4429 281 4480 et
297 4417 361 4479 hoc
376 4429 427 4480 est
443 4413 540 4497 plus¹
558 4424 677 4497 quarta
693 4417 788 4479 unius
804 4416 878 4494 diei,
893 4425 928 4479 et
945 4436 1049 4499 prope
1064 4417 1197 4481 tertiam
1214 4419 1309 4481 unius
1325 4420 1401 4493 dier,
1414 4457 1440 4507 in
1454 4457 1573 4522 mem

282 4568 289 4596 ¹
307 4569 396 4617 lbave
407 4569 541 4619 corrected
552 4568 604 4616 this
615 4583 725 4630 passage
737 4568 802 4617 sronr
817 4568 889 4631 Opus
905 4568 1023 4628 Tertium,
1033 4584 1088 4630 cap.
1104 4584 1144 4630 70.
1177 4569 1311 4621 Hirsutum
1323 4572 1402 4621 usius

248 4648 298 4698 diei
309 4662 400 4697 means
416 4648 460 4697 the
473 4646 581 4696 sixtietb
596 4654 655 4708 part
670 4647 700 4695 oi
713 4663 729 4696 a
744 4648 804 4709 day,
822 4648 837 4695 i.
848 4662 871 4697 e.
891 4646 1062 4709 twenty-four
1078 4648 1199 4699 minuta.
1233 4648 1258 4699 lt
1274 4650 1340 4699 does
1356 4657 1404 4699 rrot

799 4740 859 4791 Ta
