3575 5375
352 627 411 686 106
563 630 722 690 OPERIS
746 630 936 701 MAJORIS
960 631 1076 690 PARS
1101 631 1286 706 QUARTA.

350 791 392 852 ad
425 799 558 856 sens'um
587 791 857 858 manifestentur:
895 805 1032 877 propter
1061 796 1152 877 quod
1180 799 1247 860 n'on
1284 805 1396 878 potest
1432 797 1506 858 es'se

351 894 517 960 dubitatio
529 897 565 960 in
586 917 635 962 ea.
681 897 749 963 Sed
771 898 803 960 in
826 898 900 962 aliis
921 898 1069 962 scientiis
1089 899 1227 963 excluso
1251 899 1506 964 mathematicae

351 999 520 1074 beneficio,
553 1009 603 1065 tot
634 1012 712 1066 sunt
743 1002 979 1083 dubitationes,
1000 1012 1053 1068 tot
1084 1004 1266 1086 opiniones,
1297 1014 1349 1068 tot
1378 1007 1506 1068 errores

351 1114 481 1186 aparte
496 1105 649 1183 hominis,
671 1118 708 1172 ut
730 1127 798 1171 non
822 1108 950 1189 possint
973 1108 1142 1190 explicari,
1159 1107 1429 1172 ut‘manisestum
1444 1118 1507 1185 est,

351 1209 508 1289 quoniam
532 1210 774 1275 demonstratio
796 1231 854 1294 per
877 1232 1010 1275 causam
1041 1213 1208 1294 propriam
1231 1223 1265 1276 et
1288 1214 1504 1277 necessariam

351 1332 417 1376 non
441 1322 492 1377 est
514 1313 548 1377 in
570 1314 618 1377 eis
640 1335 685 1378 ex
707 1316 841 1398 propria
864 1323 1043 1398 potestate,
1068 1336 1109 1379 eo
1130 1317 1220 1399 quod
1244 1316 1276 1379 in
1300 1315 1507 1381 naturalibus

352 1429 489 1500 propter
502 1421 750 1500 generationem
773 1428 807 1484 et
827 1421 1074 1502 corruptionem
1097 1421 1305 1504 propriarum
1322 1440 1507 1496 causarum,

352 1522 437 1585 sicut
445 1521 632 1601 effectuum,
645 1545 710 1588 non
724 1533 775 1587 est
786 1524 975 1589 necessitas.
1015 1524 1054 1587 In
1068 1525 1305 1608 metaphysicis
1317 1545 1384 1588 non
1394 1532 1506 1606 potest

353 1623 422 1689 fieri
446 1628 684 1691 demonstratio
707 1629 769 1692 nisi
796 1649 855 1720 per
883 1627 1049 1693 eflectum.
1095 1628 1265 1711 Quoniam
1297 1629 1507 1693 inveniuntur

353 1731 534 1814 spiritualia
557 1753 616 1816 per
638 1733 823 1816 corporales
847 1733 984 1797 effectus
1006 1744 1041 1796 et
1063 1743 1192 1797 creator
1221 1736 1281 1817 per
1309 1744 1505 1805 creaturam,

353 1836 438 1899 sicut
461 1845 554 1919 patet
578 1837 610 1899 in
633 1836 690 1899 illa
710 1837 858 1902 scientia.
905 1838 944 1901 In
975 1838 1157 1902 moralibus
1187 1859 1252 1903 non
1274 1849 1414 1922 possunt
1436 1858 1508 1902 esse

353 1961 398 2003 ex
409 1941 552 2022 propriis
562 1942 871 2020 demonstrationes,
882 1952 920 2006 ut
932 1941 1132 2007 Aristoteles
1143 1944 1250 2006 docet.
1296 1942 1344 2007 Et
1357 1942 1508 2007 similiter

353 2065 414 2109 nec
430 2046 462 2108 in
478 2044 672 2128 logicalibus
690 2066 750 2111 nec
765 2047 1079 2131 grammaticalibus,
1092 2057 1128 2111 ut
1143 2046 1280 2130 planum
1297 2057 1358 2125 est,
1369 2055 1508 2130 possunt

353 2170 427 2214 esse
441 2150 744 2216 demonstrationes
762 2152 956 2234 potissimae
970 2162 1107 2235 propter
1124 2151 1332 2216 debilitatem
1351 2150 1508 2214 materiae

353 2255 397 2318 de
411 2275 477 2338 qua
493 2264 571 2320 sunt
587 2254 662 2320 illae
677 2256 841 2321 scientiae.
888 2256 937 2320 Et
951 2256 1026 2320 ideo
1043 2258 1077 2320 in
1092 2256 1164 2320 sola
1180 2256 1415 2319 mathematica
1428 2264 1508 2317 sunt

353 2359 652 2423 demonstrationes
668 2362 859 2444 potissimae
872 2381 932 2444 per
942 2380 1076 2426 causam
1090 2361 1319 2425 necessariam.
1366 2360 1412 2422 Et
1431 2359 1508 2423 ideo

353 2464 461 2526 solum
478 2464 523 2527 ibi
540 2474 651 2546 potest
666 2465 769 2529 homo
783 2485 828 2528 ex
844 2475 1012 2547 potestate
1023 2465 1109 2529 illius
1120 2465 1277 2529 scientiae
1291 2465 1447 2528 devenire
1462 2462 1505 2526 ad

354 2569 536 2633 veritatem.
582 2569 742 2633 Similiter
765 2570 797 2632 in
821 2571 894 2633 aliis
923 2570 1070 2633 scientiis
1099 2579 1177 2633 sunt
1208 2568 1444 2642 dubitationes,
1474 2577 1508 2631 et

354 2673 535 2755 opiniones,
553 2683 588 2738 et
603 2674 855 2740 contrarietates
869 2696 890 2739 a
906 2685 1000 2758 parte
1019 2683 1140 2754 nostra,
1155 2683 1193 2739 ut
1216 2673 1273 2737 vix
1288 2673 1509 2739 concordetur

354 2778 387 2839 in
406 2797 470 2840 una
485 2777 642 2842 vilissima
657 2780 858 2861 quaestione,
874 2800 935 2843 noc
950 2779 985 2842 in
1000 2798 1068 2843 uno
1088 2779 1314 2862 sophismate;
1336 2798 1403 2841 non
1419 2778 1506 2840 enim

354 2882 487 2945 suntin
510 2883 558 2946 eis
580 2902 625 2945 ex
647 2904 707 2947 sua
730 2885 932 2967 proprietate
953 2884 1180 2965 experientiae
1211 2882 1444 2965 figurationum
1475 2891 1511 2945 et

355 2987 632 3066 numerationum‚
648 3007 706 3070 per
720 3008 803 3070 quas
819 2989 931 3051 omnia
945 2987 1116 3052 certificari
1136 2988 1269 3051 debent
1316 2986 1361 3049 Et
1382 2987 1460 3050 ideo
1474 2985 1508 3047 in

355 3090 427 3156 sola
443 3091 680 3155 mathematica
694 3103 745 3157 est
760 3093 926 3156 certitudo
942 3092 1011 3155 sine
1027 3093 1246 3156 dubitatione.

399 3196 512 3279 Quare
534 3207 627 3278 patet
657 3198 746 3279 quod
778 3197 804 3260 si
839 3197 872 3261 in
896 3196 968 3262 aliis
990 3196 1134 3261 scientiis
1156 3195 1319 3259 debemus
1340 3195 1453 3258 venire
1475 3194 1508 3256 in

356 3302 587 3366 certitudinem
618 3302 688 3365 sinc
719 3303 929 3367 dubitatione
958 3312 992 3365 et
1014 3302 1058 3365 ad
1081 3301 1256 3364 veritatem
1289 3299 1361 3363 sine
1389 3318 1509 3370 errore,

356 3416 489 3488 oportet
506 3414 542 3469 ut
560 3406 775 3471 fundamenta
793 3406 993 3491 cognitionis
1016 3406 1049 3469 in
1070 3403 1306 3468 mathematica
1325 3423 1510 3485 ponamus3

356 3520 519 3591 quatenus
540 3531 598 3594 per
618 3531 692 3574 eam
719 3512 871 3595 dispositi
892 3531 1068 3594 possumus
1092 3510 1279 3591 pertingere
1304 3509 1349 3572 ad
1376 3508 1510 3571 certitu·

356 3615 469 3678 dinem
493 3613 631 3677 aliarum
655 3616 875 3693 scientiarum,
891 3625 924 3678 et
948 3616 990 3679 ad
1011 3615 1185 3678 veritatem
1208 3632 1267 3695 per
1285 3611 1510 3676 exclusionem

357 3720 483 3782 erroris.
530 3718 575 3780 Et
590 3718 673 3784 haec
689 3721 773 3783 ratio
789 3730 901 3803 potest
917 3740 976 3803 per
993 3716 1099 3783 simile
1122 3718 1228 3799 rnagis
1248 3714 1462 3793 manifestari,
1477 3728 1511 3779 et

357 3822 536 3907 principale
565 3824 665 3886 etiarn
690 3824 898 3908 propositum
928 3843 1054 3887 nonum
1078 3821 1238 3886 Euclidis.
1291 3818 1388 3885 Sicut
1420 3820 1510 3882 enim

357 3928 503 4009 cognitio
518 3927 737 3992 conclusionis
757 3928 916 3992 sehabet
937 3929 980 3992 ad
1001 3927 1225 4009 cognitionem
1245 3926 1511 4007 praemissarum,

358 4043 395 4095 ut
411 4034 437 4094 si
453 4033 496 4095 sit
513 4032 544 4094 in
560 4032 607 4095 eis
622 4053 713 4097 error
727 4044 760 4097 et
779 4033 957 4110 dubitatio,
972 4053 1038 4096 non
1053 4033 1158 4114 possit
1176 4032 1298 4093 veritas
1316 4030 1429 4093 haberi
1451 4049 1512 4112 per

357 4157 412 4200 eas
429 4135 471 4200 de
486 4136 705 4216 conclusione,
721 4158 782 4201 nec
793 4138 968 4210 certitudo,
983 4136 1063 4219 quia
1076 4135 1216 4199 dubium
1228 4154 1295 4197 non
1311 4132 1513 4199 certificatur

356 4260 417 4323 per
445 4241 593 4321 dubium,
623 4263 683 4306 nec
713 4263 827 4307 verum
858 4263 918 4324 per
950 4241 1069 4305 salsum
1100 4242 1270 4323 probatur,
1298 4237 1376 4301 licet
1406 4237 1512 4321 possit

358 4345 545 4427 syllogirari
570 4367 613 4410 ex
637 4346 736 4425 salsis,
756 4346 954 4429 syllogismo
976 4346 1137 4410 inserente
1163 4363 1231 4408 non
1256 4344 1441 4425 probante3
1463 4342 1511 4405 sic

357 4460 408 4513 est
424 4452 465 4514 de
480 4451 622 4514 scientiis
638 4452 805 4529 totalibus,
817 4451 907 4535 quod
923 4450 998 4514 illae
1014 4452 1047 4514 in
1063 4450 1182 4532 quibus
1198 4459 1275 4512 sunt
1286 4446 1512 4511 dubitationes

357 4553 570 4619 vehementes
593 4565 627 4619 et
651 4555 858 4639 multiplices,
880 4565 983 4637 atque
1016 4555 1191 4639 opiniones
1221 4563 1254 4617 et
1277 4572 1413 4627 errores
1435 4550 1512 4613 dico

358 4658 476 4721 saltem
494 4679 515 4721 a
530 4669 624 4742 parte
640 4669 759 4735 nostra,
775 4668 909 4741 oportet
924 4660 1014 4742 quod
1030 4657 1221 4741 hujusmodi
1237 4656 1462 4721 dubitationes
1478 4664 1512 4719 et
