3575 5375
419 653 771 713 MATHEMATICAE
795 655 848 713 IN
869 655 1041 714 DIVINIS
1070 656 1276 716 UTILITAS.
1362 674 1423 734 227

268 813 407 881 habebit
428 830 600 902 4143,750
623 816 785 882 milliaria.
831 817 898 881 His
920 819 1009 882 enim
1032 819 1162 884 duabus
1179 820 1423 903 quantitatibus

269 921 467 1003 indigemus,
481 922 568 986 sicut
586 930 620 985 et
635 921 774 987 caeteris
790 922 977 1005 praedictis.

315 1025 381 1090 His
402 1027 490 1104 visis,
505 1027 743 1090 consideranda
764 1036 816 1090 est
829 1026 975 1092 altitudo
997 1027 1202 1106 coelestium,
1217 1037 1251 1093 et
1273 1028 1423 1094 similiter
1435 1044 1537 1094 Dimen-

271 1131 467 1212 magnitudo
497 1140 532 1194 et
561 1129 751 1214 spissitudo.
796 1131 885 1196 Nam
909 1131 1116 1216 Alfraganus
1142 1134 1224 1197 dicit
1247 1135 1308 1196 xxi
1331 1108 1591 1225 capi-{ieffssjfifflffie

269 1233 352 1312 tulo,
379 1236 471 1316 quod
498 1235 710 1298 Ptolemaeus
740 1242 774 1298 et
803 1233 858 1299 alii
889 1235 1057 1319 sapientes
1086 1246 1268 1319 posuerunt
1299 1238 1544 1305 medie-⁸vberrs·

270 1347 377 1402 tatem
398 1338 636 1404 semidiametri
658 1348 766 1403 terrae
788 1360 860 1404 esse
880 1341 1105 1421 quantitatem
1126 1361 1194 1424 qua
1215 1342 1323 1406 metiti
1344 1351 1423 1405 sunt

270 1440 494 1526 longitudines
529 1464 552 1507 a
581 1452 695 1507 centro
726 1451 843 1518 terrae,
874 1454 909 1508 et
944 1454 1125 1526 posuerunt
1161 1464 1282 1529 corpus
1316 1454 1424 1510 terrae

270 1548 490 1629 quantitatem
512 1569 578 1631 qua
601 1557 874 1613 mensuraverunt
896 1569 1036 1633 corpora
1058 1549 1238 1614 stellamm.
1284 1549 1331 1614 Et
1356 1549 1422 1615 hoc

271 1650 352 1714 satis
373 1661 468 1734 patet
490 1673 534 1716 ex
556 1651 896 1717 demonstrationibus
923 1652 1105 1719 Ptolemaei
1132 1655 1250 1739 quinta
1275 1655 1423 1719 dictione

270 1753 469 1839 Almagesti.
516 1755 705 1822 Sententiat
739 1778 819 1841 ergo
853 1756 1055 1841 Alfraganus
1091 1779 1138 1822 ex
1174 1760 1424 1844 comparatione

271 1859 507 1925 semidiametri
536 1870 644 1925 terrae
673 1862 716 1926 ad
741 1862 1027 1927 semidiametrum
1059 1864 1148 1928 orbis
1173 1865 1307 1943 stellati,
1331 1865 1424 1947 quod

271 1963 428 2028 distantia
458 1965 549 2030 orbis
578 1965 700 2030 stellati
729 1987 751 2030 a
779 1976 895 2031 centro
925 1975 1030 2029 terrae
1059 1975 1112 2030 est
1137 1967 1276 2050 vigesies
1304 1969 1424 2032 millies

271 2069 395 2132 centies
422 2070 532 2133 decies
559 2069 705 2153 aequalis
735 2070 908 2134 medietati
933 2070 1087 2134 diametri
1114 2082 1231 2148 terrae,
1255 2073 1347 2154 quod
1373 2083 1424 2136 est

272 2175 447 2254 sexaginta
465 2175 613 2256 quinque
636 2173 726 2237 mille
743 2172 844 2236 millia
866 2183 1013 2238 trecenta
1036 2174 1278 2257 quinquaginta
1293 2184 1424 2258 septem

273 2276 376 2340 millia
397 2278 579 2360 quingenta
601 2277 761 2354 milliaria,
782 2278 873 2360 quod
899 2277 927 2341 si
951 2277 1147 2360 duplicetur,
1171 2280 1234 2342 erit
1259 2280 1424 2344 diameter

272 2381 375 2443 totius
402 2381 492 2444 orbis
517 2380 639 2445 stellati
666 2381 790 2446 scilicet
817 2395 1030 2464 130,715,ooo
1053 2381 1215 2446 milliaria.
1270 2383 1319 2447 Et
1347 2402 1424 2447 curn

242 2525 245 2532 ,
275 2483 514 2566 multiplicatur
528 2483 592 2548 hoc
608 2486 642 2548 in
659 2486 724 2549 tria
739 2493 773 2548 et
792 2485 971 2567 septimam
992 2485 1144 2549 diametri
1160 2487 1222 2551 erit
1240 2487 1425 2552 rotunditas

275 2589 414 2651 maximi
437 2587 550 2653 circuli
568 2589 603 2652 in
625 2589 718 2653 coelo
733 2588 877 2666 stellato,
891 2589 1018 2654 scilicet
1031 2587 1244 2672 4ro,818,571
1263 2590 1426 2670 milliaria,

274 2703 308 2757 et
330 2704 397 2758 tres
415 2695 576 2777 septimae
596 2694 750 2773 milliarii,
764 2693 828 2759 hoc
844 2704 905 2770 est,
923 2711 1017 2775 1,714
1032 2695 1145 2770 cubiti,
1163 2705 1197 2760 et
1220 2712 1239 2760 2
1262 2697 1426 2781 septimae

274 2799 386 2862 cubiti.
433 2799 479 2863 Et
501 2800 529 2863 si
552 2798 640 2863 hunc
662 2819 836 2863 numerum
860 2799 1069 2864 diviserimus
1089 2800 1123 2863 in
1140 2799 1205 2885 360
1223 2811 1343 2885 partes,
1360 2821 1426 2864 una

273 2923 359 2986 pars,
375 2900 499 2967 scilieet
521 2904 685 2986 quaeerit
707 2903 908 2985 quantitatis
924 2904 1022 2969 unius
1042 2906 1165 2989 gradus
1184 2905 1269 2969 coeli
1290 2904 1425 2979 stellati,

274 3007 412 3071 habebit
434 3006 587 3071 milliaria
609 3007 826 3085 1,141‚162et
851 3022 910 3087 251
929 3009 1179 3073 trecentesimas
1200 3010 1426 3092 sexagesimas

276 3111 429 3186 milliarii,
445 3110 508 3175 hoc
529 3122 581 3176 est
597 3109 692 3192 2,788
709 3112 822 3187 cubiti,
837 3122 871 3175 et
891 3121 970 3176 octo
985 3131 1092 3175 nonae
1107 3114 1204 3176 unius
1221 3114 1332 3177 cubiti.
1378 3114 1425 3176 Et

274 3217 301 3279 si
317 3216 510 3279 duxerimus
522 3215 721 3279 diametrum
737 3214 770 3278 in
787 3215 1036 3294 rotunditatem,
1047 3216 1109 3279 erit
1123 3214 1312 3298 superficies
1322 3218 1426 3281 totius

275 3319 359 3383 coeli
382 3317 514 3395 stellati,
530 3316 960 3399 53‚7oo,149,508‚265‚0oo,
982 3319 1148 3397 videlicet,
1171 3319 1429 3404 quinquagesies

274 3436 325 3488 ter
340 3422 495 3486 millesies
516 3422 670 3485 millesies
691 3421 845 3485 millesies
861 3421 1016 3485 millesies
1031 3421 1122 3485 mille
1136 3422 1288 3501 millaria,
1301 3424 1425 3506 septin-

275 3527 438 3610 gentesies
464 3524 620 3589 millesies
647 3525 801 3589 millesies
828 3524 983 3590 millesies
1006 3526 1097 3590 mille
1123 3525 1282 3604 milliaria,
1303 3528 1427 3591 centies

276 3632 512 3714 quadragesies
535 3630 648 3693 novies
675 3630 831 3694 millesies
854 3629 1012 3694 millesies
1034 3630 1125 3696 mille
1147 3630 1308 3709 milliaria,
1330 3632 1426 3714 quin·

276 3736 440 3818 gentesies
458 3734 562 3798 octies
582 3732 738 3797 millesies
759 3733 851 3797 mille
870 3733 1032 3812 milliaria,
1048 3735 1220 3798 ducenties
1238 3737 1429 3820 sexagesies

276 3840 422 3922 quinque
445 3838 548 3902 millia
566 3837 719 3903 milliaria
728 3835 751 3902 ¹.
795 3837 1052 3904 Semidiameter
1070 3849 1183 3903 autem
1203 3839 1286 3904 coeli
1305 3839 1428 3905 stellati

278 3952 328 4007 est
361 3944 535 4024 longitudo
570 3942 702 4026 longior
735 3942 826 4006 orbis
860 3943 1004 4021 Saturni,
1034 3944 1112 4025 quia
1143 3942 1330 4025 junguntur
1357 3945 1430 4008 sine

277 4048 399 4111 medio.
445 4046 513 4111 Sed
532 4047 605 4129 ejus
621 4047 795 4131 longitudo
815 4047 1033 4132 propinquior
1047 4057 1154 4111 terrae
1169 4057 1220 4111 est
1235 4047 1430 4127 46,816‚25o

277 4151 439 4226 milliaria,
454 4152 545 4234 quod
564 4162 616 4215 est
635 4151 812 4234 longitudo
829 4150 962 4235 longior
980 4150 1072 4216 orbis
1090 4150 1194 4232 Jovis‚
1208 4150 1303 4232 cujus
1323 4151 1431 4234 longi·

310 4312 318 4342 ¹
334 4314 391 4362 'l'he
408 4312 594 4375 manipulation
612 4312 643 4361 oi
660 4314 736 4362 these
752 4310 823 4374 large
840 4312 963 4361 numbers
980 4313 1002 4361 is
1019 4311 1190 4374 interesting
1212 4311 1264 4361 and
1281 4312 1345 4373 they
1361 4328 1430 4374 may,

276 4392 399 4457 perhaps,
411 4399 439 4440 to
454 4407 528 4441 some
540 4398 631 4440 extent
642 4397 752 4441 account
764 4392 804 4439 sor
815 4390 859 4439 the
870 4398 1050 4440 contentment
1061 4390 1091 4439 oi
1101 4390 1148 4439 the
1164 4391 1267 4440 ancient
1281 4390 1334 4439 and
1350 4390 1431 4439 medi-

276 4472 349 4522 aeval
362 4471 431 4519 mind
441 4471 504 4519 with
513 4487 529 4520 a
536 4470 635 4520 limited
644 4470 772 4521 universe.
794 4469 975 4530 Archimedes,
986 4469 1015 4518 in
1023 4468 1064 4519 his
1074 4469 1234 4531 Paamnn'tes,
1244 4468 1297 4517 had
1307 4469 1432 4529 assigned
1468 4522 1471 4527 ,

276 4568 292 4601 a
302 4551 386 4599 wider
396 4551 462 4599 limit
473 4550 513 4598 sor
524 4550 570 4599 the
581 4550 707 4599 diameter
718 4548 747 4597 oi
753 4548 799 4597 the
812 4550 948 4607 universe;
968 4549 1017 4598 via.
1030 4555 1076 4597 ten
1086 4547 1216 4597 thomaud
1228 4546 1326 4595 million
1337 4547 1429 4609 stadia,

277 4644 369 4678 otone
381 4628 510 4676 thousand
523 4626 621 4675 million
634 4626 716 4687 miles,
728 4642 758 4675 as
770 4627 871 4689 against
882 4643 933 4676 one
945 4628 1064 4675 hundred
1076 4627 1128 4675 and
1141 4625 1223 4687 thirty
1235 4624 1331 4673 million
1347 4623 1373 4671 in
1386 4624 1431 4674 the

276 4706 453 4770 computation
465 4705 496 4753 oi
502 4704 659 4767 Aliraganus
669 4706 721 4755 and
732 4704 831 4755 Baton.

821 4796 882 4861 Q2
