3575 5375
355 605 705 664 MATHEMATICAE
730 606 782 663 IN
803 605 1008 665 PHYSICIS
1035 606 1242 666 UTILITAS.
1349 623 1408 684 159

255 769 454 833 diametrum
485 766 603 851 scyphi
633 766 809 832 contrahet
838 789 874 832 se
897 789 918 832 a
940 768 1101 833 lateribus
1122 769 1219 847 vasis,
1241 779 1276 832 et
1306 787 1405 832 coan-

253 874 401 956 gustabit
422 892 458 938 se
478 874 511 936 in
533 873 721 956 portionem
748 873 885 937 minoris
902 873 1074 958 sphaerae,
1093 876 1172 958 quia
1191 873 1407 958 propinquior

254 987 305 1041 est
327 988 440 1042 centro
464 977 588 1051 mundi,
603 985 637 1040 et
660 976 736 1041 ideo
758 977 883 1042 chorda
907 978 1055 1061 ejusdem
1079 998 1186 1060 aquae
1208 977 1266 1043 fiet
1289 980 1405 1057 minor,

253 1102 354 1164 quarn
377 1084 512 1166 quando
538 1081 600 1146 suit
629 1083 789 1164 superius.
836 1082 882 1146 Et
905 1083 968 1147 erit
1000 1102 1077 1165 pars
1106 1083 1259 1148 diametri
1287 1083 1404 1165 scyphi

254 1185 324 1266 ejus
353 1186 490 1262 chorda,
529 1206 595 1250 non
632 1196 705 1250 tota
741 1187 913 1264 diameter,
943 1187 1003 1250 sed
1040 1208 1086 1251 ex
1123 1196 1265 1270 utroque
1302 1188 1405 1251 latere

252 1290 466 1354 abscindetur
495 1289 619 1373 aliquid
651 1291 694 1354 de
723 1291 897 1369 diametro,
924 1302 963 1356 ut
991 1291 1157 1356 residuum
1191 1291 1250 1356 fiat
1280 1292 1405 1357 chorda

253 1394 414 1478 portionis
445 1414 561 1478 aquae.
606 1393 819 1478 Quapropter
840 1395 875 1458 in
896 1394 1056 1459 lateribus
1077 1416 1185 1479 aquae
1206 1418 1227 1460 a
1249 1395 1323 1460 loco
1344 1396 1404 1459 ab·

253 1499 419 1562 scissionis
439 1499 592 1565 diametri
606 1519 718 1581 usque
738 1500 780 1562 ad
801 1521 860 1564 vas
883 1510 983 1565 erunt
1004 1501 1072 1564 duo
1090 1501 1199 1584 spatia
1220 1520 1331 1583 parva,
1347 1500 1403 1563 ubi

253 1603 375 1685 poterit
396 1603 472 1684 plus
494 1604 537 1667 de
559 1625 646 1688 aqua
660 1603 796 1667 ‘infundi
818 1623 920 1686 quarn
943 1606 1079 1688 quando
1101 1613 1152 1668 est
1181 1604 1214 1666 in
1245 1607 1403 1685 superiori

253 1706 336 1770 loco.
382 1707 428 1770 Et
450 1707 513 1770 hoc
536 1717 646 1772 totum
668 1708 747 1772 iacit
769 1707 937 1771 inclinatio
958 1728 1065 1790 aquae
1086 1710 1267 1773 secundum
1295 1708 1403 1791 legem

252 1830 331 1874 suae
344 1812 519 1894 gravitatis
539 1811 712 1896 figurantis
732 1833 768 1876 se
790 1813 972 1876 secundum
994 1813 1169 1895 sphaeram
1193 1813 1352 1878 minorem
1369 1823 1404 1878 et

253 1915 410 1996 majorem
428 1927 579 1998 respectu
589 1917 693 1981 centri
706 1917 841 1991 mundi;
864 1937 942 1980 cum
955 1928 1068 1981 tamen
1079 1917 1180 1998 vulgo
1196 1917 1401 1982 studentium

251 2020 402 2082 videatur
422 2019 486 2083 hoc
509 2041 582 2084 esse
604 2023 739 2085 omnino
762 2020 976 2104 impossibile,
1000 2022 1068 2085 imo
1091 2021 1219 2103 magnis
1244 2021 1323 2084 viris
1345 2023 1402 2105 qui

251 2123 452 2206 geometriae
466 2124 616 2190 nesciunt
632 2136 843 2209 potestatem.

663 2565 888 2631 Crrrruaun
914 2563 996 2629 XII.

293 2806 350 2871 An
387 2805 512 2892 figurae
548 2807 693 2891 quinque
723 2828 899 2891 corporum
930 2806 1130 2893 regularium
1164 2807 1291 2873 mundo
1321 2829 1399 2872 con-

248 2913 394 2991 veniunt,
417 2922 454 2976 ut
476 2912 652 2977 voluerunt
677 2912 845 2979 Platonici.

293 3120 349 3183 Ex
381 3119 453 3186 istis
482 3140 561 3185 vero
591 3117 843 3202 figurationibus
873 3120 1051 3204 sphaericis
1080 3140 1256 3203 corporum
1283 3120 1397 3183 mundi
1412 3141 1506 3190 pras,

246 3224 392 3306 aperitur
408 3243 568 3306 magnum
583 3222 838 3288 fundamentum
856 3224 890 3285 in
908 3222 1144 3287 certificatione
1159 3241 1267 3285 rerum
1285 3233 1396 3286 natur·
1408 3208 1551 3336 aaa„

246 3327 359 3407 alium,
375 3338 410 3392 et
425 3337 626 3411 evacuantur
643 3326 808 3391 violentae
828 3326 996 3390 falsitates.
1042 3324 1131 3389 Nam
1152 3324 1311 3389 Platonici
1323 3324 1343 3403 ¹,
1363 3326 1395 3388 in
1409 3337 1487 3387 derce
1498 3340 1528 3386 or

245 3451 388 3513 quorum
411 3440 562 3516 tempore
591 3431 697 3513 viguit
727 3430 922 3521 geometria,
945 3438 981 3493 ut
1004 3428 1170 3493 Averroes
1191 3429 1273 3493 dicit
1296 3429 1396 3493 tertio
1408 3402 1524 3517 ffi'fflu,

246 3535 338 3600 Coeli
354 3546 388 3601 et
405 3535 530 3614 Mundi,
546 3536 802 3599 aestimaverunt
818 3535 909 3616 quod
921 3554 1059 3619 corpora
1068 3534 1182 3597 mundi
1193 3534 1396 3616 principalia,
1408 3534 1528 3585 clemens
1540 3546 1567 3583 ¹0

245 3640 370 3705 scilicet
383 3638 511 3703 coelum
523 3649 556 3703 et
566 3650 709 3722 quatuor
720 3639 893 3717 elementa,
903 3638 1120 3721 figurarentur
1129 3636 1242 3720 figuris
1251 3640 1397 3721 quinque
1408 3600 1452 3649 ‘h‘
1464 3600 1509 3715 lx

245 3743 472 3827 corporalibus
487 3762 574 3825 quae
590 3743 756 3825 regulares
772 3752 941 3822 vocantur,
956 3752 990 3806 et
1006 3751 1084 3807 sunt
1105 3742 1347 3826 aequiangulae
1361 3754 1395 3807 et
1409 3748 1438 3781 ⁵⁰
1449 3734 1494 3783 id&

245 3846 469 3929 aequilaterae
499 3858 533 3911 et
569 3846 804 3930 inscriptibiles
839 3846 980 3929 spherae
1011 3857 1046 3912 et
1075 3845 1396 3931 circumscriptibiles

245 3952 363 4027 eidem,
378 3960 411 4014 et
423 3951 532 4014 nullae
544 3949 638 4015 aliae.
685 3950 730 4014 Et
745 3962 881 4035 propter
890 3950 951 4014 has
960 3970 1076 4015 causas
1085 3959 1162 4014 sunt
1172 3950 1396 4016 nobilissimae

244 4054 422 4138 figurarum
439 4064 568 4137 praeter
586 4054 771 4138 sphaeram,
787 4076 870 4138 quas
891 4054 977 4120 lator
997 4057 1219 4138 praesentium
1244 4058 1287 4121 de
1308 4055 1395 4119 sacili

243 4167 356 4241 potest
371 4169 591 4240 praesentare,
604 4170 637 4223 et
651 4170 728 4223 sunt
745 4168 811 4222 tres
826 4179 870 4223 ex
880 4158 1115 4241 superficiebus
1130 4158 1395 4242 triangularibus,

243 4272 278 4327 et
300 4271 421 4344 quarta
446 4283 491 4327 ex
521 4263 702 4346 quadratis,
728 4272 762 4325 et
791 4262 909 4346 quinta
937 4282 982 4326 ex
1012 4264 1230 4346 pentagonis3
1263 4273 1296 4327 et
1327 4283 1394 4326 non

243 4376 381 4448 possunt
396 4387 468 4431 esse
485 4366 604 4449 plures,
620 4367 709 4448 quod
731 4376 781 4429 est
802 4366 961 4430 mirabile.
1010 4366 1122 4429 Prima
1136 4365 1238 4430 habet
1253 4375 1396 4449 quatuor

241 4470 433 4555 superficies
456 4470 682 4552 triangulares,
703 4481 736 4533 et
761 4471 1115 4561 vocaturtetraedrum
1138 4490 1159 4533 a
1177 4468 1282 4549 τετράς
1303 4470 1394 4552 quod

335 4636 343 4665 ¹
361 4636 413 4687 See
429 4636 554 4697 Tutunus,
566 4650 606 4699 ⁵⁴·
644 4636 667 4687 lt
677 4637 741 4686 does
754 4644 798 4686 not
810 4650 908 4701 appear
918 4636 975 4684 that
986 4635 1074 4685 Bacon
1086 4635 1137 4685 had
1149 4636 1211 4685 read
1224 4634 1304 4684 Plato.
