3575 5375
372 613 721 674 MATHEMATICAE
745 617 796 674 IN
818 618 1021 678 PHYSICIS
1048 619 1256 678 UTILITAS.
1361 637 1418 697 157

310 785 468 852 Similiter
497 787 540 851 de
573 786 807 870 sphaericitate
840 785 924 850 aeris
956 805 1101 850 concava
1132 785 1218 849 intra
1247 794 1281 848 et
1310 796 1416 864 extra,
1430 799 1482 848 nir.

264 893 402 956 omnino
426 893 667 973 negotiandum
692 900 743 954 est
767 890 851 954 sicut
875 890 909 953 in
934 890 1041 974 prima
1065 889 1348 954 demonstratione
1373 890 1416 953 de

264 1015 372 1078 aqua3
394 997 473 1080 quia
488 1016 544 1060 aer
559 1005 609 1059 est
625 993 756 1076 gravis¹
772 993 806 1057 in
821 994 962 1077 sphaera
978 1014 1039 1058 sua
1057 993 1141 1058 sicut
1160 1014 1256 1076 aqua,
1271 1004 1308 1059 ut
1326 995 1416 1076 prius

265 1099 417 1165 habiturn
432 1109 490 1177 est,
505 1110 539 1164 et
555 1099 631 1164 ideo
647 1099 747 1164 currit
762 1100 804 1163 ad
820 1098 1003 1162 inferiorern
1019 1097 1138 1164 locum.
1185 1098 1231 1162 Et
1246 1109 1416 1182 praeterea

264 1225 406 1268 vacuum
423 1214 509 1268 esset
521 1204 607 1268 inter
617 1223 728 1268 aerem
744 1212 778 1267 et
789 1223 920 1285 aquam,
932 1203 959 1266 si
970 1212 1124 1267 aeresset
1134 1203 1269 1268 alterius
1281 1202 1414 1285 figurae.

266 1308 370 1386 Nam,
384 1308 411 1372 si
432 1318 519 1372 esset
535 1308 661 1390 planae,
676 1317 756 1371 tunc
776 1327 841 1371 non
856 1317 1009 1391 tangeret
1026 1327 1137 1371 aerem
1152 1307 1214 1370 nisi
1230 1307 1262 1370 in
1282 1318 1417 1389 puncto,

265 1433 325 1495 per
347 1413 480 1478 tertiam
508 1413 606 1496 primi
631 1412 706 1476 libri
724 1411 927 1487 Theodosii;
956 1411 1034 1493 quia
1053 1411 1194 1494 sphaera
1214 1431 1281 1475 non
1306 1413 1417 1495 tangit

267 1515 403 1598 planum
421 1518 483 1580 nisi
499 1517 530 1579 in
548 1526 680 1601 puncto,
692 1525 729 1579 ut
738 1516 783 1579 ibi
799 1515 928 1580 dicitur.
966 1514 1004 1580 Si
1016 1535 1095 1578 vero
1104 1534 1284 1591 convexae,
1296 1515 1416 1578 iterum

267 1641 333 1685 non
354 1623 463 1704 tangit
490 1621 551 1686 nisi
579 1621 613 1684 in
640 1630 765 1703 puncto
791 1640 852 1702 per
876 1618 1107 1684 duodecimam
1136 1621 1226 1684 tertii
1257 1619 1416 1685 Euclidis.

268 1723 357 1787 Nam
374 1725 544 1806 signentur
559 1726 628 1788 duo
643 1723 756 1787 circuli
778 1723 811 1786 in
829 1722 968 1806 sphaera
988 1743 1095 1804 aquae
1115 1743 1276 1800 convexa,
1290 1733 1325 1788 et
1341 1744 1417 1787 aere

265 1845 428 1907 convexo,
446 1849 512 1892 non
531 1849 568 1892 se
587 1837 728 1911 tangent
749 1827 795 1890 illi
818 1825 929 1890 circuli
952 1827 1014 1890 nisi
1037 1827 1071 1890 in
1095 1847 1161 1889 uno
1182 1838 1315 1910 puncto,
1331 1827 1416 1892 sicut

265 1933 425 2013 probatur
454 1932 487 1995 in
517 1930 572 1994 illa
595 1931 803 1994 duodecima.
848 1929 941 2012 Ergo
973 1950 1034 1994 nec
1062 1950 1203 2012 corpora
1232 1932 1265 1994 in
1296 1932 1416 2013 quibus

268 2037 460 2118 signantur3
483 2035 599 2099 namsi
614 2055 753 2117 corpora
767 2055 804 2098 se
820 2043 996 2117 tangerent
1011 2036 1044 2098 in
1054 2035 1203 2117 pluribus
1214 2035 1305 2113 locis,
1320 2046 1355 2099 et
1370 2036 1416 2099 illi

266 2139 384 2218 circuli,
397 2150 434 2205 ut
446 2150 539 2223 patet
550 2141 592 2204 ad
604 2159 748 2204 sensum.
787 2138 832 2202 Et
844 2137 891 2202 ita
903 2147 1045 2221 oportet,
1056 2140 1148 2220 quod
1161 2149 1302 2222 utroque
1314 2140 1415 2203 modo

268 2245 312 2307 sit
327 2264 478 2308 vacuum.
520 2243 566 2308 Et
586 2245 613 2308 si
636 2253 724 2308 esset
741 2242 876 2306 alterius
895 2242 1112 2307 concavitatis
1127 2262 1229 2324 quam
1244 2242 1415 2326 sphaerae,

265 2367 333 2414 non
355 2368 472 2412 omnes
494 2348 601 2412 lineae
623 2349 819 2414 ducerentur
838 2347 882 2410 ab
907 2365 972 2409 uno
995 2357 1120 2428 puncto
1142 2349 1184 2411 ad
1209 2346 1415 2430 superficiem

266 2453 412 2536 corporis
452 2453 614 2536 aequales.
661 2452 768 2534 Igitur
803 2459 937 2535 oportet
974 2449 1180 2533 superficiem
1223 2452 1307 2516 aeris
1344 2473 1416 2517 esse

263 2556 468 2637 sphaericam
492 2560 578 2622 intra
601 2567 634 2622 et
658 2567 764 2620 extra.

310 2661 443 2727 Deinde
457 2672 548 2744 patet
563 2683 622 2744 per
636 2662 697 2726 has
712 2661 1010 2726 demonstrationes
1024 2660 1158 2725 ultimas
1172 2662 1216 2727 de
1231 2661 1315 2746 igne,
1330 2664 1415 2729 sicut
1429 2675 1493 2727 Fue.

263 2766 308 2829 de
331 2786 415 2833 aere.
461 2767 528 2832 Sed
554 2766 610 2830 illa
632 2787 719 2849 quae
740 2766 832 2830 vadit
858 2786 919 2849 per
940 2768 1136 2831 descensum
1161 2766 1205 2830 ad
1229 2768 1414 2833 inferiorem

266 2869 375 2935 locum
392 2890 458 2935 non
473 2880 565 2935 tenet
579 2871 642 2951 hic,
657 2873 736 2953 quia
751 2871 836 2954 ignis
852 2890 919 2935 non
939 2880 989 2934 est
1003 2871 1113 2953 gravis
1133 2871 1166 2934 in
1186 2873 1326 2955 sphaera
1346 2894 1415 2937 sua.

266 2973 412 3057 Oportet
426 2984 538 3039 tamen
554 2996 671 3039 omnes
691 2976 792 3039 lineas
810 2977 928 3040 ductas
943 2996 963 3039 a
977 2987 1091 3039 centro
1111 2977 1226 3040 mundi
1244 2977 1288 3040 ad
1303 2998 1416 3059 super-

268 3076 375 3142 ficiem
399 3078 484 3161 ignis
503 3099 574 3142 esse
593 3077 757 3161 aequales,
774 3080 853 3161 quia
874 3079 959 3163 ignis
980 3088 1031 3142 est
1051 3080 1237 3144 contrarius
1256 3090 1362 3144 terrae
1382 3091 1416 3145 et

266 3204 396 3247 summe
411 3182 492 3258 leve,
508 3194 542 3249 et
558 3183 704 3266 ejusdem
728 3194 868 3247 naturae
890 3183 923 3245 in
945 3193 1018 3247 toto
1041 3193 1075 3247 et
1097 3184 1245 3265 partibus
1267 3183 1414 3266 singulis.

266 3286 479 3371 Quapropter
498 3285 678 3371 aequaliter
698 3285 872 3370 elongatur
889 3306 910 3348 a
932 3284 1005 3351 loco
1028 3286 1188 3369 gravium,
1203 3297 1237 3352 et
1259 3308 1280 3351 a
1302 3299 1416 3351 centro

266 3390 391 3468 mundi,
412 3400 447 3455 et
472 3390 535 3455 hoc
560 3390 708 3454 exterius
735 3400 769 3453 et
794 3388 940 3454 interius.
985 3387 1077 3471 Ergo
1102 3398 1234 3474 oportet
1257 3392 1350 3473 quod
1372 3390 1416 3454 sit

265 3513 431 3559 concavus
462 3495 557 3568 intra,
582 3504 616 3560 et
645 3514 816 3559 convexus
844 3502 951 3570 extra,
974 3502 1009 3557 et
1034 3493 1099 3556 hoc
1128 3493 1307 3576 sphaerica,
1330 3493 1416 3560 sicut

263 3598 374 3681 priora
389 3596 601 3663 concludunt.

686 3868 912 3934 cmrruruu
937 3868 1000 3933 XI.

267 4054 369 4141 Quod
385 4055 460 4141 plus
482 4076 590 4141 aquae
612 4056 780 4123 contineat
794 4078 853 4123 vas
875 4058 1018 4123 inferiori
1038 4079 1140 4141 quam
1160 4059 1318 4143 superiori
1339 4058 1415 4125 loco

764 4160 921 4243 positum.

308 4350 377 4417 Sed
400 4372 488 4419 nunc
510 4374 570 4438 per
585 4352 724 4437 liguram
748 4372 856 4437 aquae
878 4372 1036 4437 magnum
1059 4365 1198 4419 naturae
1220 4352 1414 4417 miraculum
1428 4359 1570 4475 ἓῃζὲεῗξὼ

296 4518 305 4548 ¹
321 4519 378 4568 The
389 4518 458 4569 view
469 4534 498 4568 rs
509 4526 536 4567 to
548 4519 592 4568 the
603 4520 704 4581 gmvity
715 4519 744 4569 ol
752 4520 791 4568 eir
802 4520 926 4569 deserves
937 4520 1031 4569 notice.
1066 4519 1089 4569 lt
1100 4535 1157 4569 was
1171 4518 1328 4568 maintained
1343 4518 1415 4567 how·

263 4612 325 4646 ever
340 4598 376 4659 by
392 4598 524 4647 Aristotle.
560 4598 600 4647 Cl.
617 4597 658 4646 De
674 4597 753 4657 Coelo,
770 4599 803 4650 iv.
815 4614 839 4660 4,
857 4602 870 4657 ς
882 4612 906 4660 5.
940 4597 1029 4653 Ether,
1047 4613 1079 4647 or
1094 4596 1151 4658 fire,
1168 4612 1204 4645 on
1221 4596 1266 4646 the
1283 4604 1415 4659 contrary,

263 4690 320 4727 was
331 4677 458 4738 regarded
469 4692 498 4725 as
509 4676 712 4739 impendet-able,
725 4691 754 4725 ns
766 4677 811 4727 the
823 4683 886 4726 next
897 4675 1042 4739 paragraph
1051 4677 1150 4725 shows.
