<?xml version="1.0" encoding="UTF-8"?>
<!DOCTYPE html PUBLIC "-//W3C//DTD XHTML 1.0 Transitional//EN"
    "http://www.w3.org/TR/xhtml1/DTD/xhtml1-transitional.dtd">
<html xmlns="http://www.w3.org/1999/xhtml" xml:lang="en" lang="en">
 <head>
  <title>
</title>
<meta http-equiv="Content-Type" content="text/html;charset=utf-8" />
  <meta name='ocr-system' content='tesseract 3.04.00' />
  <meta name='ocr-capabilities' content='ocr_page ocr_carea ocr_par ocr_line ocrx_word'/>
</head>
<body>
  <div class='ocr_page' id='page_1' title='image "./opusmajusrogerb01bridgoog/opusmajusrogerb01bridgoog_0267.png"; bbox 0 0 3575 5375; ppageno 0'>
   <div class='ocr_carea' id='block_1_1' title="bbox 358 628 1280 705">
    <p class='ocr_par' dir='ltr' id='par_1_1' title="bbox 358 628 1280 705">
     <span class='ocr_line' id='line_1_1' title="bbox 358 628 1280 705; baseline 0.002 -20"><span class='ocrx_word' id='word_1_1' title='bbox 358 644 397 705; x_wconf 87' lang='lat'><strong>70</strong></span> <span class='ocrx_word' id='word_1_2' title='bbox 579 628 735 687; x_wconf 86' lang='lat' dir='ltr'><em>OPERIS</em></span> <span class='ocrx_word' id='word_1_3' title='bbox 759 628 948 699; x_wconf 77' lang='lat' dir='ltr'><em>MAJORIS</em></span> <span class='ocrx_word' id='word_1_4' title='bbox 972 628 1087 688; x_wconf 82' lang='lat' dir='ltr'><em>PARS</em></span> <span class='ocrx_word' id='word_1_5' title='bbox 1115 629 1280 688; x_wconf 77' lang='lat' dir='ltr'><em>TERTIA.</em></span> 
     </span>
    </p>
   </div>
   <div class='ocr_carea' id='block_1_2' title="bbox 187 790 1529 4310">
    <p class='ocr_par' dir='ltr' id='par_1_2' title="bbox 355 790 1507 979">
     <span class='ocr_line' id='line_1_2' title="bbox 355 790 1507 875; baseline -0.002 -18"><span class='ocrx_word' id='word_1_6' title='bbox 355 792 506 868; x_wconf 80' lang='lat' dir='ltr'>arbitror,</span> <span class='ocrx_word' id='word_1_7' title='bbox 529 790 562 855; x_wconf 88' lang='lat' dir='ltr'><strong>in</strong></span> <span class='ocrx_word' id='word_1_8' title='bbox 585 791 706 857; x_wconf 91' lang='lat' dir='ltr'><strong>timore</strong></span> <span class='ocrx_word' id='word_1_9' title='bbox 729 813 789 875; x_wconf 92' lang='lat' dir='ltr'><strong>pro</strong></span> <span class='ocrx_word' id='word_1_10' title='bbox 812 792 989 857; x_wconf 82' lang='lat' dir='ltr'><strong>festivitate</strong></span> <span class='ocrx_word' id='word_1_11' title='bbox 1005 795 1142 858; x_wconf 91' lang='lat' dir='ltr'><strong>vertitur</strong></span> <span class='ocrx_word' id='word_1_12' title='bbox 1164 794 1197 856; x_wconf 92' lang='lat' dir='ltr'><strong>in</strong></span> <span class='ocrx_word' id='word_1_13' title='bbox 1221 792 1431 857; x_wconf 82' lang='lat' dir='ltr'>formidinem</span> <span class='ocrx_word' id='word_1_14' title='bbox 1455 790 1507 856; x_wconf 89' lang='lat' dir='ltr'><strong>vel</strong></span> 
     </span>
     <span class='ocr_line' id='line_1_3' title="bbox 355 894 532 979; baseline 0.006 -20"><span class='ocrx_word' id='word_1_15' title='bbox 355 894 532 979; x_wconf 86' lang='lat' dir='ltr'><strong>pavorem’</strong></span> 
     </span>
    </p>

    <p class='ocr_par' dir='ltr' id='par_1_3' title="bbox 187 998 1529 1509">
     <span class='ocr_line' id='line_1_4' title="bbox 401 998 1529 1085; baseline -0.001 -22"><span class='ocrx_word' id='word_1_16' title='bbox 401 1000 530 1083; x_wconf 88' lang='lat' dir='ltr'><strong>Quarta</strong></span> <span class='ocrx_word' id='word_1_17' title='bbox 559 1020 658 1065; x_wconf 88' lang='lat' dir='ltr'><strong>causa</strong></span> <span class='ocrx_word' id='word_1_18' title='bbox 689 1012 739 1065; x_wconf 92' lang='lat' dir='ltr'><strong>est</strong></span> <span class='ocrx_word' id='word_1_19' title='bbox 769 1012 803 1066; x_wconf 94' lang='lat' dir='ltr'><strong>et</strong></span> <span class='ocrx_word' id='word_1_20' title='bbox 833 1003 917 1066; x_wconf 89' lang='lat' dir='ltr'><strong>ratio</strong></span> <span class='ocrx_word' id='word_1_21' title='bbox 947 1002 1045 1085; x_wconf 89' lang='lat' dir='ltr'><strong>hujus</strong></span> <span class='ocrx_word' id='word_1_22' title='bbox 1075 1002 1128 1080; x_wconf 89' lang='lat' dir='ltr'><strong>rei,</strong></span> <span class='ocrx_word' id='word_1_23' title='bbox 1150 1001 1242 1084; x_wconf 88' lang='lat' dir='ltr'><strong>quod</strong></span> <span class='ocrx_word' id='word_1_24' title='bbox 1265 998 1529 1085; x_wconf 91' lang='lat' dir='ltr'><strong>quamplurima·</strong></span> 
     </span>
     <span class='ocr_line' id='line_1_5' title="bbox 188 1104 1507 1191; baseline 0.002 -24"><span class='ocrx_word' id='word_1_25' title='bbox 188 1130 299 1181; x_wconf 57' lang='lat' dir='ltr'><strong>pfflwf</strong></span> <span class='ocrx_word' id='word_1_26' title='bbox 357 1104 465 1169; x_wconf 91' lang='lat' dir='ltr'><strong>adhuc</strong></span> <span class='ocrx_word' id='word_1_27' title='bbox 497 1107 617 1170; x_wconf 89' lang='lat' dir='ltr'>desunt</span> <span class='ocrx_word' id='word_1_28' title='bbox 648 1106 778 1171; x_wconf 91' lang='lat' dir='ltr'><strong>Latinis</strong></span> <span class='ocrx_word' id='word_1_29' title='bbox 807 1116 876 1169; x_wconf 89' lang='lat' dir='ltr'><strong>tam</strong></span> <span class='ocrx_word' id='word_1_30' title='bbox 912 1107 1143 1191; x_wconf 90' lang='lat' dir='ltr'><strong>philosophica</strong></span> <span class='ocrx_word' id='word_1_31' title='bbox 1179 1126 1279 1189; x_wconf 90' lang='lat' dir='ltr'><strong>quam</strong></span> <span class='ocrx_word' id='word_1_32' title='bbox 1310 1104 1507 1187; x_wconf 88' lang='lat' dir='ltr'><strong>theologica.</strong></span> 
     </span>
     <span class='ocr_line' id='line_1_6' title="bbox 187 1196 1507 1311; baseline -0.002 -39"><span class='ocrx_word' id='word_1_33' title='bbox 187 1196 326 1311; x_wconf 52' lang='lat' dir='ltr'><strong>fflffie</strong></span> <span class='ocrx_word' id='word_1_34' title='bbox 357 1208 446 1272; x_wconf 94' lang='lat' dir='ltr'><strong>Nam</strong></span> <span class='ocrx_word' id='word_1_35' title='bbox 468 1210 536 1273; x_wconf 88' lang='lat' dir='ltr'><strong>vidi</strong></span> <span class='ocrx_word' id='word_1_36' title='bbox 552 1211 636 1274; x_wconf 91' lang='lat' dir='ltr'><strong>duos</strong></span> <span class='ocrx_word' id='word_1_37' title='bbox 657 1210 758 1275; x_wconf 91' lang='lat' dir='ltr'><strong>libros</strong></span> <span class='ocrx_word' id='word_1_38' title='bbox 775 1210 1058 1274; x_wconf 92' lang='lat' dir='ltr'><strong>Machabaeorum</strong></span> <span class='ocrx_word' id='word_1_39' title='bbox 1075 1211 1108 1273; x_wconf 90' lang='lat' dir='ltr'><strong>in</strong></span> <span class='ocrx_word' id='word_1_40' title='bbox 1129 1210 1268 1287; x_wconf 88' lang='lat' dir='ltr'><strong>Graeco,</strong></span> <span class='ocrx_word' id='word_1_41' title='bbox 1289 1210 1350 1273; x_wconf 89' lang='lat' dir='ltr'><strong>viz.</strong></span> <span class='ocrx_word' id='word_1_42' title='bbox 1366 1210 1507 1285; x_wconf 91' lang='lat' dir='ltr'><strong>tertium,</strong></span> 
     </span>
     <span class='ocr_line' id='line_1_7' title="bbox 189 1312 1507 1397; baseline -0.002 -21"><span class='ocrx_word' id='word_1_43' title='bbox 189 1327 292 1377; x_wconf 73' lang='lat' dir='ltr'><strong>rathen</strong></span> <span class='ocrx_word' id='word_1_44' title='bbox 356 1323 390 1377; x_wconf 86' lang='lat' dir='ltr'><strong>et</strong></span> <span class='ocrx_word' id='word_1_45' title='bbox 407 1324 572 1395; x_wconf 90' lang='lat' dir='ltr'><strong>quartum,</strong></span> <span class='ocrx_word' id='word_1_46' title='bbox 588 1325 622 1378; x_wconf 89' lang='lat' dir='ltr'><strong>et</strong></span> <span class='ocrx_word' id='word_1_47' title='bbox 641 1313 812 1397; x_wconf 85' lang='lat' dir='ltr'>Scriptura</span> <span class='ocrx_word' id='word_1_48' title='bbox 828 1313 907 1379; x_wconf 86' lang='lat' dir='ltr'><strong>lacit</strong></span> <span class='ocrx_word' id='word_1_49' title='bbox 924 1316 1123 1379; x_wconf 88' lang='lat' dir='ltr'><strong>mentionem</strong></span> <span class='ocrx_word' id='word_1_50' title='bbox 1140 1317 1183 1380; x_wconf 92' lang='lat' dir='ltr'><strong>de</strong></span> <span class='ocrx_word' id='word_1_51' title='bbox 1202 1314 1294 1379; x_wconf 92' lang='lat' dir='ltr'><strong>libris</strong></span> <span class='ocrx_word' id='word_1_52' title='bbox 1316 1312 1453 1378; x_wconf 85' lang='lat' dir='ltr'>Samuel</span> <span class='ocrx_word' id='word_1_53' title='bbox 1474 1322 1507 1375; x_wconf 94' lang='lat' dir='ltr'><strong>et</strong></span> 
     </span>
     <span class='ocr_line' id='line_1_8' title="bbox 187 1393 1508 1509; baseline -0.002 -29"><span class='ocrx_word' id='word_1_54' title='bbox 187 1393 333 1509; x_wconf 37' lang='lat' dir='ltr'><strong>{wita</strong></span> <span class='ocrx_word' id='word_1_55' title='bbox 357 1416 493 1482; x_wconf 87' lang='lat' dir='ltr'><strong>Nathan</strong></span> <span class='ocrx_word' id='word_1_56' title='bbox 509 1428 543 1482; x_wconf 89' lang='lat' dir='ltr'><strong>et</strong></span> <span class='ocrx_word' id='word_1_57' title='bbox 554 1417 628 1482; x_wconf 90' lang='lat' dir='ltr'><strong>Gad</strong></span> <span class='ocrx_word' id='word_1_58' title='bbox 641 1419 782 1483; x_wconf 89' lang='lat' dir='ltr'><strong>videntis</strong></span> <span class='ocrx_word' id='word_1_59' title='bbox 798 1428 831 1482; x_wconf 91' lang='lat' dir='ltr'><strong>et</strong></span> <span class='ocrx_word' id='word_1_60' title='bbox 846 1418 996 1497; x_wconf 89' lang='lat' dir='ltr'><strong>aliorum,</strong></span> <span class='ocrx_word' id='word_1_61' title='bbox 1009 1439 1092 1500; x_wconf 91' lang='lat' dir='ltr'><strong>quos</strong></span> <span class='ocrx_word' id='word_1_62' title='bbox 1108 1439 1175 1483; x_wconf 92' lang='lat' dir='ltr'><strong>non</strong></span> <span class='ocrx_word' id='word_1_63' title='bbox 1190 1418 1361 1483; x_wconf 85' lang='lat' dir='ltr'><strong>habemus.</strong></span> <span class='ocrx_word' id='word_1_64' title='bbox 1393 1415 1508 1499; x_wconf 88' lang='lat' dir='ltr'>Atque</span> 
     </span>
    </p>

    <p class='ocr_par' dir='ltr' id='par_1_4' title="bbox 354 1519 1509 3372">
     <span class='ocr_line' id='line_1_9' title="bbox 355 1519 1506 1605; baseline -0.003 -21"><span class='ocrx_word' id='word_1_65' title='bbox 355 1542 430 1584; x_wconf 92' lang='lat' dir='ltr'><strong>cum</strong></span> <span class='ocrx_word' id='word_1_66' title='bbox 448 1532 519 1587; x_wconf 89' lang='lat' dir='ltr'><strong>tota</strong></span> <span class='ocrx_word' id='word_1_67' title='bbox 534 1522 725 1586; x_wconf 88' lang='lat' dir='ltr'><strong>certificatio</strong></span> <span class='ocrx_word' id='word_1_68' title='bbox 744 1523 900 1586; x_wconf 83' lang='lat' dir='ltr'><strong>historiae</strong></span> <span class='ocrx_word' id='word_1_69' title='bbox 915 1543 1029 1587; x_wconf 92' lang='lat' dir='ltr'><strong>sacrae</strong></span> <span class='ocrx_word' id='word_1_70' title='bbox 1043 1524 1085 1585; x_wconf 90' lang='lat' dir='ltr'><strong>sit</strong></span> <span class='ocrx_word' id='word_1_71' title='bbox 1100 1544 1120 1586; x_wconf 92' lang='lat' dir='ltr'><strong>a</strong></span> <span class='ocrx_word' id='word_1_72' title='bbox 1135 1522 1283 1605; x_wconf 89' lang='lat' dir='ltr'><strong>Josepho</strong></span> <span class='ocrx_word' id='word_1_73' title='bbox 1300 1522 1332 1583; x_wconf 93' lang='lat' dir='ltr'><strong>in</strong></span> <span class='ocrx_word' id='word_1_74' title='bbox 1348 1519 1506 1602; x_wconf 89' lang='lat' dir='ltr'><strong>Antiqui·</strong></span> 
     </span>
     <span class='ocr_line' id='line_1_10' title="bbox 355 1624 1506 1709; baseline 0.001 -22"><span class='ocrx_word' id='word_1_75' title='bbox 355 1634 463 1690; x_wconf 91' lang='lat' dir='ltr'><strong>tatum</strong></span> <span class='ocrx_word' id='word_1_76' title='bbox 479 1624 579 1704; x_wconf 76' lang='lat' dir='ltr'><strong>libris,</strong></span> <span class='ocrx_word' id='word_1_77' title='bbox 595 1636 628 1689; x_wconf 91' lang='lat' dir='ltr'><strong>et</strong></span> <span class='ocrx_word' id='word_1_78' title='bbox 643 1647 759 1690; x_wconf 91' lang='lat' dir='ltr'><strong>omnes</strong></span> <span class='ocrx_word' id='word_1_79' title='bbox 775 1627 879 1691; x_wconf 89' lang='lat' dir='ltr'><strong>sancti</strong></span> <span class='ocrx_word' id='word_1_80' title='bbox 896 1627 1144 1709; x_wconf 85' lang='lat' dir='ltr'><strong>expositionum</strong></span> <span class='ocrx_word' id='word_1_81' title='bbox 1161 1646 1293 1691; x_wconf 89' lang='lat' dir='ltr'><strong>suarum</strong></span> <span class='ocrx_word' id='word_1_82' title='bbox 1311 1625 1439 1688; x_wconf 87' lang='lat' dir='ltr'><strong>radices</strong></span> <span class='ocrx_word' id='word_1_83' title='bbox 1454 1644 1506 1688; x_wconf 89' lang='lat' dir='ltr'><strong>ac·</strong></span> 
     </span>
     <span class='ocr_line' id='line_1_11' title="bbox 355 1728 1506 1811; baseline -0.003 -18"><span class='ocrx_word' id='word_1_84' title='bbox 355 1729 479 1811; x_wconf 92' lang='lat' dir='ltr'><strong>cipiant</strong></span> <span class='ocrx_word' id='word_1_85' title='bbox 490 1751 510 1792; x_wconf 94' lang='lat' dir='ltr'><strong>a</strong></span> <span class='ocrx_word' id='word_1_86' title='bbox 522 1730 612 1795; x_wconf 89' lang='lat' dir='ltr'><strong>libris</strong></span> <span class='ocrx_word' id='word_1_87' title='bbox 624 1728 696 1810; x_wconf 87' lang='lat' dir='ltr'><strong>illis,</strong></span> <span class='ocrx_word' id='word_1_88' title='bbox 709 1750 842 1794; x_wconf 90' lang='lat' dir='ltr'><strong>necesse</strong></span> <span class='ocrx_word' id='word_1_89' title='bbox 857 1741 907 1794; x_wconf 91' lang='lat' dir='ltr'><strong>est</strong></span> <span class='ocrx_word' id='word_1_90' title='bbox 921 1731 1049 1794; x_wconf 86' lang='lat' dir='ltr'><strong>Latinis</strong></span> <span class='ocrx_word' id='word_1_91' title='bbox 1065 1742 1102 1794; x_wconf 91' lang='lat' dir='ltr'><strong>ut</strong></span> <span class='ocrx_word' id='word_1_92' title='bbox 1114 1731 1260 1795; x_wconf 86' lang='lat' dir='ltr'><strong>habeant</strong></span> <span class='ocrx_word' id='word_1_93' title='bbox 1277 1728 1369 1792; x_wconf 91' lang='lat' dir='ltr'><strong>illum</strong></span> <span class='ocrx_word' id='word_1_94' title='bbox 1385 1728 1506 1791; x_wconf 91' lang='lat' dir='ltr'><strong>librum</strong></span> 
     </span>
     <span class='ocr_line' id='line_1_12' title="bbox 356 1833 1506 1918; baseline -0.001 -22"><span class='ocrx_word' id='word_1_95' title='bbox 356 1834 602 1917; x_wconf 86' lang='lat' dir='ltr'><strong>incorruptum3</strong></span> <span class='ocrx_word' id='word_1_96' title='bbox 623 1835 681 1898; x_wconf 93' lang='lat' dir='ltr'><strong>sed</strong></span> <span class='ocrx_word' id='word_1_97' title='bbox 700 1837 876 1918; x_wconf 91' lang='lat' dir='ltr'><strong>probatum</strong></span> <span class='ocrx_word' id='word_1_98' title='bbox 899 1838 1061 1917; x_wconf 91' lang='lat' dir='ltr'><strong>estquod</strong></span> <span class='ocrx_word' id='word_1_99' title='bbox 1082 1836 1212 1899; x_wconf 89' lang='lat' dir='ltr'><strong>codices</strong></span> <span class='ocrx_word' id='word_1_100' title='bbox 1234 1834 1346 1899; x_wconf 92' lang='lat' dir='ltr'><strong>Latini</strong></span> <span class='ocrx_word' id='word_1_101' title='bbox 1370 1833 1506 1896; x_wconf 91' lang='lat' dir='ltr'><strong>omnino</strong></span> 
     </span>
     <span class='ocr_line' id='line_1_13' title="bbox 356 1937 1506 2021; baseline 0 -22"><span class='ocrx_word' id='word_1_102' title='bbox 356 1947 435 2002; x_wconf 92' lang='lat' dir='ltr'><strong>sunt</strong></span> <span class='ocrx_word' id='word_1_103' title='bbox 449 1940 595 2021; x_wconf 83' lang='lat' dir='ltr'><strong>corrupti</strong></span> <span class='ocrx_word' id='word_1_104' title='bbox 611 1938 643 2001; x_wconf 90' lang='lat' dir='ltr'><strong>in</strong></span> <span class='ocrx_word' id='word_1_105' title='bbox 659 1938 813 2003; x_wconf 91' lang='lat' dir='ltr'><strong>omnibus</strong></span> <span class='ocrx_word' id='word_1_106' title='bbox 825 1939 914 2015; x_wconf 90' lang='lat' dir='ltr'><strong>locis,</strong></span> <span class='ocrx_word' id='word_1_107' title='bbox 929 1941 962 2004; x_wconf 93' lang='lat' dir='ltr'><strong>in</strong></span> <span class='ocrx_word' id='word_1_108' title='bbox 973 1939 1152 2021; x_wconf 90' lang='lat' dir='ltr'><strong>quibusvis</strong></span> <span class='ocrx_word' id='word_1_109' title='bbox 1164 1938 1322 2003; x_wconf 87' lang='lat' dir='ltr'><strong>historiae</strong></span> <span class='ocrx_word' id='word_1_110' title='bbox 1334 1937 1486 2001; x_wconf 89' lang='lat' dir='ltr'><strong>consistit</strong></span> <span class='ocrx_word' id='word_1_111' title='bbox 1498 1962 1506 2013; x_wconf 93' lang='lat'><strong>;</strong></span> 
     </span>
     <span class='ocr_line' id='line_1_14' title="bbox 356 2041 1507 2126; baseline -0.001 -22"><span class='ocrx_word' id='word_1_112' title='bbox 356 2042 402 2107; x_wconf 91' lang='lat' dir='ltr'><strong>ita</strong></span> <span class='ocrx_word' id='word_1_113' title='bbox 417 2052 453 2105; x_wconf 93' lang='lat' dir='ltr'><strong>ut</strong></span> <span class='ocrx_word' id='word_1_114' title='bbox 469 2050 584 2108; x_wconf 87' lang='lat' dir='ltr'><strong>textus</strong></span> <span class='ocrx_word' id='word_1_115' title='bbox 600 2041 655 2106; x_wconf 93' lang='lat' dir='ltr'><strong>ille</strong></span> <span class='ocrx_word' id='word_1_116' title='bbox 669 2044 732 2107; x_wconf 91' lang='lat' dir='ltr'><strong>sibi</strong></span> <span class='ocrx_word' id='word_1_117' title='bbox 749 2044 952 2108; x_wconf 88' lang='lat' dir='ltr'><strong>contradicat</strong></span> <span class='ocrx_word' id='word_1_118' title='bbox 975 2044 1105 2126; x_wconf 91' lang='lat' dir='ltr'><strong>ubique,</strong></span> <span class='ocrx_word' id='word_1_119' title='bbox 1121 2044 1210 2125; x_wconf 93' lang='lat' dir='ltr'><strong>quod</strong></span> <span class='ocrx_word' id='word_1_120' title='bbox 1233 2062 1298 2105; x_wconf 93' lang='lat' dir='ltr'><strong>non</strong></span> <span class='ocrx_word' id='word_1_121' title='bbox 1322 2052 1372 2105; x_wconf 88' lang='lat' dir='ltr'><strong>est</strong></span> <span class='ocrx_word' id='word_1_122' title='bbox 1387 2042 1507 2105; x_wconf 89' lang='lat' dir='ltr'><strong>vitium</strong></span> 
     </span>
     <span class='ocr_line' id='line_1_15' title="bbox 356 2145 1507 2231; baseline -0.003 -20"><span class='ocrx_word' id='word_1_123' title='bbox 356 2146 439 2211; x_wconf 88' lang='lat' dir='ltr'><strong>tanti</strong></span> <span class='ocrx_word' id='word_1_124' title='bbox 469 2147 631 2224; x_wconf 91' lang='lat' dir='ltr'><strong>auctoris;</strong></span> <span class='ocrx_word' id='word_1_125' title='bbox 669 2148 768 2231; x_wconf 87' lang='lat' dir='ltr'><strong>igitur</strong></span> <span class='ocrx_word' id='word_1_126' title='bbox 797 2169 841 2211; x_wconf 88' lang='lat' dir='ltr'><strong>ex</strong></span> <span class='ocrx_word' id='word_1_127' title='bbox 864 2148 1082 2213; x_wconf 90' lang='lat' dir='ltr'><strong>translatione</strong></span> <span class='ocrx_word' id='word_1_128' title='bbox 1112 2145 1200 2210; x_wconf 92' lang='lat' dir='ltr'><strong>mala</strong></span> <span class='ocrx_word' id='word_1_129' title='bbox 1230 2146 1294 2210; x_wconf 91' lang='lat' dir='ltr'><strong>hoc</strong></span> <span class='ocrx_word' id='word_1_130' title='bbox 1323 2146 1443 2211; x_wconf 89' lang='lat' dir='ltr'><strong>accidit</strong></span> <span class='ocrx_word' id='word_1_131' title='bbox 1473 2156 1507 2209; x_wconf 92' lang='lat' dir='ltr'><strong>et</strong></span> 
     </span>
     <span class='ocr_line' id='line_1_16' title="bbox 355 2250 1508 2334; baseline -0.001 -20"><span class='ocrx_word' id='word_1_132' title='bbox 355 2251 567 2334; x_wconf 89' lang='lat' dir='ltr'><strong>corruptione</strong></span> <span class='ocrx_word' id='word_1_133' title='bbox 582 2251 653 2334; x_wconf 88' lang='lat' dir='ltr'><strong>ejus</strong></span> <span class='ocrx_word' id='word_1_134' title='bbox 669 2272 728 2334; x_wconf 92' lang='lat' dir='ltr'><strong>per</strong></span> <span class='ocrx_word' id='word_1_135' title='bbox 744 2252 891 2317; x_wconf 91' lang='lat' dir='ltr'><strong>Latinos.</strong></span> <span class='ocrx_word' id='word_1_136' title='bbox 938 2253 1010 2317; x_wconf 89' lang='lat' dir='ltr'><strong>Nec</strong></span> <span class='ocrx_word' id='word_1_137' title='bbox 1026 2262 1076 2316; x_wconf 92' lang='lat' dir='ltr'><strong>est</strong></span> <span class='ocrx_word' id='word_1_138' title='bbox 1086 2252 1268 2315; x_wconf 89' lang='lat' dir='ltr'><strong>remedium</strong></span> <span class='ocrx_word' id='word_1_139' title='bbox 1285 2252 1347 2313; x_wconf 90' lang='lat' dir='ltr'><strong>nisi</strong></span> <span class='ocrx_word' id='word_1_140' title='bbox 1362 2250 1405 2314; x_wconf 93' lang='lat' dir='ltr'><strong>de</strong></span> <span class='ocrx_word' id='word_1_141' title='bbox 1421 2270 1508 2313; x_wconf 91' lang='lat' dir='ltr'><strong>novo</strong></span> 
     </span>
     <span class='ocr_line' id='line_1_17' title="bbox 355 2353 1508 2441; baseline -0.002 -23"><span class='ocrx_word' id='word_1_142' title='bbox 355 2355 594 2420; x_wconf 85' lang='lat' dir='ltr'><strong>transferantur</strong></span> <span class='ocrx_word' id='word_1_143' title='bbox 616 2356 668 2419; x_wconf 94' lang='lat' dir='ltr'><strong>vel</strong></span> <span class='ocrx_word' id='word_1_144' title='bbox 689 2357 733 2421; x_wconf 92' lang='lat' dir='ltr'><strong>ad</strong></span> <span class='ocrx_word' id='word_1_145' title='bbox 757 2358 904 2441; x_wconf 89' lang='lat' dir='ltr'><strong>singulas</strong></span> <span class='ocrx_word' id='word_1_146' title='bbox 928 2356 1054 2421; x_wconf 89' lang='lat' dir='ltr'><strong>radices</strong></span> <span class='ocrx_word' id='word_1_147' title='bbox 1080 2356 1297 2440; x_wconf 82' lang='lat' dir='ltr'><strong>corrigantur.</strong></span> <span class='ocrx_word' id='word_1_148' title='bbox 1345 2353 1508 2419; x_wconf 89' lang='lat' dir='ltr'><strong>Similiter</strong></span> 
     </span>
     <span class='ocr_line' id='line_1_18' title="bbox 355 2458 1506 2541; baseline -0.003 -19"><span class='ocrx_word' id='word_1_149' title='bbox 355 2458 428 2523; x_wconf 91' lang='lat' dir='ltr'><strong>libri</strong></span> <span class='ocrx_word' id='word_1_150' title='bbox 458 2462 632 2523; x_wconf 91' lang='lat' dir='ltr'><strong>doctorum</strong></span> <span class='ocrx_word' id='word_1_151' title='bbox 664 2480 871 2541; x_wconf 88' lang='lat' dir='ltr'><strong>magnorum,</strong></span> <span class='ocrx_word' id='word_1_152' title='bbox 903 2471 940 2524; x_wconf 93' lang='lat' dir='ltr'><strong>ut</strong></span> <span class='ocrx_word' id='word_1_153' title='bbox 974 2460 1148 2524; x_wconf 87' lang='lat' dir='ltr'><strong>beatorum</strong></span> <span class='ocrx_word' id='word_1_154' title='bbox 1188 2458 1351 2541; x_wconf 88' lang='lat' dir='ltr'><strong>Dionysii,</strong></span> <span class='ocrx_word' id='word_1_155' title='bbox 1382 2458 1506 2533; x_wconf 91' lang='lat' dir='ltr'><strong>Basilii,</strong></span> 
     </span>
     <span class='ocr_line' id='line_1_19' title="bbox 354 2562 1507 2645; baseline -0.001 -20"><span class='ocrx_word' id='word_1_156' title='bbox 354 2562 516 2645; x_wconf 88' lang='lat' dir='ltr'><strong>Johannis</strong></span> <span class='ocrx_word' id='word_1_157' title='bbox 533 2564 742 2639; x_wconf 89' lang='lat' dir='ltr'><strong>Damasceni,</strong></span> <span class='ocrx_word' id='word_1_158' title='bbox 758 2576 792 2628; x_wconf 89' lang='lat' dir='ltr'><strong>et</strong></span> <span class='ocrx_word' id='word_1_159' title='bbox 806 2564 947 2628; x_wconf 91' lang='lat' dir='ltr'><strong>aliorum</strong></span> <span class='ocrx_word' id='word_1_160' title='bbox 964 2563 1145 2628; x_wconf 90' lang='lat' dir='ltr'><strong>multorum</strong></span> <span class='ocrx_word' id='word_1_161' title='bbox 1167 2562 1344 2638; x_wconf 83' lang='lat' dir='ltr'><strong>deficiunt3</strong></span> <span class='ocrx_word' id='word_1_162' title='bbox 1366 2582 1507 2645; x_wconf 91' lang='lat' dir='ltr'><strong>quorum</strong></span> 
     </span>
     <span class='ocr_line' id='line_1_20' title="bbox 355 2665 1507 2753; baseline -0.001 -22"><span class='ocrx_word' id='word_1_163' title='bbox 355 2678 467 2732; x_wconf 84' lang='lat' dir='ltr'><strong>tamen</strong></span> <span class='ocrx_word' id='word_1_164' title='bbox 484 2666 612 2750; x_wconf 91' lang='lat' dir='ltr'><strong>aliquos</strong></span> <span class='ocrx_word' id='word_1_165' title='bbox 628 2669 783 2732; x_wconf 91' lang='lat' dir='ltr'><strong>dominus</strong></span> <span class='ocrx_word' id='word_1_166' title='bbox 799 2668 969 2733; x_wconf 89' lang='lat' dir='ltr'><strong>Robcrtus</strong></span> <span class='ocrx_word' id='word_1_167' title='bbox 984 2668 1151 2753; x_wconf 86' lang='lat' dir='ltr'><strong>praefatus</strong></span> <span class='ocrx_word' id='word_1_168' title='bbox 1170 2668 1344 2751; x_wconf 90' lang='lat' dir='ltr'><strong>episcopus</strong></span> <span class='ocrx_word' id='word_1_169' title='bbox 1359 2668 1458 2732; x_wconf 91' lang='lat' dir='ltr'><strong>vertit</strong></span> <span class='ocrx_word' id='word_1_170' title='bbox 1473 2665 1507 2730; x_wconf 87' lang='lat' dir='ltr'><strong>in</strong></span> 
     </span>
     <span class='ocr_line' id='line_1_21' title="bbox 358 2770 1508 2854; baseline 0 -20"><span class='ocrx_word' id='word_1_171' title='bbox 358 2770 527 2851; x_wconf 90' lang='lat' dir='ltr'><strong>Latinum,</strong></span> <span class='ocrx_word' id='word_1_172' title='bbox 548 2781 583 2834; x_wconf 93' lang='lat' dir='ltr'><strong>et</strong></span> <span class='ocrx_word' id='word_1_173' title='bbox 605 2771 661 2835; x_wconf 92' lang='lat' dir='ltr'><strong>alii</strong></span> <span class='ocrx_word' id='word_1_174' title='bbox 684 2774 848 2853; x_wconf 91' lang='lat' dir='ltr'><strong>quosdam</strong></span> <span class='ocrx_word' id='word_1_175' title='bbox 871 2772 955 2837; x_wconf 85' lang='lat' dir='ltr'><strong>alios</strong></span> <span class='ocrx_word' id='word_1_176' title='bbox 977 2784 1055 2837; x_wconf 85' lang='lat' dir='ltr'><strong>ante</strong></span> <span class='ocrx_word' id='word_1_177' title='bbox 1085 2793 1183 2851; x_wconf 89' lang='lat' dir='ltr'><strong>eum;</strong></span> <span class='ocrx_word' id='word_1_178' title='bbox 1221 2772 1313 2854; x_wconf 88' lang='lat' dir='ltr'><strong>cujus</strong></span> <span class='ocrx_word' id='word_1_179' title='bbox 1343 2792 1428 2854; x_wconf 93' lang='lat' dir='ltr'><strong>opus</strong></span> <span class='ocrx_word' id='word_1_180' title='bbox 1457 2779 1508 2835; x_wconf 88' lang='lat' dir='ltr'><strong>est</strong></span> 
     </span>
     <span class='ocr_line' id='line_1_22' title="bbox 354 2873 1508 2958; baseline 0.003 -22"><span class='ocrx_word' id='word_1_181' title='bbox 354 2873 454 2938; x_wconf 91' lang='lat' dir='ltr'><strong>valde</strong></span> <span class='ocrx_word' id='word_1_182' title='bbox 469 2884 601 2956; x_wconf 87' lang='lat' dir='ltr'><strong>gratum</strong></span> <span class='ocrx_word' id='word_1_183' title='bbox 617 2874 792 2958; x_wconf 90' lang='lat' dir='ltr'><strong>theologis.</strong></span> <span class='ocrx_word' id='word_1_184' title='bbox 839 2876 885 2940; x_wconf 90' lang='lat' dir='ltr'><strong>Et</strong></span> <span class='ocrx_word' id='word_1_185' title='bbox 906 2877 933 2940; x_wconf 90' lang='lat' dir='ltr'><strong>si</strong></span> <span class='ocrx_word' id='word_1_186' title='bbox 959 2876 1032 2940; x_wconf 89' lang='lat' dir='ltr'><strong>libri</strong></span> <span class='ocrx_word' id='word_1_187' title='bbox 1057 2876 1193 2941; x_wconf 86' lang='lat' dir='ltr'><strong>istorum</strong></span> <span class='ocrx_word' id='word_1_188' title='bbox 1214 2875 1366 2941; x_wconf 90' lang='lat' dir='ltr'><strong>translati</strong></span> <span class='ocrx_word' id='word_1_189' title='bbox 1388 2886 1508 2949; x_wconf 72' lang='lat' dir='ltr'><strong>essent,</strong></span> 
     </span>
     <span class='ocr_line' id='line_1_23' title="bbox 357 2975 1507 3062; baseline 0.002 -21"><span class='ocrx_word' id='word_1_190' title='bbox 357 2998 423 3042; x_wconf 90' lang='lat' dir='ltr'><strong>non</strong></span> <span class='ocrx_word' id='word_1_191' title='bbox 445 2975 552 3041; x_wconf 92' lang='lat' dir='ltr'><strong>solum</strong></span> <span class='ocrx_word' id='word_1_192' title='bbox 575 2989 847 3059; x_wconf 84' lang='lat' dir='ltr'><strong>augmentaretur</strong></span> <span class='ocrx_word' id='word_1_193' title='bbox 872 2981 1035 3062; x_wconf 89' lang='lat' dir='ltr'><strong>sapientia</strong></span> <span class='ocrx_word' id='word_1_194' title='bbox 1058 2979 1265 3055; x_wconf 90' lang='lat' dir='ltr'><strong>Latinorum,</strong></span> <span class='ocrx_word' id='word_1_195' title='bbox 1288 2981 1346 3044; x_wconf 88' lang='lat' dir='ltr'><strong>sed</strong></span> <span class='ocrx_word' id='word_1_196' title='bbox 1371 2980 1507 3043; x_wconf 90' lang='lat' dir='ltr'><strong>haberet</strong></span> 
     </span>
     <span class='ocr_line' id='line_1_24' title="bbox 358 3081 1509 3166; baseline 0.003 -22"><span class='ocrx_word' id='word_1_197' title='bbox 358 3081 508 3146; x_wconf 86' lang='lat' dir='ltr'><strong>Ecclesia</strong></span> <span class='ocrx_word' id='word_1_198' title='bbox 538 3081 634 3146; x_wconf 87' lang='lat' dir='ltr'><strong>sortia</strong></span> <span class='ocrx_word' id='word_1_199' title='bbox 671 3083 839 3166; x_wconf 88' lang='lat' dir='ltr'><strong>adjutoria</strong></span> <span class='ocrx_word' id='word_1_200' title='bbox 876 3094 992 3148; x_wconf 89' lang='lat' dir='ltr'><strong>contra</strong></span> <span class='ocrx_word' id='word_1_201' title='bbox 1039 3083 1240 3148; x_wconf 88' lang='lat' dir='ltr'><strong>Graecorum</strong></span> <span class='ocrx_word' id='word_1_202' title='bbox 1287 3084 1437 3148; x_wconf 73' lang='lat' dir='ltr'><strong>haereses</strong></span> <span class='ocrx_word' id='word_1_203' title='bbox 1473 3092 1509 3148; x_wconf 89' lang='lat' dir='ltr'><strong>et</strong></span> 
     </span>
     <span class='ocr_line' id='line_1_25' title="bbox 354 3185 1508 3270; baseline 0 -20"><span class='ocrx_word' id='word_1_204' title='bbox 354 3185 544 3264; x_wconf 88' lang='lat' dir='ltr'><strong>schismata,</strong></span> <span class='ocrx_word' id='word_1_205' title='bbox 558 3187 717 3269; x_wconf 89' lang='lat' dir='ltr'><strong>quoniam</strong></span> <span class='ocrx_word' id='word_1_206' title='bbox 739 3209 798 3270; x_wconf 92' lang='lat' dir='ltr'><strong>per</strong></span> <span class='ocrx_word' id='word_1_207' title='bbox 820 3197 1010 3252; x_wconf 88' lang='lat' dir='ltr'><strong>sanctorum</strong></span> <span class='ocrx_word' id='word_1_208' title='bbox 1033 3208 1147 3253; x_wconf 88' lang='lat' dir='ltr'><strong>eorum</strong></span> <span class='ocrx_word' id='word_1_209' title='bbox 1170 3189 1362 3262; x_wconf 90' lang='lat' dir='ltr'><strong>sententias,</strong></span> <span class='ocrx_word' id='word_1_210' title='bbox 1385 3187 1508 3269; x_wconf 93' lang='lat' dir='ltr'><strong>quibus</strong></span> 
     </span>
     <span class='ocr_line' id='line_1_26' title="bbox 355 3291 1123 3372; baseline 0.003 -19"><span class='ocrx_word' id='word_1_211' title='bbox 355 3309 420 3354; x_wconf 92' lang='lat' dir='ltr'><strong>non</strong></span> <span class='ocrx_word' id='word_1_212' title='bbox 437 3302 574 3372; x_wconf 88' lang='lat' dir='ltr'><strong>possunt</strong></span> <span class='ocrx_word' id='word_1_213' title='bbox 590 3293 825 3371; x_wconf 86' lang='lat' dir='ltr'><strong>contradicere,</strong></span> <span class='ocrx_word' id='word_1_214' title='bbox 841 3291 1123 3357; x_wconf 89' lang='lat' dir='ltr'><strong>convincerentur.</strong></span> 
     </span>
    </p>

    <p class='ocr_par' dir='ltr' id='par_1_5' title="bbox 355 3391 1509 3684">
     <span class='ocr_line' id='line_1_27' title="bbox 400 3391 1509 3479; baseline 0.001 -21"><span class='ocrx_word' id='word_1_215' title='bbox 400 3391 560 3458; x_wconf 89' lang='lat' dir='ltr'><strong>Similiter</strong></span> <span class='ocrx_word' id='word_1_216' title='bbox 585 3393 652 3458; x_wconf 87' lang='lat' dir='ltr'><strong>sere</strong></span> <span class='ocrx_word' id='word_1_217' title='bbox 675 3396 788 3458; x_wconf 88' lang='lat' dir='ltr'><strong>omnia</strong></span> <span class='ocrx_word' id='word_1_218' title='bbox 812 3406 939 3460; x_wconf 90' lang='lat' dir='ltr'><strong>secreta</strong></span> <span class='ocrx_word' id='word_1_219' title='bbox 963 3394 1193 3479; x_wconf 90' lang='lat' dir='ltr'><strong>philosophiae</strong></span> <span class='ocrx_word' id='word_1_220' title='bbox 1212 3395 1323 3460; x_wconf 93' lang='lat' dir='ltr'><strong>adhuc</strong></span> <span class='ocrx_word' id='word_1_221' title='bbox 1340 3395 1454 3477; x_wconf 89' lang='lat' dir='ltr'><strong>jacent</strong></span> <span class='ocrx_word' id='word_1_222' title='bbox 1475 3395 1509 3459; x_wconf 90' lang='lat' dir='ltr'><strong>in</strong></span> 
     </span>
     <span class='ocr_line' id='line_1_28' title="bbox 355 3498 1509 3582; baseline 0.002 -22"><span class='ocrx_word' id='word_1_223' title='bbox 355 3499 476 3581; x_wconf 88' lang='lat' dir='ltr'><strong>linguis</strong></span> <span class='ocrx_word' id='word_1_224' title='bbox 491 3498 613 3562; x_wconf 85' lang='lat' dir='ltr'><strong>alienis</strong></span> <span class='ocrx_word' id='word_1_225' title='bbox 660 3499 748 3561; x_wconf 91' lang='lat' dir='ltr'><strong>Nam</strong></span> <span class='ocrx_word' id='word_1_226' title='bbox 765 3499 872 3562; x_wconf 93' lang='lat' dir='ltr'><strong>solum</strong></span> <span class='ocrx_word' id='word_1_227' title='bbox 889 3500 1054 3582; x_wconf 90' lang='lat' dir='ltr'><strong>quaedam</strong></span> <span class='ocrx_word' id='word_1_228' title='bbox 1071 3499 1261 3564; x_wconf 92' lang='lat' dir='ltr'><strong>communia</strong></span> <span class='ocrx_word' id='word_1_229' title='bbox 1281 3510 1315 3562; x_wconf 91' lang='lat' dir='ltr'><strong>et</strong></span> <span class='ocrx_word' id='word_1_230' title='bbox 1330 3499 1408 3563; x_wconf 90' lang='lat' dir='ltr'><strong>vilia</strong></span> <span class='ocrx_word' id='word_1_231' title='bbox 1423 3509 1460 3562; x_wconf 91' lang='lat' dir='ltr'><strong>ut</strong></span> <span class='ocrx_word' id='word_1_232' title='bbox 1475 3501 1509 3562; x_wconf 92' lang='lat' dir='ltr'><strong>in</strong></span> 
     </span>
     <span class='ocr_line' id='line_1_29' title="bbox 355 3601 1508 3684; baseline 0.003 -22"><span class='ocrx_word' id='word_1_233' title='bbox 355 3601 504 3681; x_wconf 87' lang='lat' dir='ltr'><strong>pluribus</strong></span> <span class='ocrx_word' id='word_1_234' title='bbox 517 3601 677 3666; x_wconf 90' lang='lat' dir='ltr'><strong>translata</strong></span> <span class='ocrx_word' id='word_1_235' title='bbox 691 3613 791 3681; x_wconf 91' lang='lat' dir='ltr'><strong>sunt;</strong></span> <span class='ocrx_word' id='word_1_236' title='bbox 814 3613 847 3666; x_wconf 92' lang='lat' dir='ltr'><strong>et</strong></span> <span class='ocrx_word' id='word_1_237' title='bbox 864 3605 907 3667; x_wconf 94' lang='lat' dir='ltr'><strong>de</strong></span> <span class='ocrx_word' id='word_1_238' title='bbox 922 3603 1112 3684; x_wconf 91' lang='lat' dir='ltr'><strong>hujusmodi</strong></span> <span class='ocrx_word' id='word_1_239' title='bbox 1134 3605 1235 3668; x_wconf 90' lang='lat' dir='ltr'><strong>etiam</strong></span> <span class='ocrx_word' id='word_1_240' title='bbox 1257 3603 1363 3667; x_wconf 91' lang='lat' dir='ltr'><strong>multa</strong></span> <span class='ocrx_word' id='word_1_241' title='bbox 1378 3604 1508 3667; x_wconf 88' lang='lat' dir='ltr'><strong>desunt.</strong></span> 
     </span>
    </p>

    <p class='ocr_par' dir='ltr' id='par_1_6' title="bbox 187 3704 1510 4310">
     <span class='ocr_line' id='line_1_30' title="bbox 187 3704 1508 3788; baseline 0.005 -22"><span class='ocrx_word' id='word_1_242' title='bbox 187 3712 222 3760; x_wconf 74' lang='lat' dir='ltr'><strong>So</strong></span> <span class='ocrx_word' id='word_1_243' title='bbox 230 3721 277 3787; x_wconf 75' lang='lat'><strong>,¹⁰⁰</strong></span> <span class='ocrx_word' id='word_1_244' title='bbox 288 3710 317 3760; x_wconf 81' lang='lat' dir='ltr'><strong>or</strong></span> <span class='ocrx_word' id='word_1_245' title='bbox 357 3704 445 3766; x_wconf 91' lang='lat' dir='ltr'><strong>Nam</strong></span> <span class='ocrx_word' id='word_1_246' title='bbox 461 3705 534 3768; x_wconf 88' lang='lat' dir='ltr'><strong>libri</strong></span> <span class='ocrx_word' id='word_1_247' title='bbox 551 3705 669 3788; x_wconf 84' lang='lat' dir='ltr'><strong>integri</strong></span> <span class='ocrx_word' id='word_1_248' title='bbox 685 3707 884 3770; x_wconf 86' lang='lat' dir='ltr'><strong>omittuntur</strong></span> <span class='ocrx_word' id='word_1_249' title='bbox 899 3709 932 3770; x_wconf 87' lang='lat' dir='ltr'><strong>in</strong></span> <span class='ocrx_word' id='word_1_250' title='bbox 949 3707 1194 3771; x_wconf 90' lang='lat' dir='ltr'><strong>mathematicis</strong></span> <span class='ocrx_word' id='word_1_251' title='bbox 1206 3716 1240 3770; x_wconf 88' lang='lat' dir='ltr'><strong>et</strong></span> <span class='ocrx_word' id='word_1_252' title='bbox 1251 3708 1285 3770; x_wconf 94' lang='lat' dir='ltr'><strong>in</strong></span> <span class='ocrx_word' id='word_1_253' title='bbox 1301 3707 1508 3772; x_wconf 90' lang='lat' dir='ltr'><strong>naturalibus</strong></span> 
     </span>
     <span class='ocr_line' id='line_1_31' title="bbox 187 3779 1509 3894; baseline 0.004 -24"><span class='ocrx_word' id='word_1_254' title='bbox 187 3779 315 3889; x_wconf 55' lang='lat' dir='ltr'><strong>ssffin‘</strong></span> <span class='ocrx_word' id='word_1_255' title='bbox 357 3816 391 3870; x_wconf 86' lang='lat' dir='ltr'><strong>et</strong></span> <span class='ocrx_word' id='word_1_256' title='bbox 406 3807 440 3869; x_wconf 89' lang='lat' dir='ltr'><strong>in</strong></span> <span class='ocrx_word' id='word_1_257' title='bbox 453 3806 649 3890; x_wconf 88' lang='lat' dir='ltr'><strong>logicalibus</strong></span> <span class='ocrx_word' id='word_1_258' title='bbox 664 3818 698 3872; x_wconf 93' lang='lat' dir='ltr'><strong>et</strong></span> <span class='ocrx_word' id='word_1_259' title='bbox 713 3810 795 3886; x_wconf 87' lang='lat' dir='ltr'><strong>aliis,</strong></span> <span class='ocrx_word' id='word_1_260' title='bbox 811 3819 941 3894; x_wconf 91' lang='lat' dir='ltr'><strong>praeter</strong></span> <span class='ocrx_word' id='word_1_261' title='bbox 955 3832 1077 3894; x_wconf 88' lang='lat' dir='ltr'><strong>magna</strong></span> <span class='ocrx_word' id='word_1_262' title='bbox 1092 3822 1219 3876; x_wconf 89' lang='lat' dir='ltr'><strong>secreta</strong></span> <span class='ocrx_word' id='word_1_263' title='bbox 1238 3811 1459 3890; x_wconf 89' lang='lat' dir='ltr'><strong>scientiarum,</strong></span> <span class='ocrx_word' id='word_1_264' title='bbox 1475 3822 1509 3876; x_wconf 90' lang='lat' dir='ltr'><strong>et</strong></span> 
     </span>
     <span class='ocr_line' id='line_1_32' title="bbox 187 3906 1508 3996; baseline 0.004 -21"><span class='ocrx_word' id='word_1_265' title='bbox 187 3906 316 3956; x_wconf 51' lang='lat' dir='ltr'><strong>‘ldm-</strong></span> <span class='ocrx_word' id='word_1_266' title='bbox 356 3911 487 3978; x_wconf 83' lang='lat' dir='ltr'><strong>artium.</strong></span> <span class='ocrx_word' id='word_1_267' title='bbox 503 3921 538 3974; x_wconf 86' lang='lat' dir='ltr'><strong>et</strong></span> <span class='ocrx_word' id='word_1_268' title='bbox 553 3921 689 3976; x_wconf 88' lang='lat' dir='ltr'><strong>naturae</strong></span> <span class='ocrx_word' id='word_1_269' title='bbox 704 3933 824 3977; x_wconf 89' lang='lat' dir='ltr'><strong>arcana</strong></span> <span class='ocrx_word' id='word_1_270' title='bbox 839 3935 927 3996; x_wconf 88' lang='lat' dir='ltr'><strong>quae</strong></span> <span class='ocrx_word' id='word_1_271' title='bbox 941 3916 1089 3978; x_wconf 88' lang='lat' dir='ltr'><strong>nondum</strong></span> <span class='ocrx_word' id='word_1_272' title='bbox 1104 3926 1184 3980; x_wconf 87' lang='lat' dir='ltr'><strong>sunt</strong></span> <span class='ocrx_word' id='word_1_273' title='bbox 1199 3916 1360 3980; x_wconf 87' lang='lat' dir='ltr'><strong>translata</strong></span> <span class='ocrx_word' id='word_1_274' title='bbox 1374 3939 1381 3994; x_wconf 91' lang='lat'>;</span> <span class='ocrx_word' id='word_1_275' title='bbox 1405 3927 1442 3979; x_wconf 93' lang='lat' dir='ltr'><strong>ut</strong></span> <span class='ocrx_word' id='word_1_276' title='bbox 1457 3926 1508 3980; x_wconf 86' lang='lat' dir='ltr'><strong>est</strong></span> 
     </span>
     <span class='ocr_line' id='line_1_33' title="bbox 356 4012 1510 4102; baseline 0.007 -26"><span class='ocrx_word' id='word_1_277' title='bbox 356 4014 501 4077; x_wconf 88' lang='lat' dir='ltr'><strong>secunda</strong></span> <span class='ocrx_word' id='word_1_278' title='bbox 511 4012 723 4097; x_wconf 89' lang='lat' dir='ltr'><strong>philosophia</strong></span> <span class='ocrx_word' id='word_1_279' title='bbox 734 4016 938 4096; x_wconf 89' lang='lat' dir='ltr'><strong>Avicennae,</strong></span> <span class='ocrx_word' id='word_1_280' title='bbox 949 4039 1049 4100; x_wconf 92' lang='lat' dir='ltr'><strong>quam</strong></span> <span class='ocrx_word' id='word_1_281' title='bbox 1066 4031 1188 4084; x_wconf 89' lang='lat' dir='ltr'><strong>vocant</strong></span> <span class='ocrx_word' id='word_1_282' title='bbox 1202 4017 1410 4094; x_wconf 90' lang='lat' dir='ltr'><strong>orientalem,</strong></span> <span class='ocrx_word' id='word_1_283' title='bbox 1422 4041 1510 4102; x_wconf 91' lang='lat' dir='ltr'><strong>quae</strong></span> 
     </span>
     <span class='ocr_line' id='line_1_34' title="bbox 355 4117 1510 4207; baseline 0.007 -26"><span class='ocrx_word' id='word_1_284' title='bbox 355 4117 499 4181; x_wconf 86' lang='lat' dir='ltr'><strong>traditur</strong></span> <span class='ocrx_word' id='word_1_285' title='bbox 524 4121 704 4183; x_wconf 85' lang='lat' dir='ltr'><strong>secundum</strong></span> <span class='ocrx_word' id='word_1_286' title='bbox 730 4122 910 4202; x_wconf 86' lang='lat' dir='ltr'><strong>puritatem</strong></span> <span class='ocrx_word' id='word_1_287' title='bbox 937 4122 1168 4207; x_wconf 90' lang='lat' dir='ltr'><strong>philosophiae</strong></span> <span class='ocrx_word' id='word_1_288' title='bbox 1196 4124 1229 4186; x_wconf 90' lang='lat' dir='ltr'><strong>in</strong></span> <span class='ocrx_word' id='word_1_289' title='bbox 1256 4144 1300 4200; x_wconf 91' lang='lat' dir='ltr'><strong>se,</strong></span> <span class='ocrx_word' id='word_1_290' title='bbox 1323 4143 1385 4188; x_wconf 88' lang='lat' dir='ltr'><strong>nec</strong></span> <span class='ocrx_word' id='word_1_291' title='bbox 1410 4125 1510 4189; x_wconf 89' lang='lat' dir='ltr'><strong>timet</strong></span> 
     </span>
     <span class='ocr_line' id='line_1_35' title="bbox 356 4219 1510 4310; baseline 0.007 -28"><span class='ocrx_word' id='word_1_292' title='bbox 356 4219 442 4284; x_wconf 86' lang='lat' dir='ltr'><strong>ictus</strong></span> <span class='ocrx_word' id='word_1_293' title='bbox 459 4221 756 4286; x_wconf 90' lang='lat' dir='ltr'><strong>contradicentium</strong></span> <span class='ocrx_word' id='word_1_294' title='bbox 780 4223 989 4303; x_wconf 83' lang='lat' dir='ltr'><strong>lancearum3</strong></span> <span class='ocrx_word' id='word_1_295' title='bbox 1011 4238 1044 4291; x_wconf 92' lang='lat' dir='ltr'><strong>et</strong></span> <span class='ocrx_word' id='word_1_296' title='bbox 1065 4229 1163 4290; x_wconf 90' lang='lat' dir='ltr'><strong>tertia</strong></span> <span class='ocrx_word' id='word_1_297' title='bbox 1184 4248 1271 4310; x_wconf 91' lang='lat' dir='ltr'><strong>quae</strong></span> <span class='ocrx_word' id='word_1_298' title='bbox 1293 4227 1357 4292; x_wconf 86' lang='lat' dir='ltr'><strong>suit</strong></span> <span class='ocrx_word' id='word_1_299' title='bbox 1379 4237 1510 4292; x_wconf 89' lang='lat' dir='ltr'><strong>conter-</strong></span> 
     </span>
    </p>
   </div>
   <div class='ocr_carea' id='block_1_3' title="bbox 357 4321 1511 4414">
    <p class='ocr_par' dir='ltr' id='par_1_7' title="bbox 357 4321 1511 4414">
     <span class='ocr_line' id='line_1_36' title="bbox 357 4321 1511 4414; baseline 0.008 -29"><span class='ocrx_word' id='word_1_300' title='bbox 357 4321 471 4386; x_wconf 89' lang='lat' dir='ltr'><strong>mina¹</strong></span> <span class='ocrx_word' id='word_1_301' title='bbox 494 4323 583 4387; x_wconf 82' lang='lat' dir='ltr'><strong>vitae</strong></span> <span class='ocrx_word' id='word_1_302' title='bbox 605 4345 694 4393; x_wconf 87' lang='lat' dir='ltr'><strong>suae.</strong></span> <span class='ocrx_word' id='word_1_303' title='bbox 717 4327 839 4409; x_wconf 89' lang='lat' dir='ltr'><strong>inqua</strong></span> <span class='ocrx_word' id='word_1_304' title='bbox 868 4329 1091 4410; x_wconf 86' lang='lat' dir='ltr'><strong>experientias</strong></span> <span class='ocrx_word' id='word_1_305' title='bbox 1116 4342 1259 4395; x_wconf 86' lang='lat' dir='ltr'><strong>secretas</strong></span> <span class='ocrx_word' id='word_1_306' title='bbox 1282 4333 1511 4414; x_wconf 84' lang='lat' dir='ltr'><strong>congregavit,</strong></span> 
     </span>
    </p>
   </div>
   <div class='ocr_carea' id='block_1_4' title="bbox 353 4427 1512 4718">
    <p class='ocr_par' dir='ltr' id='par_1_8' title="bbox 353 4427 1512 4718">
     <span class='ocr_line' id='line_1_37' title="bbox 355 4427 1512 4516; baseline 0.009 -26"><span class='ocrx_word' id='word_1_307' title='bbox 355 4428 441 4491; x_wconf 90' lang='lat' dir='ltr'><strong>sicut</strong></span> <span class='ocrx_word' id='word_1_308' title='bbox 456 4427 525 4511; x_wconf 85' lang='lat' dir='ltr'><strong>ipse</strong></span> <span class='ocrx_word' id='word_1_309' title='bbox 540 4427 573 4491; x_wconf 92' lang='lat' dir='ltr'><strong>in</strong></span> <span class='ocrx_word' id='word_1_310' title='bbox 592 4428 731 4512; x_wconf 88' lang='lat' dir='ltr'><strong>prologo</strong></span> <span class='ocrx_word' id='word_1_311' title='bbox 747 4431 873 4512; x_wconf 89' lang='lat' dir='ltr'><strong>primae</strong></span> <span class='ocrx_word' id='word_1_312' title='bbox 889 4432 1120 4516; x_wconf 87' lang='lat' dir='ltr'><strong>philosophiae</strong></span> <span class='ocrx_word' id='word_1_313' title='bbox 1136 4455 1215 4500; x_wconf 91' lang='lat' dir='ltr'><strong>suae</strong></span> <span class='ocrx_word' id='word_1_314' title='bbox 1234 4435 1415 4498; x_wconf 78' lang='lat' dir='ltr'><strong>annotavit</strong></span> <span class='ocrx_word' id='word_1_315' title='bbox 1463 4436 1512 4500; x_wconf 90' lang='lat' dir='ltr'><strong>Et</strong></span> 
     </span>
     <span class='ocr_line' id='line_1_38' title="bbox 353 4531 1511 4624; baseline 0.006 -27"><span class='ocrx_word' id='word_1_316' title='bbox 353 4531 504 4597; x_wconf 83' lang='lat' dir='ltr'><strong>similiter</strong></span> <span class='ocrx_word' id='word_1_317' title='bbox 539 4552 614 4598; x_wconf 89' lang='lat' dir='ltr'><strong>cum</strong></span> <span class='ocrx_word' id='word_1_318' title='bbox 644 4531 845 4598; x_wconf 82' lang='lat' dir='ltr'><strong>Aristoteles</strong></span> <span class='ocrx_word' id='word_1_319' title='bbox 882 4537 1063 4621; x_wconf 80' lang='lat' dir='ltr'><strong>complevit</strong></span> <span class='ocrx_word' id='word_1_320' title='bbox 1099 4549 1178 4604; x_wconf 86' lang='lat' dir='ltr'><strong>octo</strong></span> <span class='ocrx_word' id='word_1_321' title='bbox 1207 4549 1320 4624; x_wconf 88' lang='lat' dir='ltr'><strong>partes</strong></span> <span class='ocrx_word' id='word_1_322' title='bbox 1350 4541 1511 4604; x_wconf 89' lang='lat' dir='ltr'><strong>naturalis</strong></span> 
     </span>
     <span class='ocr_line' id='line_1_39' title="bbox 707 4655 1150 4718; baseline 0.011 -12"><span class='ocrx_word' id='word_1_323' title='bbox 707 4655 847 4718; x_wconf 47' lang='lat' dir='ltr'><strong>mmor</strong></span> <span class='ocrx_word' id='word_1_324' title='bbox 880 4658 1150 4712; x_wconf 63' lang='lat' dir='ltr'><strong>onaseonscienus.</strong></span> 
     </span>
    </p>
   </div>
   <div class='ocr_carea' id='block_1_5' title="bbox 0 0 1795 5375">
    <p class='ocr_par' dir='ltr' id='par_1_9' title="bbox 0 0 1795 5375">
     <span class='ocr_line' id='line_1_40' title="bbox 0 0 1795 5375; baseline 0 0"><span class='ocrx_word' id='word_1_325' title='bbox 0 0 1795 5375; x_wconf 95' lang='lat' dir='ltr'><strong> </strong></span> 
     </span>
    </p>
   </div>
  </div>
 </body>
</html>
