3575 5375
586 649 850 709 LINGUARUM
874 648 1083 707 COGNITIO.
1373 660 1411 724 75

258 817 343 883 hanc
372 815 598 882 diversitatem
629 836 784 880 sonorum
811 814 944 897 signant
975 832 1034 895 per
1063 821 1188 894 puncta
1214 820 1247 874 et
1273 820 1409 874 tractus.

260 921 347 986 Nam
367 922 394 984 si
417 922 479 985 sub
498 920 597 1003 aleph
619 920 770 983 trahatur
791 918 878 981 linea
899 918 968 980 sine
990 926 1113 999 puncto
1131 916 1190 994 sic,
1208 916 1238 993 Β,
1258 916 1310 978 vel
1334 934 1408 979 cum

259 1037 392 1107 puncto,
410 1031 431 1105 ξ
452 1034 589 1089 sonatur
610 1046 638 1087 a
685 1022 722 1087 Si
744 1043 822 1086 vero
845 1023 913 1086 duo
936 1030 1060 1103 puncta
1082 1019 1163 1083 fiant
1182 1018 1325 1101 jacentia
1347 1018 1410 1081 sub

258 1128 357 1213 aleph
380 1150 398 1191 e
422 1139 610 1192 transverso
631 1128 661 1203 ii,
683 1127 736 1191 vel
758 1127 827 1190 duo
853 1125 977 1189 stantia
1001 1126 1030 1207 li,
1047 1124 1098 1187 vel
1122 1124 1184 1186 tria
1211 1123 1243 1185 in
1271 1122 1408 1185 modum

259 1233 412 1317 trianguli
422 1234 451 1311 ἕ,
463 1232 514 1296 vel
526 1233 672 1313 quinque
683 1240 807 1313 puncta
822 1230 885 1293 hoc
901 1230 1004 1293 modo
1016 1234 1046 1309 εξ,
1062 1239 1198 1292 sonatur
1213 1248 1241 1290 e.
1281 1225 1318 1291 Si
1330 1247 1409 1289 vero

204 1362 208 1368 ·
257 1339 322 1402 tria
342 1348 465 1422 puncta
483 1337 613 1400 iaceant
636 1337 698 1400 sub
718 1335 817 1417 aleph
836 1355 880 1397 ex
903 1334 1041 1415 obliquo
1063 1331 1297 1397 descendentia
1318 1331 1365 1395 sic
1387 1332 1409 1408 ll

258 1450 394 1506 sonatur
408 1462 440 1505 u.
486 1439 522 1504 Si
537 1460 615 1504 vero
631 1460 715 1502 unus
731 1450 873 1523 punctus
888 1448 1034 1521 ponatur
1048 1438 1110 1502 sub
1125 1436 1220 1499 litera
1235 1443 1256 1508 ῖς
1271 1444 1410 1499 sonatur

259 1546 278 1608 i.
326 1544 362 1609 Si
381 1566 459 1609 vero
480 1565 566 1609 unus
585 1554 726 1626 punctus
747 1542 805 1606 fiat
823 1563 922 1624 supra
943 1552 1078 1606 sonatur
1096 1562 1128 1619 o,
1148 1541 1205 1617 sic,
1220 1533 1249 1601 it,
1295 1539 1342 1601 Et
1363 1540 1411 1602 ita

258 1659 308 1713 est
327 1651 371 1713 de
390 1650 454 1728 ain,
470 1659 505 1712 et
523 1648 576 1727 he,
592 1658 626 1711 et
646 1649 736 1722 heth,
752 1667 838 1730 quae
856 1646 979 1710 habent
994 1645 1056 1709 hos
1076 1645 1221 1727 quinque
1237 1663 1336 1707 sonos
1352 1664 1411 1725 per

258 1754 394 1817 istorum
410 1755 579 1836 signorum
595 1753 831 1816 diversitatem.
878 1751 924 1814 Et
943 1770 1018 1813 cum
1033 1749 1092 1813 vas
1109 1758 1245 1813 sonatur
1260 1770 1282 1811 v
1296 1759 1409 1832 potest

258 1877 331 1922 esse
353 1858 483 1939 signum
507 1857 604 1921 trium
628 1866 827 1938 punctorum
848 1864 884 1918 ut
907 1855 1033 1917 dictum
1057 1862 1106 1917 est
1122 1853 1168 1917 sic
1183 1854 1208 1931 l,
1229 1850 1281 1916 vel
1296 1863 1408 1936 potest

259 1963 335 2044 poni
352 1982 436 2025 unus
454 1971 595 2044 punctus
610 1962 657 2025 sie
670 1962 690 2025 ³.

305 2067 386 2131 ldeo
405 2076 538 2149 oportet
558 2066 649 2148 quod
670 2066 713 2129 ad
734 2072 957 2129 consonantes
976 2072 1142 2145 ponantur
1155 2062 1236 2126 haec
1251 2062 1354 2144 signa,
1371 2073 1408 2126 ut

258 2170 378 2235 sciatur
393 2190 493 2233 sonus
507 2170 628 2233 vocalis
643 2168 890 2252 syllabicandus
902 2187 976 2231 cum
993 2175 1214 2231 consonante:
1239 2177 1275 2229 ut
1291 2167 1317 2230 si
1330 2164 1408 2231 volo

259 2275 433 2358 designare
458 2276 513 2351 ba,
541 2274 592 2352 be,
615 2273 659 2347 bi,
686 2273 739 2347 bo,
762 2274 817 2351 bu,
840 2273 982 2336 scribam
1009 2271 1074 2335 sic:
1097 2275 1117 2349 ἒ
1142 2275 1162 2339 ἒ
1186 2277 1206 2339 3
1230 2265 1251 2325 3
1279 2277 1314 2351 23.
1361 2269 1408 2333 Et

257 2378 382 2443 habent
407 2378 474 2443 alia
501 2380 597 2462 signa
623 2398 681 2460 per
708 2398 794 2459 quae
824 2377 1000 2459 designant
1029 2394 1127 2438 sonos
1157 2375 1407 2439 consonantium

257 2482 437 2565 aliquando
451 2481 618 2545 fortificari
639 2481 818 2564 aliquando
833 2481 967 2545 remitti.
1013 2479 1114 2544 Unde
1133 2478 1268 2561 quando
1284 2488 1407 2543 tractus

257 2587 392 2671 ponitur
418 2607 518 2669 super
547 2586 677 2650 literam
704 2596 784 2649 tunc
811 2586 1007 2649 remittitur:
1042 2586 1176 2667 quando
1202 2593 1345 2666 punctus
1376 2584 1408 2645 in

257 2703 371 2756 ventre
401 2693 536 2775 ponitur
569 2702 649 2754 tunc
679 2690 882 2756 fortificatur.
930 2691 979 2755 Ut
1008 2691 1143 2772 quando
1173 2709 1272 2770 super
1306 2688 1408 2752 Dalct

258 2798 391 2881 ponitur
411 2806 536 2861 tractus
552 2796 600 2860 sic
619 2799 638 2860 *i
659 2805 738 2860 tunc
756 2794 901 2859 debilem
922 2815 1040 2860 sonum
1061 2795 1170 2858 reddit
1191 2805 1227 2857 ut
1252 2796 1356 2856 nostri
1380 2815 1407 2870 z,

260 2911 296 2964 ut
319 2921 394 2966 cum
417 2902 502 2977 dico,
526 2900 672 2964 adamas.
718 2899 863 2982 Quando
886 2910 1027 2983 punctus
1050 2899 1083 2961 in
1106 2908 1220 2962 ventre
1243 2898 1314 2980 ejus
1337 2897 1403 2962 col-

257 3006 394 3083 locatur,
409 3007 464 3081 sic,
478 3012 508 3082 ¹⁴,
522 3016 601 3068 tunc
616 3004 744 3068 sortiter
759 3016 866 3080 sonat,
882 3016 919 3068 ut
935 3025 1011 3068 cum
1026 3005 1110 3082 dico,
1125 3003 1215 3066 dabo.
1232 3051 1239 3067 .
1256 3051 1264 3066 .
1279 3053 1286 3066 .

303 3109 501 3173 Manifestus
527 3131 606 3192 ergo
633 3118 667 3172 et
692 3109 766 3173 vilis
796 3121 847 3172 est
872 3130 963 3172 error
988 3108 1135 3171 omnium
1163 3109 1196 3170 in
1222 3107 1285 3169 hac
1312 3115 1407 3189 parte

257 3224 392 3296 propter
407 3215 624 3298 ignorantiam
639 3212 755 3276 harum
773 3203 970 3294 linguarum.

301 3318 404 3383 Aliud
431 3317 622 3400 exemplum
649 3317 810 3399 accipiam
838 3318 881 3380 de
905 3315 1033 3379 Graeco
1059 3324 1093 3377 et
1120 3312 1224 3377 multa
1250 3313 1406 3395 exempla
1420 3327 1475 3377 The
1487 3327 1570 3378 Greek

258 3422 386 3487 Graeca
400 3422 565 3486 addentur
581 3423 613 3484 in
628 3422 849 3503 sequentibus
897 3419 963 3484 Sed
979 3418 1056 3482 volo
1077 3417 1130 3482 hic
1151 3435 1271 3500 ponere
1290 3415 1406 3498 alpha·
1419 3393 1545 3458 alphabet

256 3526 370 3590 hetum
401 3525 566 3590 Graecum
596 3546 671 3588 cum
701 3525 919 3608 diphthongis
952 3523 1073 3606 quibus
1102 3519 1271 3598 scribunt3
1300 3523 1407 3585 multo

256 3632 343 3693 enim
361 3628 545 3694 evidentius
559 3650 618 3712 per
632 3629 695 3693 hoc
711 3629 839 3712 patebit
854 3649 939 3711 quae
953 3627 1093 3691 dicenda
1108 3636 1194 3691 sunt.

326 3791 346 3832 a
457 3767 480 3830 b
589 3787 613 3850 g
741 3770 763 3831 d
895 3787 913 3830 e
1027 3788 1044 3829 z
1139 3766 1149 3829 i
1238 3767 1275 3831 th
1372 3767 1381 3830 i

288 3873 367 3938 alpha
430 3873 482 3921 vita
547 3886 646 3936 gemma
712 3870 780 3926 delta
844 3876 944 3935 epente
1011 3869 1060 3918 zita
1125 3870 1161 3919 ita
1227 3870 1291 3921 thita
1356 3871 1409 3921 iota

321 3954 1386 4036 αβγδεζιιθι

288 4129 795 4194 lrlmnx
913 4151 934 4193 o
1043 4142 1392 4213 prst

255 4234 340 4300 kappa
413 4232 490 4283 labda
562 4234 598 4282 mi
672 4232 698 4280 ni
772 4232 798 4280 xi
864 4233 988 4283 omicron
1038 4234 1065 4299 pi
1148 4250 1177 4284 ro
1243 4234 1306 4284 simn
1371 4233 1411 4283 tas

288 4315 1393 4399 κλμΝξοπρστ

291 4513 316 4574 y
402 4491 449 4573 ph
514 4491 555 4553 ch
622 4509 662 4572 ps

255 4594 338 4658 ypsilo
403 4593 449 4658 phi
515 4592 557 4643 chi
621 4593 661 4657 psi
718 4608 819 4658 omega

288 4685 306 4724 v
407 4669 433 4742 φ
522 4687 545 4745 x
631 4667 659 4742 l
760 4688 785 4725 ω
