3575 5375
700 597 989 704 oaoonnpnm.
1358 660 1419 724 343

266 806 383 884 stadia,
407 816 444 871 ut
467 806 548 871 dicit
569 807 702 887 Plinius,
717 819 750 873 et
769 817 885 872 contra
909 809 1037 889 Tyrum
1061 806 1232 873 descendit
1261 829 1349 890 aqua
1374 809 1417 871 de

269 910 399 976 Libano
413 912 476 974 sub
491 921 586 987 terra,
601 922 635 976 et
650 915 751 976 currit
772 932 877 997 prope
894 913 1023 994 Tyrum
1042 912 1085 976 ad
1106 932 1207 976 unam
1229 912 1367 990 leucam,
1383 925 1417 977 et

266 1013 311 1077 ibi
335 1018 478 1098 erumpit
501 1017 534 1079 in
558 1026 694 1098 puteum
718 1017 926 1094 latissimum,
947 1025 981 1081 et
1004 1016 1189 1082 altitudinis
1210 1018 1253 1081 ad
1276 1018 1414 1080 modum

266 1120 374 1194 turris,
396 1121 453 1202 qui
477 1141 536 1203 per
558 1121 708 1185 canalem
731 1121 908 1185 descendit
938 1120 1117 1185 interram
1141 1130 1175 1184 et
1199 1122 1313 1205 irrigat
1343 1121 1417 1185 loca

265 1223 381 1289 vicina.
426 1225 472 1288 Et
495 1224 548 1288 hic
570 1235 691 1307 puteus
720 1233 771 1288 est
802 1233 922 1307 puteus
955 1244 1115 1307 aquarum
1144 1227 1337 1305 viventium,
1358 1226 1416 1308 qui

266 1328 338 1394 fluit
368 1350 442 1394 cum
466 1331 591 1412 impetu
613 1330 657 1393 de
687 1329 828 1409 Libano,
851 1330 895 1392 de
924 1348 992 1411 quo
1023 1329 1057 1392 in
1089 1327 1235 1394 Canticis
1263 1328 1415 1394 habetur.

267 1432 391 1497 Contra
405 1454 484 1498 vero
496 1432 660 1518 Tripolim
677 1445 727 1498 est
741 1432 815 1497 lons
830 1434 1002 1497 hortorum
1015 1431 1116 1514 juxta
1131 1430 1232 1496 colles
1245 1434 1366 1498 Libani
1382 1442 1415 1497 et

265 1536 338 1601 fluit
358 1558 463 1620 usque
485 1537 528 1603 ad
548 1547 694 1602 montem
720 1539 939 1621 peregrinum,
955 1558 976 1600 a
989 1557 1058 1618 quo
1078 1517 1201 1600 flumen
1223 1550 1366 1617 emanat,
1381 1549 1416 1603 et

265 1643 355 1707 cadit
384 1641 417 1706 in
447 1662 539 1706 mare
568 1641 652 1706 iuter
681 1642 843 1726 Tripolim
876 1651 911 1706 et
948 1642 1139 1720 Tortosam,
1168 1662 1271 1724 prope
1301 1651 1414 1707 tamen

265 1746 436 1830 Tripolim.
483 1745 551 1810 Sed
574 1754 607 1809 et
630 1746 674 1809 ab
695 1745 815 1810 eodem
847 1745 941 1810 lonte
970 1746 1133 1829 peregrini
1164 1748 1264 1811 currit
1295 1768 1417 1831 aquae·

265 1853 384 1915 ductus
407 1851 440 1913 in
463 1850 637 1933 Tripolim.
682 1850 771 1912 Fons
794 1849 967 1914 hortorum
991 1859 1025 1913 et
1059 1850 1210 1913 Libanus
1240 1852 1366 1916 distant
1394 1873 1416 1916 a

265 1953 392 2039 Tripoli
418 1976 478 2038 per
499 1966 566 2019 tres
590 1955 709 2019 leucas.
754 1953 861 2018 Sidon
884 1952 987 2018 distat
1008 1974 1029 2017 a
1051 1954 1191 2018 collibus
1213 1954 1334 2020 Libani
1356 1977 1416 2038 per

265 2058 374 2123 leucas
389 2060 517 2122 circiter
531 2069 608 2137 tres,
623 2079 643 2120 a
659 2067 772 2121 monte
789 2077 911 2140 magno
927 2077 987 2138 per
1003 2057 1114 2121 leucas
1125 2058 1253 2121 circiter
1261 2061 1414 2141 quinque.

310 2164 355 2227 Et
370 2183 445 2228 cum
462 2183 548 2226 nunc
564 2171 674 2226 tactae
688 2172 765 2225 sunt
779 2162 931 2225 civitates
945 2171 979 2224 et
995 2171 1126 2225 montes
1140 2163 1223 2226 citra
1233 2162 1414 2242 Jordanem
1428 2180 1507 2230 cuias

264 2275 298 2330 et
308 2288 419 2330 versus
431 2286 522 2329 mare
533 2275 692 2343 nostrum,
705 2275 843 2348 possunt
855 2263 968 2346 aliqua
978 2265 1057 2328 addi
1071 2284 1185 2329 versus
1196 2265 1414 2347 Euphratem.
1428 2246 1531 2375 ἓξὲξ·

266 2372 311 2435 Et
332 2373 439 2455 primo
455 2391 554 2452 super
572 2389 663 2434 mare
680 2369 851 2434 Mortuum
873 2380 925 2434 est
946 2369 1151 2446 Machaerus,
1166 2373 1337 2452 quondam
1352 2390 1414 2434 arx

264 2478 409 2542 secunda
431 2485 509 2560 post
534 2473 815 2557 Hierosolymam,
838 2485 876 2538 ut
906 2475 988 2540 dicit
1011 2474 1146 2552 Plinius,
1167 2497 1188 2540 a
1210 2497 1277 2558 qua
1299 2477 1415 2559 incipit

263 2582 368 2645 tribus
389 2581 509 2645 Ruben
529 2600 550 2643 a
573 2579 729 2658 meridie;
751 2579 840 2644 etin
861 2580 1087 2662 septentrione
1110 2600 1211 2662 super
1233 2581 1413 2662 Jordanem

260 2686 360 2769 juxta
383 2696 533 2751 montem
557 2683 723 2748 Libanum
747 2694 798 2748 est
814 2680 927 2747 Pella¹
951 2685 1075 2763 civitas,
1096 2705 1182 2766 quae
1206 2698 1257 2750 est
1278 2685 1414 2750 ultimus

263 2792 423 2858 terminus
448 2803 554 2856 terrae
579 2788 810 2853 Hebraeorum
832 2789 920 2852 ultra
943 2789 1123 2872 Jordanem
1141 2790 1174 2853 in
1189 2791 1414 2874 septentrione

264 2916 368 2980 prope
384 2895 581 2960 Caesaream
600 2892 751 2978 Philippi.
799 2893 861 2958 Est
876 2903 991 2957 autem
1006 2894 1049 2957 ad
1061 2896 1222 2958 orientem
1233 2893 1307 2957 linis
1319 2894 1413 2958 istius

263 3012 370 3065 terrae
392 3000 573 3063 secundum
593 2998 839 3079 Hieronymum
863 2998 950 3061 libro
972 2998 1140 3063 Locorum
1163 2999 1279 3063 civitas
1303 2999 1413 3062 Phila-

263 3104 407 3187 delphia,
418 3123 504 3186 quae
519 3104 640 3167 dicitur
657 3103 691 3165 in
708 3102 816 3166 Biblia
833 3102 970 3167 Rabath
986 3101 1129 3167 filiorum
1145 3102 1271 3166 Amon.
1317 3104 1363 3167 Et
1380 3103 1413 3165 in

262 3212 405 3274 termino
426 3209 516 3291 regni
539 3207 639 3283 Seon,
660 3218 695 3270 et
720 3206 776 3288 Og
798 3208 885 3287 regis
905 3206 1023 3283 Basan,
1044 3216 1095 3270 est
1113 3207 1220 3288 Jaboc
1238 3205 1356 3270 fluvius
1377 3217 1414 3271 ut

261 3314 387 3378 dictum
410 3323 470 3390 est,
487 3313 543 3375 ubi
563 3322 613 3375 est
641 3309 947 3389 Ramoth-Galaad,
962 3312 1006 3374 de
1030 3330 1098 3393 quo
1118 3312 1199 3376 satis
1217 3310 1358 3375 habetur
1379 3312 1413 3375 in

262 3418 356 3483 bellis
371 3436 487 3498 regum
509 3413 621 3478 lsrael.
668 3413 766 3477 Circa
790 3413 917 3479 Pellam
933 3424 967 3477 et
989 3414 1187 3479 Caesaream
1203 3414 1346 3497 Philippi
1362 3426 1413 3481 est

262 3542 357 3586 mons
381 3520 532 3583 Hermon
553 3516 735 3581 Caesareae
753 3517 932 3581 imminens
944 3542 954 3593 3
978 3528 1013 3583 et
1032 3538 1052 3581 e
1074 3517 1209 3599 regione
1226 3516 1345 3581 Libani
1368 3519 1411 3582 ad

260 3627 422 3691 orientem
453 3634 561 3687 terrae
588 3620 730 3685 filiorum
762 3621 874 3700 Israel,
897 3634 934 3686 ut
963 3623 1043 3686 dicit
1074 3622 1300 3703 Hieronymus
1328 3622 1412 3686 libro

262 3732 439 3810 Locorum,
453 3728 496 3791 de
512 3746 580 3811 quo
596 3727 739 3789 aestivae
754 3726 845 3790 nives
856 3726 984 3809 Tyrum
1001 3728 1046 3791 ob
1060 3726 1196 3790 delicias
1211 3725 1412 3791 deseruntur.

262 3836 343 3915 Sed,
365 3846 402 3898 ut
424 3833 506 3897 dicit
530 3831 663 3909 Plinius,
689 3829 776 3893 valle
798 3830 1014 3913 interjacente
1037 3841 1114 3913 post
1137 3831 1314 3908 Libanum,
1335 3830 1412 3897 huic

261 3962 320 4024 par
349 3958 445 4004 mons
478 3936 627 4001 exoritur
659 3934 717 4017 qui
749 3934 964 3998 Antilibanus
1002 3936 1203 4013 nominatur,
1234 3945 1267 3999 et
1297 3946 1348 4000 est
1379 3937 1412 3998 in

259 4044 453 4109 orientalem
469 4052 598 4125 partem
620 4040 742 4104 montis
765 4038 894 4118 Libani,
912 4049 949 4104 ut
968 4040 1051 4104 dicit
1075 4039 1303 4121 Hieronymus
1326 4040 1412 4103 libro
1511 4062 1517 4073 ·

262 4151 436 4214 Locorum.
476 4147 523 4210 Et
537 4144 717 4209 secundum
737 4144 982 4225 Hieronymum
998 4143 1082 4207 libro
1094 4144 1271 4222 Locorum,
1283 4143 1411 4207 Galaad

261 4273 357 4318 mons
372 4262 421 4317 est
442 4251 486 4314 ad
509 4250 687 4313 terminum
710 4247 884 4313 Phoenicis
902 4258 937 4311 et
959 4248 1107 4312 Arabiae
1127 4247 1268 4313 collibus
1291 4247 1411 4310 Libani

259 4359 432 4442 copulatus
446 4356 490 4419 ad
508 4354 688 4430 meridiem,
704 4352 962 4434 extenditurque
977 4372 1035 4434 per
1054 4352 1222 4416 desertum
1245 4370 1349 4432 usque
1366 4352 1410 4416 ad

260 4464 369 4528 locum
400 4459 504 4539 illum,
526 4458 581 4523 ubi
605 4467 696 4521 trans
718 4456 900 4537 Jordanem
930 4456 1094 4521 habitavit
1122 4454 1203 4518 olim
1235 4453 1323 4519 Seon
1350 4476 1411 4518 rex

292 4598 300 4629 ¹
313 4598 385 4647 Pella
397 4598 419 4646 is
431 4604 532 4659 twenty
539 4594 613 4645 miles
624 4594 700 4645 south
713 4594 744 4644 ol'
752 4595 852 4644 thesea
863 4592 893 4643 ol
901 4592 1023 4653 Tiberias,
1031 4593 1083 4643 and
1094 4592 1165 4655 sixty
1173 4592 1248 4641 miles
1259 4605 1335 4653 away
1345 4590 1411 4639 from

259 4682 389 4733 caesarea
401 4680 521 4743 Philippi.
