3575 5375
679 615 969 675 GEOGRAPHIA.
1339 628 1400 689 319

247 779 402 862 vulgatus
425 789 484 855 est,
501 779 581 844 satis
602 781 801 843 conveniens
822 789 871 844 est
895 778 1021 861 aliquid
1042 777 1188 841 notabile
1209 776 1337 840 recitari
1357 777 1400 840 de

248 904 296 948 eo.
342 884 457 950 Oritur
483 895 595 948 autern
623 884 667 947 de
691 884 855 968 paradiso,
876 894 915 948 ut
940 883 1102 967 scriptura
1126 881 1235 956 refert,
1255 882 1314 945 sed
1342 880 1400 945 ubi

249 1000 403 1071 erumpat
420 1000 569 1054 nostrum
581 989 771 1065 habitabile,
781 989 977 1053 aestimatur
988 987 1208 1052 diversimode
1219 1007 1240 1049 a
1251 987 1399 1051 diversis.

249 1091 433 1156 Verisimile
448 1105 562 1158 tamen
577 1104 627 1157 est
643 1093 732 1176 quod
749 1093 783 1155 in
799 1093 909 1157 littore
924 1092 1110 1173 incipientis
1134 1092 1234 1156 maris
1255 1090 1343 1154 rubri
1365 1090 1398 1153 in

249 1196 431 1280 Aethiopia
447 1199 560 1275 oritur,
575 1199 755 1261 secundum
772 1197 863 1280 quod
884 1197 1028 1260 affirmat
1043 1195 1180 1262 Orosius
1198 1195 1231 1258 in
1253 1195 1337 1259 libro
1356 1196 1400 1258 de

251 1301 408 1366 Orrnesta
434 1302 553 1366 Mundi
575 1304 618 1366 ad
653 1303 789 1365 beatum
821 1301 1058 1384 Augustinum,
1081 1311 1114 1364 et
1144 1300 1271 1365 Seneca
1301 1298 1400 1366 tertio

251 1405 479 1470 Naturalium¹
501 1407 581 1471 satis
607 1407 794 1471 concordat.
842 1405 930 1470 Nam
950 1405 1049 1470 refert
1069 1405 1237 1468 Neronem
1256 1405 1399 1486 impera-

249 1521 356 1575 torem
380 1512 508 1574 misisse
530 1512 615 1576 duos
635 1511 844 1575 centuriones
866 1511 909 1573 ad
932 1509 1177 1592 explorandum
1194 1508 1262 1572 Nili
1277 1517 1400 1581 ortum,

249 1625 382 1678 etcum
404 1615 552 1679 venirent
579 1617 622 1678 ad
650 1616 793 1698 primum
819 1633 930 1696 regern
954 1612 1161 1695 Aethiopum
1188 1612 1320 1677 fuerunt
1342 1632 1401 1696 per

248 1739 325 1782 eum
338 1701 490 1782 instructi
506 1731 540 1784 et
558 1719 672 1802 adjuti,
689 1727 726 1783 ut
746 1739 840 1802 reges
860 1719 981 1784 caeteri
997 1719 1201 1801 Aethiopiae
1220 1718 1338 1783 darent
1353 1717 1401 1780 eis

249 1824 459 1887 conductum.
505 1823 551 1888 Et
567 1824 702 1888 tandem
719 1833 879 1888 venerunt
894 1825 938 1886 ad
957 1823 1096 1907 paludes
1110 1824 1254 1888 vadosas
1273 1832 1307 1886 et
1327 1821 1402 1884 her·

249 1927 357 2000 bosas,
379 1947 518 2010 quarum
551 1929 748 2012 magnitudo
779 1929 993 2012 ignorabatur
1022 1928 1065 1991 ab
1094 1925 1231 1990 incolis:
1264 1927 1308 1990 de
1333 1946 1401 2008 qua

249 2033 351 2095 etiam
367 2031 579 2098 certificanda
598 2034 830 2116 desperabant.
868 2031 958 2095 Nam
980 2051 1088 2113 neque
1108 2031 1243 2112 navigio
1263 2039 1400 2112 propter

249 2156 356 2218 aquae
382 2137 579 2220 parvitatem
605 2146 785 2220 potuerunt
807 2136 961 2200 homines
982 2133 1178 2217 explorare3
1200 2154 1259 2198 nec
1278 2133 1399 2198 humus

250 2239 369 2304 limosa
395 2241 504 2320 potuit
530 2241 661 2324 pondus
688 2240 830 2304 hominis
855 2239 1026 2304 sustinere.
1082 2237 1273 2302 Credebant
1300 2238 1401 2320 igitur

251 2343 377 2406 incolae
392 2343 438 2406 ibi
452 2365 525 2406 esse
544 2354 643 2426 caput
660 2342 745 2407 Nili:
769 2343 816 2407 Et
837 2344 911 2408 ideo
933 2343 1023 2426 quod
1040 2342 1166 2407 Plinius
1185 2343 1266 2407 dicit
1282 2343 1398 2406 Nilum

250 2446 326 2508 oriri
343 2447 375 2508 in
393 2445 513 2510 linibus
528 2448 710 2512 occidentis
726 2447 827 2529 juxta
843 2458 991 2510 montem
1009 2446 1185 2511 Atlantem
1205 2467 1270 2510 non
1286 2447 1402 2530 procul

250 2571 270 2612 a
286 2551 376 2623 mari,
387 2570 453 2613 non
470 2561 521 2614 est
536 2552 748 2616 credendum.
795 2551 934 2634 Duplex
944 2553 1033 2615 enirn
1045 2554 1271 2616 testimonium
1286 2550 1403 2615 fortius

251 2665 301 2718 est
322 2654 375 2719 hic
396 2674 497 2737 quarn
518 2655 685 2741 singulari,
700 2667 734 2721 et
755 2656 962 2741 experientia
978 2657 1122 2721 Neronis
1142 2656 1297 2741 principis
1316 2655 1402 2721 mul-

251 2772 323 2826 tum
339 2770 500 2844 operatur.

296 2865 428 2929 Deinde
451 2864 572 2928 fluvius
593 2864 772 2931 Africanus
793 2867 903 2933 tendit
925 2868 957 2932 in
981 2868 1159 2951 regionem,
1182 2886 1268 2949 quae
1292 2865 1404 2949 Libya
1418 2867 1555 2945 Aruerni

251 2968 423 3053 Aegyptia
439 2970 568 3045 dicitur,
579 2971 623 3035 ad
639 2971 835 3036 immensum
852 2970 991 3049 lacum2,
1002 2993 1069 3055 quo
1085 2970 1206 3049 finitur,
1221 2972 1307 3037 sicut
1323 2972 1404 3036 dicit
1418 2933 1553 3048 mim,

253 3074 398 3138 Orosius.
446 3074 492 3139 Et
512 3074 555 3138 ad
578 3074 642 3140 hoc
660 3085 711 3140 est
730 3078 820 3158 quod
844 3076 1017 3159 paradisus
1040 3087 1092 3140 est
1118 3078 1151 3139 in
1175 3076 1311 3140 oriente.
1358 3074 1405 3138 Et
1418 3064 1575 3181 :ffiffiffi

252 3177 328 3242 ideo
342 3179 549 3243 verisimilius
570 3190 619 3243 est
638 3180 729 3264 quod
748 3180 844 3245 Nilus
864 3192 1018 3265 erumpat
1038 3182 1072 3244 in
1094 3181 1221 3244 oriente
1244 3200 1347 3262 quam
1371 3181 1404 3242 in
1418 3196 1461 3247 the
1470 3196 1531 3246 Nile

252 3284 444 3363 occidente3
467 3304 528 3347 nec
544 3296 595 3348 est
611 3305 694 3349 unus
710 3296 743 3349 et
759 3285 848 3349 idem
863 3284 982 3349 fluvius
997 3282 1133 3348 Africae
1153 3295 1187 3348 et
1204 3283 1311 3362 Nilus,
1325 3283 1404 3347 licet
1419 3264 1563 3378 fflnffted·

285 3470 293 3499 ¹
310 3472 373 3521 This
382 3472 517 3522 reference
530 3474 551 3522 is
563 3481 590 3523 to
601 3474 660 3523 Nat.
674 3475 775 3537 Quaest.
786 3477 819 3525 vi.
832 3478 856 3527 8.
892 3476 949 3525 The
963 3474 1082 3523 marshes
1097 3487 1143 3521 are
1158 3472 1184 3520 in
1198 3472 1232 3521 all
1246 3472 1403 3533 probability

252 3551 327 3599 those
340 3552 418 3599 found
430 3551 465 3613 by
476 3554 585 3601 modern
597 3554 732 3617 explorers
743 3571 777 3603 on
791 3556 837 3604 the
848 3554 938 3603 White
951 3553 1010 3601 Nile
1020 3553 1103 3601 above
1112 3553 1146 3600 its
1154 3552 1272 3612 junction
1283 3552 1349 3600 with
1361 3552 1406 3599 the

253 3629 333 3679 Sohat
344 3631 371 3677 in
382 3628 411 3692 9⁰
424 3630 455 3678 N.
490 3631 609 3693 Ptolemy
621 3632 754 3682 describes
768 3634 820 3682 this
832 3635 902 3681 river
911 3648 940 3681 as
951 3632 1050 3680 formed
1061 3628 1089 3679 2⁰
1100 3632 1177 3680 south
1190 3630 1220 3679 of
1233 3630 1277 3679 the
1288 3636 1406 3692 equator,

252 3708 287 3769 by
298 3709 343 3757 the
359 3710 475 3770 junction
493 3709 523 3758 of
536 3718 589 3759 two
605 3710 689 3761 rivers
704 3712 811 3774 flowing
826 3711 891 3760 from
910 3718 964 3759 two
977 3710 1050 3759 lakes
1063 3709 1117 3759 still
1128 3709 1323 3759 furthersouth.
1361 3708 1404 3757 lie

252 3788 383 3836 describes
394 3788 450 3837 also
461 3789 506 3838 the
517 3788 640 3852 Astapus,
651 3792 801 3853 answering
812 3799 839 3839 to
854 3790 900 3839 the
912 3790 977 3839 Blae
990 3788 1056 3851 Nile,
1069 3789 1155 3839 which
1169 3788 1260 3849 joined
1275 3788 1320 3837 the
1336 3790 1405 3837 main

251 3874 346 3915 stream
358 3866 386 3927 4Ο
397 3864 439 3928 30‘
448 3868 526 3917 south
539 3868 569 3916 of
583 3868 673 3917 Meroe
685 3870 736 3918 and
753 3870 897 3931 originated
909 3870 936 3918 in
949 3869 1020 3919 Lake
1032 3868 1121 3928 Coloe,
1134 3882 1197 3916 now
1209 3868 1307 3916 known
1318 3882 1348 3916 as
1359 3869 1404 3917 the

252 3945 310 3994 lalre
322 3945 408 3994 Tzana
420 3946 446 3993 in
459 3946 607 4009 Abyssinia
643 3947 791 4011 [Bunbury,
804 3947 854 3996 vol.
867 3948 894 3996 ii.
908 3964 950 4011 pp.
962 3946 1084 4011 dra-13]

285 4022 341 4071 The
358 4026 440 4073 views
457 4024 488 4072 of
500 4024 625 4073 Aristotle
642 4040 671 4075 as
688 4034 715 4075 to
733 4027 778 4075 the
795 4026 963 4075 inundations
979 4027 1011 4074 of
1024 4027 1069 4075 the
1087 4026 1155 4088 Nile,
1168 4027 1256 4077 which
1272 4027 1324 4077 had
1338 4027 1406 4075 been

252 4102 376 4163 carefully
388 4103 492 4152 studied
510 4103 543 4165 by
557 4104 654 4161 Bacon,
667 4105 765 4165 though
777 4106 841 4153 with
853 4106 894 4153 his
906 4106 979 4155 usual
993 4106 1202 4168 independence,
1213 4108 1270 4156 will
1281 4109 1314 4156 be
1325 4107 1405 4155 found

252 4182 278 4229 in
298 4180 371 4242 Frag.
384 4197 433 4231 ara
445 4182 566 4243 and213.
601 4182 631 4231 ln
648 4183 688 4231 Dr
704 4182 880 4243 Animalibus,
900 4184 943 4232 lib.
961 4184 1013 4234 viii.
1033 4200 1090 4247 cap.
1109 4200 1148 4246 aa,
1160 4186 1195 4235 he
1205 4186 1301 4247 speaks
1317 4185 1348 4232 of
1362 4184 1405 4233 the

252 4261 368 4309 marshes
378 4260 408 4308 of
417 4260 460 4308 the
473 4260 565 4323 Upper
577 4260 654 4321 Nile;
670 4261 722 4310 and
734 4261 760 4309 in
772 4260 898 4311 Meleorof.
910 4263 927 4311 i.
939 4278 995 4324 cap.
1010 4278 1041 4325 13
1050 4265 1084 4314 he
1090 4262 1192 4315 alludes
1203 4272 1231 4313 to
1239 4264 1273 4312 its
1283 4263 1367 4324 origin
1378 4264 1405 4311 in

252 4340 297 4389 the
309 4336 394 4387 Silver
403 4338 548 4388 hfountain.
580 4338 637 4387 The
648 4354 758 4403 passage
769 4340 795 4387 in
807 4340 875 4391 Post.
886 4341 992 4403 Anaryr.
1004 4341 1030 4390 i'a
1042 4357 1099 4403 cap.
1114 4357 1153 4403 13,
1165 4349 1235 4391 asto
1246 4342 1292 4390 the
1306 4340 1405 4389 lessen·

251 4416 297 4476 ing
309 4416 338 4463 of
351 4417 396 4465 the
408 4417 469 4465 llow
479 4424 506 4465 at
517 4418 562 4467 the
578 4418 630 4467 end
649 4418 679 4467 of
692 4419 737 4467 the
753 4420 854 4481 mouth,
866 4419 931 4469 does
949 4426 996 4467 not
1005 4434 1078 4469 seem
1093 4428 1122 4469 to
1136 4428 1273 4482 represent
1287 4435 1340 4481 any
1350 4420 1405 4469 real

252 4494 360 4557 opinion
372 4495 431 4543 held
443 4495 477 4557 by
489 4495 550 4545 him.

285 4570 296 4600 ¹
312 4572 398 4623 'l'here
410 4590 465 4623 was
477 4583 551 4637 great
561 4574 696 4625 confusion
709 4575 736 4623 in
747 4576 880 4639 antiquity,
894 4576 945 4624 and
957 4575 1117 4638 throughout
1128 4577 1172 4625 the
1185 4576 1282 4625 middle
1292 4592 1364 4639 agea,
1376 4593 1407 4627 as

253 4659 280 4701 to
298 4653 342 4701 the
360 4654 507 4702 connexion
526 4654 556 4702 of
572 4655 617 4703 the
636 4654 695 4703 Nile
711 4654 774 4703 with
793 4655 868 4703 other
884 4653 988 4702 African
1006 4656 1087 4703 rivers
1093 4670 1102 4715 ;
1120 4670 1176 4717 nor,
1193 4656 1298 4717 indeed,
1314 4671 1371 4705 was
1388 4657 1408 4705 it
