3575 5375
724 1424 880 1500 PARS
928 1423 1143 1497 TERTIA

666 1641 823 1724 HUJUS
847 1638 1214 1707 PERSUASIONIS.

617 1815 675 1879 Da
700 1814 914 1881 Urrnrrnrn
937 1814 1224 1879 Ganuunrrcnn
1237 1810 1258 1873 ¹.

192 1982 287 2113 ῗξὲἓὲν·
408 1920 710 2071 Βεεῐαῐαῒῗίςῐω)
725 1988 816 2071 quod
833 2008 897 2051 una
913 1995 962 2049 est
974 1986 1137 2070 sapientia
1151 1984 1303 2068 perlecta,
1315 2001 1402 2063 quae
1413 1978 1515 2044 sacris

192 2114 292 2178 implica
362 2088 464 2154 literis
495 2090 682 2155 continetur
710 2111 769 2174 per
798 2090 853 2173 jus
883 2091 1079 2155 canonicum
1106 2098 1140 2152 et
1167 2085 1422 2171 philosophiam,
1448 2104 1516 2167 qua

192 2180 272 2295 ffffile
362 2194 505 2257 mundus
527 2194 629 2259 habet
653 2195 731 2278 regi,
755 2214 816 2258 nec
838 2194 905 2258 alia
927 2193 1102 2276 requiritur
1125 2191 1263 2256 scientia
1286 2211 1347 2274 pro
1369 2187 1516 2252 utilitate

192 2311 329 2424 tanguffies
363 2296 491 2381 generis
505 2298 652 2372 humani,
667 2318 754 2362 nunc
768 2297 846 2362 volo
861 2298 1061 2362 descendere
1081 2298 1123 2360 ad
1148 2318 1188 2360 ea
1209 2294 1308 2377 hujus
1330 2292 1516 2376 sapientiae

192 2377 341 2505 ffilssdge
364 2400 549 2484 magnifica,
574 2421 660 2485 quae
687 2402 837 2467 maxime
865 2401 978 2466 valent
1003 2401 1136 2483 exponi.
1183 2400 1228 2464 Et
1255 2407 1332 2462 sunt
1356 2397 1516 2480 quinque,

193 2508 215 2554 rs
224 2506 348 2556 oecorded.
363 2505 434 2569 sine
448 2505 569 2588 quibus
583 2526 644 2571 nec
656 2506 769 2570 divina
785 2527 846 2570 nec
859 2505 1006 2569 humana
1018 2506 1092 2569 sciri
1109 2513 1255 2589 possunt,
1267 2522 1408 2585 quorum
1424 2510 1515 2564 certa

363 2608 510 2693 cognitio
526 2610 636 2673 reddit
651 2630 712 2673 nos
723 2608 834 2674 faciles
846 2612 890 2675 ad
902 2609 1014 2673 omnia
1026 2608 1266 2692 cognoscenda.
1313 2605 1359 2670 Et
1369 2605 1515 2689 primum

362 2722 413 2776 est
429 2712 656 2778 Grammatica
670 2714 703 2777 in
720 2714 839 2798 linguis
851 2714 966 2778 alienis
978 2713 1143 2798 exposita,
1153 2733 1197 2776 ex
1212 2710 1334 2795 quibus
1345 2711 1514 2775 emanavit

362 2815 527 2901 sapientia
563 2815 772 2881 Latinorum.
818 2817 1031 2901 Impossibile
1061 2818 1150 2881 enim
1189 2827 1249 2896 est,
1278 2816 1368 2898 quod
1400 2814 1514 2879 Latini

362 2920 555 3003 perveniant
570 2923 612 2984 ad
634 2942 674 2985 ea
688 2941 775 3003 quae
792 2922 979 2985 necessaria
997 2932 1073 2985 sunt
1094 2922 1127 2984 in
1150 2920 1270 2984 divinis
1292 2930 1327 2984 et
1344 2918 1511 2993 humanis,

362 3023 425 3087 nisi
446 3023 601 3087 notitiam
622 3023 769 3089 habeant
793 3025 933 3088 aliarum
955 3025 1150 3109 linguarum,
1173 3045 1232 3088 nec
1255 3022 1442 3106 perficietur
1464 3023 1514 3084 eis

362 3126 525 3211 sapientia
542 3128 702 3206 absolute,
718 3148 777 3193 nec
794 3129 896 3192 relate
911 3130 953 3193 ad
975 3129 1147 3193 ecclesiam
1166 3128 1230 3191 Dei
1252 3138 1285 3191 et
1306 3127 1433 3208 reliqua
1448 3125 1515 3190 tria

362 3231 624 3313 praenominata.
669 3231 769 3314 Quod
784 3232 861 3296 volo
877 3253 965 3296 nunc
980 3231 1156 3307 declarare,
1172 3241 1205 3296 et
1226 3231 1336 3313 primo
1359 3240 1513 3313 respectu

362 3335 520 3399 scientiae
541 3335 725 3400 absolutae.
770 3337 858 3400 Nam
887 3345 979 3400 totus
1006 3344 1121 3400 textus
1150 3355 1243 3399 sacer
1272 3355 1293 3397 a
1323 3333 1453 3398 Graeco
1479 3344 1514 3397 et

363 3437 520 3502 Hebraeo
545 3437 729 3503 transfusus
762 3451 822 3516 est,
844 3450 880 3504 et
902 3440 1114 3523 philosophia
1144 3441 1187 3503 ab
1221 3439 1275 3502 his
1304 3447 1338 3500 et
1363 3436 1515 3500 Arabico

362 3542 507 3605 deducta
521 3552 592 3613 est;
615 3545 673 3607 sed
690 3544 898 3626 impossibile
913 3545 1062 3626 estquod
1074 3543 1258 3626 proprietas
1275 3541 1371 3605 unius
1382 3541 1516 3623 linguae

363 3657 510 3708 servetur
525 3647 559 3709 in
577 3645 650 3710 alia.
695 3647 784 3710 Nam
801 3659 836 3712 et
851 3647 1013 3710 idiomata
1028 3647 1177 3729 ejusdem
1195 3647 1328 3730 linguae
1343 3647 1516 3709 variantur

364 3749 453 3830 apud
474 3748 632 3823 diversos
665 3750 751 3814 sicut
783 3760 876 3833 patet
899 3753 943 3815 de
973 3750 1086 3834 lingua
1109 3751 1291 3826 Gallicana,
1313 3770 1401 3832 quae
1423 3750 1515 3832 apud

365 3848 511 3914 Gallicos
533 3863 565 3914 et
588 3851 744 3916 Picardos
767 3863 801 3916 et
824 3854 1036 3919 Normannos
1059 3865 1091 3919 et
1116 3855 1316 3936 Burgundos
1337 3852 1516 3936 multiplici

363 3953 508 4016 variatur
539 3953 708 4018 idiomate.
753 3955 798 4018 Et
827 3959 919 4038 quod
956 3959 1087 4040 proprie
1124 3957 1248 4022 dicitur
1286 3957 1320 4020 in
1352 3957 1519 4021 idiomate

366 4055 577 4119 Picardorum
598 4057 758 4123 horrescit
783 4061 873 4140 apud
900 4060 1108 4142 BurgundoS,
1123 4061 1227 4124 immo
1254 4061 1345 4142 apud
1368 4059 1520 4124 Gallicos

363 4159 554 4224 viciniores:
584 4171 710 4243 quanto
740 4161 842 4245 igitur
870 4165 979 4246 magis
1007 4166 1138 4229 accidet
1168 4165 1233 4228 hoc
1262 4166 1354 4247 apud
1384 4164 1521 4245 linguas

364 4263 532 4328 diversas?
575 4263 798 4349 Quapropter,
812 4270 904 4348 quod
921 4270 1004 4332 bene
1026 4267 1221 4333 factumest
1244 4269 1279 4331 in
1303 4289 1370 4331 una
1392 4268 1522 4350 lingua,

397 4430 406 4460 ¹
425 4431 437 4480 l
452 4432 520 4480 tave
532 4432 594 4494 kept
605 4433 659 4481 this
670 4433 735 4492 title,
745 4434 832 4482 which
849 4435 872 4482 is
886 4435 964 4496 given
981 4436 1008 4482 in
1022 4436 1056 4484 all
1073 4437 1117 4484 the
1129 4435 1207 4486 MSS.
1242 4436 1294 4484 But
1307 4438 1407 4484 iturust
1417 4437 1525 4499 always

362 4511 397 4560 be
408 4510 586 4558 remembeoed
596 4511 652 4558 that
663 4511 682 4560 it
694 4511 716 4559 is
728 4521 773 4560 not
784 4526 913 4572 grumum
924 4513 950 4560 in
962 4514 1008 4561 the
1023 4516 1147 4575 ordinary
1158 4515 1322 4576 acceptation
1338 4515 1370 4563 ol
1376 4515 1422 4563 the
1433 4516 1525 4576 nord,

364 4589 411 4636 but
427 4588 583 4650 knowledge
596 4588 627 4636 oi
639 4589 738 4637 certain
753 4589 855 4650 foreign
869 4590 1018 4653 lnngusgoe,
1030 4593 1060 4640 oi
1067 4593 1153 4641 which
1166 4592 1255 4641 Bacon
1269 4593 1398 4654 isurging
1412 4594 1459 4641 the
1476 4594 1527 4642 in·

365 4674 497 4730 pomum.
