3575 5375
187 1487 317 1563 Planetary

187 1570 302 1630 conjunc·

185 1627 260 1670 trons.

358 589 420 669 386
582 590 738 648 OPERIS
763 589 951 659 MAJORIS
975 588 1091 646 PARS
1116 587 1302 661 QUARTA.

359 755 589 837 comprobavit
605 775 664 836 per
678 753 765 817 bella
778 753 931 835 Angliae,
942 752 1124 835 Hispaniae
1140 762 1173 815 et
1191 751 1316 828 Italiae,
1328 763 1361 815 et
1376 750 1514 814 aliarum

359 860 539 942 regionum,
560 879 645 941 quae
667 859 795 922 circiter
817 868 949 939 tempus
972 856 1052 919 illud
1078 866 1112 920 et
1135 876 1155 918 a
1177 868 1329 938 tempore
1350 855 1408 920 illo
1429 857 1515 920 acci-

358 966 485 1027 derunt.
532 961 563 1027 O
587 974 711 1045 quanta
735 961 861 1025 utilitas
886 960 1043 1026 ecclesiae
1067 961 1131 1024 Dei
1154 961 1316 1044 potuisset
1339 959 1514 1042 procurari,

357 1067 383 1129 si
405 1066 485 1129 coeli
507 1066 649 1147 qualitas
669 1067 807 1130 istorum
829 1075 1018 1146 temporum
1038 1064 1153 1129 fuisset
1172 1065 1322 1148 praevisa
1343 1084 1364 1126 a
1384 1064 1513 1146 sapien-

355 1171 453 1248 tibus,
484 1182 517 1234 et
548 1171 704 1253 praelatis
739 1179 772 1234 et
803 1169 1006 1253 principibus
1042 1171 1184 1251 cognita,
1215 1178 1248 1232 et
1278 1170 1369 1251 pacis
1402 1169 1514 1232 studio

357 1276 562 1359 mancipata!
608 1276 698 1339 Nam
727 1295 792 1337 non
821 1274 936 1338 fuisset
961 1284 1056 1338 tanta
1084 1273 1352 1338 Christianorum
1382 1282 1512 1356 strages

355 1400 416 1444 nec
434 1389 486 1443 tot
503 1381 634 1444 animae
652 1380 780 1461 positae
799 1380 832 1442 in
850 1378 1024 1442 infernum.

399 1485 444 1547 Et
468 1505 535 1549 non
558 1494 688 1548 tantum
715 1484 791 1547 dico
814 1484 878 1547 hoc
902 1493 1039 1566 propter
1060 1481 1280 1547 revolutiones
1304 1481 1511 1565 planetarum

354 1599 549 1672 generantes
579 1599 726 1652 cometas
755 1597 789 1651 et
820 1587 1020 1670 hujusmodi,
1045 1589 1105 1651 sed
1135 1587 1243 1670 magis
1272 1596 1407 1671 propter
1432 1607 1511 1650 con-

351 1691 540 1773 junctiones
576 1693 783 1775 superiorum
822 1691 1033 1775 planetarum
1070 1713 1091 1756 a
1126 1701 1277 1775 tempore
1313 1701 1509 1754 memorato.

277 1799 281 1806 '
355 1795 613 1875 Conjunctiones
648 1809 760 1861 autem
795 1795 1003 1881 planetarum
1035 1795 1275 1878 multiplicatae
1305 1805 1382 1860 sunt
1411 1796 1510 1860 nimis

178 3786 294 3867 lledical

352 1901 404 1964 his
425 1902 631 1985 temporibus
643 1925 652 1981 ;
678 1904 737 1966 sed
759 1903 792 1965 in
813 1901 959 1985 capitulo
979 1903 1129 1984 superius
1150 1903 1192 1965 de
1213 1902 1312 1965 sectis
1331 1911 1366 1965 et
1386 1899 1509 1965 Christi

352 2005 557 2088 professione
572 2005 798 2071 confirmanda
821 2007 968 2071 adducta
987 2021 1039 2069 est
1054 2005 1222 2087 praeclara
1241 2015 1508 2070 astronomorum

351 2111 490 2174 scientia
510 2112 553 2174 de
573 2111 645 2174 istis
665 2111 963 2193 conjunctionibus,
981 2112 1151 2193 quomodo
1174 2121 1351 2175 consuetae
1371 2118 1508 2173 naturae

348 2213 423 2294 jura
444 2225 621 2294 mutantur,
636 2227 669 2278 et
690 2217 790 2279 animi
806 2216 978 2279 hominum
1002 2215 1191 2278 excitantur
1210 2216 1253 2278 ad
1275 2215 1452 2278 seditiones
1473 2227 1508 2278 et

351 2319 598 2384 immutationes
614 2321 893 2383 consuetudinum
912 2332 947 2383 et
962 2320 1085 2403 legum,
1099 2319 1142 2383 ad
1159 2319 1341 2384 discordias
1362 2328 1396 2383 et
1411 2317 1508 2393 bella,

350 2431 383 2487 et
399 2433 571 2487 mutantur
582 2425 772 2488 dominatus
787 2434 820 2488 et
833 2445 944 2507 regna,
955 2436 990 2490 et
1002 2425 1089 2488 vices
1102 2425 1285 2508 principum
1299 2433 1505 2487 renovantur,

351 2526 558 2591 Albumazar
579 2538 612 2591 et
631 2531 751 2592 caeteri
775 2529 940 2610 sapientes
964 2531 1085 2593 docent
1107 2529 1170 2594 hoc
1191 2530 1366 2592 evidenter.
1413 2528 1459 2591 Et
1477 2528 1506 2591 si

350 2630 431 2695 haec
449 2632 605 2717 exempla
620 2633 685 2698 sint
698 2634 796 2697 nimis
812 2634 975 2712 sublimia,
986 2644 1142 2699 converte
1155 2633 1280 2716 stylum
1293 2635 1335 2698 ad
1348 2632 1506 2716 exempla

349 2736 485 2819 vulgata
505 2748 539 2800 et
554 2738 648 2802 utilia
668 2740 861 2822 corporibus
882 2739 1043 2803 humanis.
1088 2740 1177 2802 Nam
1196 2739 1403 2803 Ptolemaeus
1424 2739 1506 2803 dicit

350 2840 383 2903 in
405 2862 491 2904 nona
518 2842 648 2905 decima
669 2844 897 2925 propositione
923 2843 1111 2925 Centilogii,
1129 2844 1157 2905 si
1178 2845 1252 2926 quis
1274 2844 1505 2926 purgationem

348 2945 507 3028 receperit
523 2945 620 3009 Luna
632 2946 809 3029 conjuncta
825 2967 900 3011 cum
912 2948 1007 3029 Jove,
1023 2947 1267 3012 abbreviabitur
1282 2968 1366 3031 opus
1382 2948 1453 3029 ejus
1468 2958 1504 3013 et

348 3047 485 3112 effectus
509 3052 679 3114 minuetur.
734 3051 780 3115 Et
803 3052 883 3116 dicit
900 3051 1001 3133 Haly‚
1017 3055 1106 3135 quod
1123 3052 1222 3133 hujus
1237 3066 1410 3129 causaest,
1425 3052 1504 3135 quia

348 3173 392 3217 ex
408 3153 567 3218 beneficio
581 3155 674 3236 Jovis
690 3156 722 3219 in
740 3166 871 3220 tantum
893 3156 1098 3221 confortatur
1116 3168 1241 3233 natura,
1257 3159 1346 3238 quod
1365 3158 1503 3239 impedit

348 3258 502 3321 ellectum
523 3259 711 3325 medicinae.
758 3262 802 3324 Et
823 3262 850 3325 si
867 3261 965 3325 Luna
985 3262 1206 3345 conjungatur
1225 3260 1379 3339 Saturno,
1394 3262 1503 3344 potio-

347 3373 445 3425 natus
469 3364 612 3445 patietur
633 3366 794 3429 torsiones
821 3378 856 3430 et
879 3368 911 3428 in
935 3366 1080 3448 periculo
1103 3366 1163 3428 erit
1186 3376 1321 3447 propter
1344 3366 1501 3428 malitiam

347 3465 488 3541 Saturni,
500 3489 561 3530 nec
577 3491 613 3532 se
628 3471 747 3552 poterit
761 3472 918 3553 expedire
931 3482 1066 3554 propter
1077 3468 1287 3534 Saturnalem
1301 3470 1501 3549 siccitatem;

345 3590 418 3652 qua,
442 3573 632 3636 retinebitur
662 3576 821 3639 medicina
851 3577 883 3639 in
915 3596 1060 3658 corpore,
1082 3576 1159 3657 quia
1187 3576 1310 3638 siccum
1338 3585 1390 3638 est
1416 3574 1502 3639 bene

346 3678 550 3741 retentivum.

391 3778 459 3843 Sed
489 3781 630 3863 qualiter
661 3794 905 3865 cognoscuntur
939 3784 1145 3848 infirmitates
1177 3802 1277 3868 penes
1312 3782 1501 3866 hujusmodi

176 3852 323 3969 :gtffiff
346 3882 594 3964 conjunctiones
618 3896 652 3948 et
674 3898 827 3969 aspectus
853 3900 1001 3952 caeteros
1025 3898 1060 3951 et
1081 3888 1258 3970 dignitates
1281 3886 1499 3971 planetarum,

176 3984 260 4034 effecte
271 4002 303 4035 on

178 4049 271 4099 bealth.

346 3988 476 4071 egregie
487 3988 664 4071 designant
675 4001 827 4054 auctores
837 3993 1034 4068 medicinae3
1049 4000 1082 4056 et
1095 3992 1267 4074 praecipue
1278 3991 1500 4074 Hippocrates

344 4092 377 4155 in
405 4092 489 4156 libro
516 4115 577 4157 suo
602 4094 646 4157 de
675 4094 924 4160 alterationibus
953 4117 1128 4179 corporum
1156 4095 1384 4166 humanorum,
1412 4115 1500 4177 quae

344 4197 539 4279 contingunt
574 4218 618 4260 ex
656 4209 748 4262 motu
783 4199 900 4263 Lunae
936 4201 1140 4284 suscipientis
1178 4198 1426 4280 conjunctiones
1464 4208 1500 4263 et

344 4312 497 4383 aspectus
513 4311 660 4364 caeteros
676 4302 893 4385 planetarum.
940 4304 985 4368 Et
1000 4303 1145 4369 Galenus
1162 4304 1240 4368 dicit
1251 4304 1347 4367 tertio
1359 4305 1401 4367 de
1414 4302 1499 4367 Crisi

343 4416 376 4468 et
403 4406 519 4469 criticis
546 4405 693 4483 diebus¹‚
717 4407 782 4470 ‘Et
806 4429 868 4491 ego
897 4410 975 4472 redii
999 4410 1041 4472 ad
1065 4430 1143 4487 rem,
1167 4428 1267 4491 quam
1292 4406 1498 4472 consideravi

376 4547 459 4598 ¹The
477 4558 540 4598 next
557 4551 631 4599 three
649 4560 788 4601 sentences
805 4568 850 4601 are
867 4554 963 4614 quoted
982 4554 1045 4601 lrom
1064 4554 1156 4603 Galen.
1188 4552 1246 4600 Tbe
1263 4566 1374 4613 passage
1390 4550 1446 4599 will
1463 4554 1497 4602 be

343 4628 424 4677 lound
441 4628 468 4676 in
486 4628 531 4677 the
548 4628 654 4677 treatise
670 4630 709 4679 De
726 4630 821 4679 Diebus
836 4631 982 4680 Decretoni's
994 4632 1046 4694 prb.
1066 4632 1100 4680 iii.
1112 4647 1166 4693 cap.
1181 4630 1259 4691 4and
1273 4631 1310 4694 5).
