3575 5375
385 583 443 644 162
602 586 756 645 OPERIS
780 585 970 654 MAJORIS
994 585 1110 644 PARS
1133 585 1317 658 QUARTA.

181 761 186 772 ·
215 757 359 836 nnsrque's
426 746 492 814 Sed
510 747 710 813 Aristoteles
725 747 816 814 venit
834 758 947 814 contra
961 748 1043 813 istos
1059 748 1092 811 in
1109 749 1209 813 tertio
1227 748 1321 814 Coeli
1335 757 1369 814 et
1385 745 1531 823 Mundi¹,

213 825 357 940 ifficffi,
381 862 416 916 et
439 853 570 936 probat,
593 852 684 937 quod
707 873 751 918 ex
774 852 837 916 hac
859 852 1056 934 figuratione
1077 872 1219 916 vacuum
1246 854 1309 917 erit
1334 853 1368 917 in
1394 852 1532 936 sphaera

213 956 342 1068 'npuldbe
381 977 497 1038 aquae,
514 968 548 1022 et
563 959 596 1022 in
611 957 751 1042 sphaera
766 959 860 1038 aeris,
875 967 909 1021 et
927 957 960 1020 in
981 955 1123 1040 sphaera
1145 957 1290 1022 coelesti.
1336 958 1425 1022 Nam
1444 957 1533 1022 solus

222 1031 264 1072 ‘t'
380 1062 485 1126 cubus
501 1074 536 1126 et
550 1063 699 1147 pyramis
714 1071 852 1145 possunt
866 1059 977 1125 locum
993 1060 1128 1146 replere,
1141 1063 1278 1145 quando
1292 1071 1533 1145 congregantur

378 1167 465 1232 circa
481 1178 641 1250 punctum
657 1185 770 1231 unum.
816 1165 906 1230 Nam
923 1164 1047 1246 replere
1063 1165 1172 1230 locum
1193 1175 1244 1230 est
1258 1165 1389 1231 duobus
1405 1166 1532 1245 modis;

380 1291 457 1346 uno,
472 1271 556 1335 sicut
571 1271 710 1334 dicimus
725 1270 914 1355 vulgariter,
929 1271 1019 1353 quod
1036 1290 1136 1333 omne
1155 1289 1275 1353 corpus
1291 1269 1397 1353 replet
1412 1269 1532 1350 locum,

380 1376 441 1438 nisi
457 1376 499 1442 sit
519 1376 674 1440 instantia
693 1374 726 1439 in
747 1373 866 1438 ultimo
887 1374 990 1450 coelo,
1006 1383 1040 1437 et
1058 1373 1105 1438 sic
1127 1393 1193 1437 non
1214 1374 1374 1457 accipitur
1394 1373 1532 1457 repletio

378 1477 443 1544 loci
467 1480 500 1543 in
525 1481 704 1564 proposito.
749 1477 831 1543 Alio
855 1480 957 1543 modo
980 1479 1099 1543 dicitur
1120 1499 1193 1544 esse
1215 1478 1355 1561 repletio
1377 1477 1442 1542 loci
1465 1498 1532 1542 non

378 1584 487 1648 solum
511 1583 730 1667 corporaliter,
748 1582 807 1646 sed
830 1581 1086 1664 superficialiter,
1102 1590 1136 1646 et
1157 1582 1264 1666 magis
1284 1583 1532 1666 quiapaucitas

378 1687 623 1771 superficierum
652 1686 861 1770 implentium
888 1707 949 1752 sua
969 1685 1043 1751 loca
1066 1695 1116 1751 est
1138 1705 1238 1750 causa
1260 1687 1436 1769 paucitatis
1459 1706 1531 1749 cor-

378 1811 498 1874 porum
522 1791 718 1873 replentium
741 1811 801 1854 sua
822 1791 906 1868 loca,
929 1801 966 1854 ut
988 1791 1069 1854 dicit
1084 1789 1251 1854 Averroes
1277 1811 1375 1874 super
1396 1791 1531 1855 tertium

380 1892 473 1960 Coeli
483 1905 516 1960 et
528 1896 656 1960 Mundi.
696 1896 837 1979 Replere
853 1915 931 1959 vero
946 1895 1091 1977 spatium
1109 1892 1314 1978 superficiale
1329 1904 1379 1960 est
1395 1894 1533 1978 implere

378 2009 522 2082 quatuor
543 2001 682 2083 angulos
706 2013 820 2075 rectos,
844 2000 923 2081 quia
953 2019 1019 2062 non
1045 2008 1187 2083 possunt
1212 1998 1323 2082 plures
1348 2019 1420 2063 esse
1445 2000 1532 2064 circa

379 2114 535 2186 punctum
553 2126 655 2170 unum
672 2106 704 2168 in
719 2103 900 2188 superficie,
918 2112 954 2167 ut
970 2113 1064 2185 patet
1084 2124 1128 2167 ex
1142 2103 1376 2168 intersectione
1389 2104 1531 2168 duarum

377 2209 536 2276 linearum
552 2214 596 2278 ad
612 2211 751 2293 angulos
771 2222 878 2276 rectos
898 2210 963 2275 hoc
984 2211 1096 2274 modo.
1142 2210 1188 2274 Et
1203 2212 1249 2274 sic
1271 2212 1433 2291 quadrata
1455 2230 1532 2294 pro·

377 2315 541 2398 priissime
556 2327 694 2398 possunt
710 2317 818 2381 locum
835 2315 960 2398 replere
975 2313 1224 2398 superficialem,
1240 2314 1368 2378 scilicet
1389 2324 1533 2396 quatuor

377 2421 549 2501 quadrata,
572 2420 649 2503 quia
665 2420 812 2503 angulus
832 2419 986 2502 quadrati
1010 2429 1118 2483 rectus
1141 2428 1201 2497 est,
1223 2428 1258 2482 et
1279 2439 1341 2483 sex
1364 2417 1531 2502 trianguli,

378 2522 457 2604 quia
472 2543 532 2588 sex
552 2524 664 2608 anguli
685 2524 767 2588 tales
782 2522 896 2588 valent
916 2534 1061 2604 quatuor
1077 2533 1193 2600 rectos,
1209 2532 1243 2586 et
1264 2531 1331 2587 tres
1351 2521 1530 2604 hexagoni,

377 2626 456 2710 quia
470 2648 584 2693 eorum
601 2627 712 2714 anguli
728 2638 795 2693 tres
810 2627 923 2693 valent
942 2637 1084 2710 quatuor
1105 2637 1220 2707 rectos,
1235 2635 1272 2690 ut
1293 2627 1383 2711 prius
1403 2636 1529 2691 tactum

377 2739 438 2794 est.
493 2730 561 2795 Sed
592 2733 773 2817 pentagoni
805 2753 871 2797 non
898 2743 1036 2815 possunt
1061 2732 1171 2796 locum
1202 2732 1336 2815 replere,
1361 2732 1440 2814 quia
1462 2742 1530 2797 tres

377 2834 489 2916 anguli
511 2855 626 2899 eorum
641 2836 752 2901 valent
772 2846 840 2902 tres
862 2847 970 2901 rectos
990 2847 1025 2902 et
1042 2846 1109 2900 tres
1129 2838 1271 2920 quintas,
1285 2846 1319 2901 et
1339 2836 1402 2902 hoc
1421 2846 1530 2900 totum

377 2939 485 3003 minus
496 2948 547 3003 est
557 2951 698 3021 quatuor
708 2941 814 3019 rectis,
823 2951 856 3007 et
864 2949 1008 3024 quatuor
1018 2940 1131 3023 anguli
1142 2951 1405 3024 pentagonorum
1419 2941 1530 3005 valent

377 3054 519 3127 quatuor
535 3054 640 3108 rectas
657 3057 691 3109 et
702 3054 845 3127 quatuor
859 3046 1000 3126 quintas,
1008 3045 1100 3127 quod
1116 3056 1167 3109 est
1179 3045 1254 3128 plus
1265 3055 1408 3129 quatuor
1422 3046 1530 3124 rectis,

375 3160 409 3211 et
420 3149 496 3213 ideo
509 3148 590 3214 haec
600 3148 704 3232 figura
714 3148 870 3233 regularis
881 3170 948 3213 non
961 3160 1072 3232 potest
1083 3148 1192 3215 locum
1205 3149 1340 3233 replere.
1370 3148 1532 3215 Similiter

376 3272 438 3316 nec
464 3252 680 3337 heptagonus,
703 3274 762 3318 nec
785 3254 897 3338 aliqua
919 3253 994 3333 alia,
1016 3263 1053 3316 ut
1079 3262 1183 3335 patet.
1229 3253 1276 3317 Et
1298 3254 1375 3317 ideo
1398 3262 1530 3317 tantum

375 3365 443 3422 tres
458 3357 681 3441 superficiales
697 3358 808 3423 locum
825 3357 961 3441 replent
1007 3357 1055 3421 Et
1069 3368 1207 3441 propter
1221 3357 1286 3423 hoc
1297 3377 1423 3441 paucae
1433 3369 1531 3422 erunt

374 3463 571 3543 corporales,
593 3482 679 3545 quae
701 3462 812 3526 locum
835 3461 1012 3545 replebunt
1037 3461 1260 3545 corporaliter,
1283 3471 1317 3524 et
1339 3460 1532 3542 hujusmodi

374 3564 512 3645 repletio
528 3566 707 3648 corporalis
722 3585 791 3628 non
807 3576 858 3631 est
874 3586 933 3649 per
948 3586 1050 3629 unum
1065 3585 1195 3647 corpus,
1211 3566 1270 3629 sod
1285 3566 1419 3647 quando
1435 3564 1532 3646 plura

373 3688 514 3751 corpora
540 3680 782 3753 congregantur
808 3670 893 3734 circa
921 3689 1024 3732 unum
1051 3680 1210 3751 punctum
1240 3670 1392 3751 undique,
1415 3670 1463 3733 ita
1492 3680 1532 3733 ut

374 3771 535 3853 impleant
565 3774 710 3855 spatium
741 3771 913 3857 corporale
940 3774 1024 3837 circa
1049 3773 1131 3837 illud
1159 3783 1329 3856 punctum.
1387 3773 1435 3836 Et
1465 3772 1533 3837 hoc

375 3876 522 3957 spatium
541 3876 642 3940 habet
660 3886 738 3942 octo
760 3878 899 3961 angulos
921 3876 1117 3960 corporales,
1132 3887 1167 3941 et
1189 3877 1366 3942 duodecim
1388 3876 1532 3959 angulos

375 3978 595 4061 superficiales
616 3992 724 4045 rectos
743 3982 919 4045 distinctos
939 3982 1120 4045 secundum
1141 4001 1221 4059 rem,
1236 3981 1313 4046 licet
1332 3982 1398 4046 sint
1412 3981 1532 4063 viginti

374 4094 517 4167 quatuor
542 4086 723 4148 secundum
751 4069 921 4164 rationem,
943 4085 1100 4167 quoniam
1128 4084 1267 4169 quilibet
1292 4085 1433 4169 angulus
1454 4106 1532 4149 cor·

374 4189 496 4271 poralis
511 4199 560 4253 est
575 4211 619 4254 ex
636 4189 740 4253 tribus
755 4188 1023 4273 superficialibus,
1038 4199 1073 4253 et
1087 4189 1164 4254 ideo
1184 4188 1296 4272 quoad
1310 4189 1376 4253 hoc
1392 4209 1534 4273 compu-

374 4305 486 4359 tantur
499 4304 551 4357 ter
566 4306 653 4374 octo,
667 4295 723 4377 qui
739 4305 816 4359 sunt
830 4295 947 4375 viginti
962 4303 1113 4376 quatuor.
1158 4293 1226 4358 Sed
1248 4314 1348 4377 saepe
1370 4293 1534 4359 iterantur

373 4397 485 4481 aliqui,
506 4399 585 4481 quia
608 4399 642 4463 hi
669 4398 780 4481 anguli
807 4408 885 4461 sunt
911 4398 1099 4481 conjuncti3
1122 4398 1149 4461 si
1176 4400 1266 4463 enim
1290 4408 1400 4465 essent
1422 4398 1533 4479 divisi,

404 4550 413 4579 ¹
431 4551 470 4600 Dr
482 4550 559 4611 Coelo,
571 4550 604 4600 iii.
617 4552 641 4613 8,
656 4555 669 4610 ς
684 4548 792 4600 ῐὍλως
804 4548 829 4599 dl
842 4549 871 4598 τὸ
883 4550 1006 4614 πειρᾶσθαι
1017 4548 1050 4599 τὰ
1063 4550 1131 4599 arna
1149 4550 1251 4611 obruas
1266 4548 1425 4615 σχηματίζειν
1434 4550 1534 4615 ἄλογόν

372 4630 433 4689 ἔστι,
444 4630 539 4695 πρῶτον
549 4628 595 4691 μὲν
606 4629 644 4679 ὅτι
657 4626 810 4691 συμβήσεται
821 4627 854 4691 μὴ
865 4629 1061 4692 ἀναπληροῦσθαι
1072 4628 1103 4680 τὸ
1113 4628 1182 4684 ὅλον.
