3575 5375
679 622 969 683 oronnam.
1340 643 1402 706 353

247 785 385 868 adjectis
402 789 516 872 paucis
531 787 639 852 adhuc
654 787 780 852 diebus.
828 786 874 851 Et
892 795 1005 851 tamen
1021 774 1157 871 Ganges
1173 788 1281 872 major
1294 799 1345 854 est
1363 801 1401 856 ut

248 894 337 971 dicit,
348 894 446 959 ethic
461 894 588 968 fluvius,
603 892 688 956 sicut
705 891 875 975 Scriptura
890 891 982 968 dicit,
997 891 1112 956 circuit
1127 913 1262 958 omnem
1278 903 1400 958 terram

250 997 371 1078 Evilat,
409 999 466 1063 ubi
503 1018 619 1063 aurum
657 997 802 1061 nascitur
837 996 1014 1078 optimum.
1060 996 1148 1061 Nam
1179 1017 1199 1061 a
1230 997 1401 1063 montibus

250 1101 388 1168 Caucasi
412 1103 520 1168 oriens
546 1103 580 1166 in
604 1099 827 1183 septentrione
850 1100 970 1165 dividit
994 1100 1134 1177 Indiam,
1157 1102 1333 1166 decurrens
1356 1103 1400 1165 ad

249 1207 410 1272 orientem
436 1207 492 1271 ubi
515 1216 593 1271 sunt
617 1206 688 1289 ejus
711 1205 796 1268 ostia
819 1225 949 1289 magna,
964 1206 1085 1288 quibus
1107 1205 1140 1269 in
1165 1227 1256 1272 mare
1280 1206 1400 1280 Eoum,

251 1310 283 1374 id
300 1320 360 1390 est,
375 1309 532 1376 orientale
548 1310 721 1375 delitescit.

296 1414 472 1497 Bragmani
495 1435 582 1491 vero,
606 1414 793 1496 dequibus
818 1414 961 1479 habetur
986 1413 1020 1476 in
1043 1414 1183 1497 epistola
1205 1415 1402 1498 Hieronymi
1415 1421 1553 1472 Bnhmins

252 1517 380 1582 Bibliae
396 1519 593 1602 praeposita,
606 1529 682 1583 sunt
700 1519 733 1583 in
751 1518 855 1581 india.
889 1518 935 1582 Et
949 1519 1028 1601 quia
1043 1519 1148 1584 sancti
1163 1530 1197 1584 et
1213 1519 1402 1602 philosophi

251 1633 286 1687 et
303 1622 459 1688 historiae
475 1632 609 1688 narrant
626 1620 787 1687 mirabilia
803 1623 845 1687 de
860 1624 909 1687 eis
927 1623 1002 1706 plus
1022 1643 1124 1706 quam
1146 1625 1188 1688 de
1208 1623 1279 1688 aliis
1293 1625 1403 1708 genti·

252 1727 324 1808 bus,
339 1729 413 1792 ideo
429 1728 540 1811 aliqua
555 1728 608 1792 hic
624 1729 765 1792 inseram
781 1729 823 1791 de
839 1727 913 1802 illis,
927 1737 962 1792 et
980 1728 1157 1812 praecipue
1177 1730 1342 1793 adducam
1363 1749 1403 1794 ea

253 1852 340 1913 quae
353 1832 431 1897 volo
446 1834 489 1897 de
503 1833 670 1916 scripturis
685 1832 774 1897 beati
792 1831 963 1897 Ambrosii
981 1841 1117 1915 propter
1133 1832 1292 1915 majorem
1308 1833 1402 1898 certi-

252 1937 411 2002 tudinem.
473 1938 563 2004 Dicit
593 1938 693 2021 igitur
723 1937 757 2000 in
787 1935 928 2020 epistola
964 1937 1008 1999 ad
1043 1937 1229 2002 Palladium
1262 1939 1305 2002 de
1333 1937 1403 2001 vita

252 2041 515 2125 Bragmanorum
540 2041 630 2126 quod
661 2041 814 2105 habitant
835 2040 934 2122 juxta
957 2039 1079 2103 flumen
1104 2039 1266 2123 Gangem,
1287 2042 1344 2105 ubi
1368 2042 1402 2104 in

254 2167 344 2211 mare
356 2168 516 2212 oceanum
529 2147 619 2229 quod
636 2154 686 2208 est
705 2145 814 2208 Eoum
827 2145 1020 2227 ingreditur,
1031 2145 1089 2207 sed
1102 2144 1161 2206 viri
1178 2144 1265 2209 ultra
1279 2144 1403 2208 flumen

253 2272 365 2316 versus
387 2270 557 2327 nemum,
580 2248 742 2314 foeminae
766 2269 845 2312 vero
872 2247 954 2314 citra
980 2247 1168 2312 inhabitant
1198 2257 1333 2331 propter
1354 2248 1404 2311 in·

254 2354 360 2438 signia
374 2354 545 2419 castitatis.
590 2353 679 2417 Nam
695 2352 803 2417 solum
822 2362 959 2436 propter
973 2372 1066 2434 spem
1086 2352 1189 2434 prolis
1205 2353 1404 2416 conveniunt

254 2477 449 2522 marescum
462 2457 614 2522 foeminis
624 2457 722 2521 certis
731 2457 947 2538 temporibus,
956 2455 1079 2522 scilicet
1091 2455 1181 2537 Julio
1193 2465 1226 2518 et
1238 2455 1405 2539 Augusto,

254 2570 292 2625 ut
308 2561 405 2626 refert
420 2571 554 2626 sanctus
568 2561 762 2645 praedictus.
798 2561 848 2624 At
860 2560 916 2623 ubi
929 2560 1149 2644 quadraginta
1161 2580 1238 2624 cum
1250 2560 1405 2624 foeminis

252 2666 323 2731 suis
338 2664 587 2749 compleverunt
601 2664 682 2740 dies,
698 2685 780 2730 mox
795 2667 838 2731 ad
855 2666 990 2749 propria
1004 2674 1219 2731 revertuntur.
1267 2665 1405 2730 Etcum

252 2768 353 2836 fuerit
364 2770 502 2852 alicujus
518 2791 604 2835 uxor
618 2770 717 2834 enixa
731 2770 938 2852 edideritque
952 2790 1054 2833 unum
1064 2779 1098 2834 et
1108 2770 1249 2834 alterum
1261 2780 1404 2855 partum,

252 2894 324 2940 non
345 2876 464 2941 transit
482 2874 618 2940 ulterius
636 2876 681 2941 ad
702 2874 808 2957 ipsam
825 2874 897 2957 ejus
914 2874 1060 2952 maritus,
1074 2874 1212 2958 singulis
1228 2876 1315 2938 enim
1331 2873 1407 2939 filiis

251 2980 330 3045 loco
351 2990 483 3064 patmm
504 2980 692 3045 substitutis
714 3001 772 3064 per
793 2988 901 3044 totam
926 2977 958 3042 in
978 2976 1141 3061 reliquum
1156 2980 1200 3042 ab
1214 2978 1406 3061 hujusmodi

254 3084 345 3150 coitu
360 3084 528 3149 abstinent
541 3085 656 3150 vitam.
688 3083 722 3148 Si
739 3093 851 3148 autem
866 3082 1031 3156 acciderit,
1048 3084 1240 3166 utquisque
1260 3083 1405 3147 sterilem

254 3188 413 3254 sortiatur
427 3210 576 3263 uxorem,
592 3187 751 3271 usquead
768 3206 874 3251 annos
889 3188 1036 3269 quinque
1053 3187 1188 3250 maritus
1204 3186 1274 3268 ejus
1287 3187 1407 3250 transit

255 3302 290 3357 et
306 3314 381 3359 cum
398 3313 502 3357 uxore
518 3292 650 3375 propria
665 3291 796 3369 dormit,
812 3291 940 3373 quaesi
955 3291 1094 3375 gravida
1109 3310 1168 3373 per
1179 3289 1259 3354 illud
1274 3302 1408 3373 tempus

255 3398 391 3463 omnino
406 3416 471 3460 non
487 3395 594 3473 fuerit,
611 3415 691 3459 mox
706 3394 852 3459 abstinet
868 3396 1001 3477 penitus
1023 3393 1067 3459 ab
1088 3415 1139 3459 ea.
1186 3396 1232 3460 Et
1253 3396 1340 3460 sicut
1362 3415 1408 3457 ex

256 3502 319 3567 hac
335 3500 477 3584 epistola
492 3508 585 3583 patet
601 3508 635 3563 et
650 3520 694 3563 ex
709 3499 794 3562 libro
804 3498 989 3584 principali,
1000 3518 1101 3581 quem
1114 3500 1157 3562 de
1168 3498 1236 3564 vita
1248 3499 1408 3584 Bragma-

256 3624 374 3670 norum
390 3604 503 3669 scribit
518 3602 636 3668 beatus
649 3603 861 3678 Ambrosius,
873 3602 921 3666 illi
935 3602 1060 3669 habent
1075 3624 1184 3667 aerem
1198 3603 1408 3687 temperatis·

255 3712 387 3783 simum,
407 3707 455 3772 ita
475 3716 513 3771 ut
526 3707 734 3772 vestimentis
757 3727 821 3770 non
845 3715 989 3784 utuntur,
1005 3707 1064 3770 sed
1086 3705 1172 3771 foliis
1193 3707 1349 3772 arborum
1372 3727 1409 3771 se

256 3824 383 3897 tegunt.
429 3812 501 3876 Nec
523 3810 635 3877 colunt
658 3819 770 3887 terras,
794 3830 854 3875 nec
876 3812 1020 3887 arbores,
1042 3830 1103 3875 nec
1127 3831 1249 3895 panem
1273 3811 1410 3890 habent,

258 3938 317 3983 nec
329 3917 464 3994 vinum;
487 3916 547 3980 sed
563 3915 674 3979 herbis
686 3924 720 3979 et
735 3914 820 3979 foliis
835 3924 868 3979 et
884 3913 1046 3979 fructibus
1061 3925 1181 3999 sponte
1196 3916 1409 3981 nascentibus

256 4030 442 4101 vescuntur,
457 4030 491 4085 et
511 4020 605 4101 aquis
623 4018 758 4101 optimis
777 4018 867 4081 sitim
886 4018 1099 4101 extinguunt
1144 4017 1223 4084 Sani
1243 4030 1319 4084 sunt
1338 4020 1410 4083 sine

258 4122 458 4197 infirmitate,
473 4133 507 4188 et
522 4122 626 4187 vitam
641 4123 846 4205 protendunt
861 4121 1100 4205 longissimam.

304 4226 361 4290 Ad
384 4226 610 4308 aquilonarem
632 4246 712 4290 vero
735 4234 864 4308 partem
890 4226 1016 4303 Indiae,
1039 4237 1076 4290 ut
1099 4227 1226 4291 dictum
1250 4235 1309 4299 est,
1332 4235 1409 4291 sunt
1423 4241 1498 4318 Tne·

260 4350 352 4395 mare
368 4328 562 4411 Scythicum
579 4342 613 4395 et
628 4340 760 4395 montes
775 4328 821 4392 illi
839 4330 960 4413 magni,
973 4330 1030 4413 qui
1046 4329 1216 4394 Caucasus
1229 4340 1265 4395 et
1280 4329 1412 4394 Taurus
1423 4308 1541 4374 eupun.

260 4444 294 4500 et
307 4432 421 4497 multis
432 4432 505 4497 aliis
517 4432 704 4497 nominibus
715 4442 875 4497 vocantur
885 4434 1067 4498 secundum
1078 4433 1304 4499 diversitatem
1321 4432 1411 4498 loco·

259 4558 332 4605 rum
349 4545 382 4601 et
397 4536 557 4619 gentium.
604 4536 649 4601 Et
668 4536 712 4600 ad
729 4536 937 4601 occidentem
958 4547 1008 4602 est
1028 4536 1163 4601 Persida
1185 4556 1243 4601 seu
1266 4536 1411 4612 Parthia,

260 4654 295 4709 et
319 4639 443 4706 Media
489 4638 620 4707 Deinde
642 4640 705 4705 sub
726 4640 774 4704 eis
796 4641 840 4705 ad
863 4640 1069 4705 occidentem
1092 4650 1142 4703 est
1166 4640 1413 4723 Mesopotamia

305 4758 387 4812 VOL.
407 4756 432 4809 1.
804 4758 829 4809 Α
847 4764 868 4809 a
