3575 5375
195 3419 268 3483 They
278 3436 320 3471 are

194 3487 281 3535 shown
294 3488 327 3550 by

194 3552 314 3616 practioal

193 3619 345 3682 experiencc.

365 628 387 685 6
600 627 757 686 OPERIS
782 626 971 696 MAJORIS
995 627 1110 686 PARS
1134 626 1282 685 PRIMA.

366 796 457 861 aliud
473 798 652 862 auctoritas
668 796 857 879 hujusmodi
869 818 970 881 quam
988 797 1192 880 capistrum?
1221 798 1271 862 Ut
1285 799 1382 861 bruta
1394 796 1520 881 quippe

367 902 524 965 animalia
549 903 694 986 capistro
719 903 894 976 ducuntur,
917 922 978 966 nec
1003 903 1054 967 cui
1082 922 1143 965 nec
1169 923 1238 985 quo
1263 904 1428 967 ducantur
1453 902 1520 966 dis·

369 1016 516 1083 cernunt,
533 1008 580 1070 sic
600 1027 661 1069 nos
681 1026 805 1090 paucos
828 1006 957 1069 bestiali
979 1005 1175 1071 crudelitate
1194 1016 1312 1089 captos
1332 1004 1521 1089 ligatosque

368 1111 549 1175 auctoritas
564 1111 637 1193 ipsa
652 1111 685 1173 in
701 1110 882 1193 periculum
899 1108 1010 1175 ducit!
1057 1110 1103 1174 Et
1118 1110 1152 1173 in
1173 1110 1258 1174 libro
1274 1110 1317 1173 de
1334 1110 1398 1174 Dei
1414 1122 1520 1174 aeter·

368 1216 482 1293 nitate,
511 1216 589 1298 ‘qui
623 1214 759 1299 elegerit
795 1214 937 1280 alteram
976 1224 1106 1299 partem
1144 1215 1348 1299 quaestionis
1385 1226 1521 1298 propter

368 1339 516 1383 amorem
546 1320 795 1383 consuetudinis
829 1340 894 1382 non
929 1329 1043 1401 potest
1077 1329 1165 1383 recte
1194 1320 1378 1384 discernere
1407 1339 1519 1382 veram

369 1420 598 1506 opinionem¹.’
646 1422 694 1487 Et
708 1423 873 1488 Averroes
898 1425 930 1487 in
953 1422 1019 1487 fine
1038 1424 1173 1488 secundi
1195 1423 1411 1505 Physicorum
1431 1424 1520 1499 dicit,

368 1525 602 1591 ‘Consuetudo
629 1536 680 1590 est
706 1528 854 1591 maxima
879 1548 978 1591 causa
1002 1527 1185 1610 impediens
1207 1548 1227 1591 a
1250 1526 1399 1609 pluribus
1424 1528 1520 1591 rebus

368 1630 560 1695 manifestis.
607 1630 900 1713 Quemadmodum
929 1632 1016 1695 enirn
1044 1642 1204 1696 consueto
1227 1632 1270 1695 ad
1294 1631 1421 1714 aliquas
1447 1632 1520 1714 opi·

368 1736 482 1807 niones
503 1735 580 1799 licet
602 1736 744 1813 nocivas,
766 1748 862 1800 erunt
884 1738 915 1800 ei
938 1736 1059 1816 faciles,
1076 1744 1116 1800 et
1139 1737 1217 1801 ideo
1238 1737 1343 1801 credit
1367 1756 1423 1800 eas
1449 1756 1521 1799 esse

370 1839 487 1915 utiles3
513 1839 662 1904 similiter
684 1860 761 1903 cum
783 1841 881 1905 fuerit
903 1850 1053 1905 assuetus
1076 1842 1208 1905 credere
1231 1860 1400 1905 sermones
1422 1840 1521 1903 falsos

368 1965 389 2008 a
409 1945 556 2026 pueritia,
571 1945 634 2009 erit
656 1944 711 2008 illa
728 1946 935 2009 consuetudo
953 1965 1051 2009 causa
1069 1945 1113 2008 ad
1132 1945 1320 2027 negandum
1336 1946 1521 2019 veritatem,

369 2049 454 2113 sicut
479 2049 613 2131 quidam
636 2059 705 2113 tarn
733 2050 855 2113 assueti
881 2050 1002 2114 fuerint
1032 2050 1208 2115 comedere
1230 2070 1405 2125 venenum,
1429 2049 1519 2130 quod

367 2153 490 2217 factum
510 2164 562 2217 est
580 2155 627 2218 eis
645 2152 758 2218 cibus.’
806 2154 852 2217 Et
870 2156 958 2218 idem
976 2154 1140 2219 Averroes
1158 2153 1230 2217 vult
1248 2155 1394 2218 secundo
1414 2153 1521 2216 Meta-

367 2257 524 2339 physicae
550 2259 657 2341 ‘quod
687 2258 840 2342 opposita
871 2259 1109 2343 principiorum
1141 2278 1216 2321 cum
1244 2257 1364 2321 fuerint
1395 2258 1521 2321 famosa

367 2372 444 2426 sunt
472 2362 578 2445 magis
604 2362 811 2445 receptibilia
836 2384 857 2427 a
884 2364 1097 2427 multitudine
1122 2363 1400 2445 consequentibus
1426 2362 1520 2425 testi-

367 2467 479 2530 monia
503 2466 683 2531 multorum
706 2488 807 2550 quam
833 2469 906 2550 ipsa
928 2464 1108 2551 principia!
1154 2467 1271 2550 Atque
1294 2465 1521 2547 Hieronymus

365 2571 398 2633 in
429 2569 570 2653 prologo
599 2571 707 2653 quinti
738 2570 811 2635 libri
841 2592 941 2654 super
966 2571 1146 2653 Jeremiam
1177 2572 1302 2649 asserit,
1329 2571 1519 2634 ‘veritatem

365 2676 480 2758 paucis
505 2684 700 2741 contentam
727 2696 810 2752 esse,
833 2688 866 2741 et
893 2675 1039 2742 hostium
1064 2675 1278 2742 multitudine
1300 2697 1366 2740 non
1389 2672 1519 2740 terreri?

365 2780 534 2862 Johannes
553 2801 687 2864 quoque
703 2780 964 2863 Chrysostomus
983 2803 1083 2866 super
1099 2781 1309 2846 Matthaeum
1325 2781 1415 2858 dicit,
1429 2780 1519 2863 quod

365 2906 385 2948 a
409 2886 549 2950 veritate
580 2889 688 2951 nudos
718 2907 754 2949 se
779 2906 852 2950 esse
882 2885 1018 2970 professi
1046 2896 1130 2964 sunt,
1157 2886 1214 2968 qui
1246 2885 1459 2956 multitudine
1485 2905 1521 2947 se

365 2999 586 3054 armaverunt.

788 3243 1014 3312 Cnmruuuu
1040 3247 1104 3310 111.

411 3398 511 3481 Quod
532 3421 591 3486 per
611 3402 825 3467 auctoritates
845 3404 1024 3486 probatum
1044 3413 1093 3467 est
1115 3401 1320 3486 experientia
1344 3399 1520 3482 cuiuslibet

367 3504 485 3568 certius
501 3505 710 3586 dijudicatur.
758 3505 845 3571 Nam
861 3509 1053 3590 experimur
1069 3507 1101 3570 in
1118 3505 1212 3569 nobis
1228 3515 1262 3570 et
1284 3506 1316 3568 in
1340 3505 1414 3568 aliis
1430 3504 1518 3586 quod

369 3608 449 3672 haec
465 3610 538 3682 tria,
554 3617 591 3673 ut
608 3609 640 3674 in
662 3609 810 3692 pluribus
831 3610 1078 3693 amplectuntur
1099 3610 1196 3682 mala,
1213 3608 1414 3692 frequentius
1430 3606 1519 3672 falsis

365 3809 427 3865 him,
440 3810 474 3857 he
485 3807 574 3857 would
591 3808 657 3857 have
668 3809 785 3858 avoided.
820 3810 877 3860 The
888 3812 979 3859 writer
989 3811 1103 3860 referred
1122 3818 1149 3859 to
1162 3811 1184 3860 is
1196 3810 1311 3860 Adelard
1327 3809 1357 3859 of
1372 3809 1447 3864 Bath.
1459 3810 1520 3858 who

364 3886 431 3935 lived
444 3887 470 3934 in
483 3887 527 3935 the
539 3886 681 3950 earlypart
696 3887 726 3936 of
739 3889 783 3936 the
801 3889 901 3937 twelfth
919 3896 1036 3951 century.
1071 3889 1114 3937 He
1129 3889 1179 3938 fills
1197 3905 1230 3937 an
1249 3889 1388 3949 important
1403 3888 1476 3949 place
1493 3889 1519 3937 in

364 3965 409 4014 the
428 3965 529 4027 history
540 3965 569 4013 of
583 3965 724 4014 mediaeval
742 3967 854 4016 science.
888 3966 932 4015 He
949 3983 1005 4016 was
1022 3967 1066 4015 the
1084 3967 1141 4017 first
1158 3968 1296 4016 translator
1314 3966 1344 4015 of
1359 3966 1448 4014 Euclid
1465 3968 1519 4014 into

364 4043 453 4101 Latin;
472 4050 525 4103 not,
535 4042 667 4102 however,
676 4043 740 4092 from
753 4045 841 4093 Greek
852 4045 899 4094 but
910 4046 975 4093 from
987 4045 1090 4096 Arabic.
1118 4047 1142 4094 A
1150 4061 1221 4094 more
1232 4046 1360 4108 complete
1369 4046 1519 4094 translation

362 4137 419 4170 was
431 4122 504 4169 made
522 4122 547 4168 in
563 4123 608 4170 the
625 4121 760 4184 following
770 4131 879 4185 century
890 4124 925 4185 by
936 4125 1076 4186 Campano.
1111 4124 1176 4189 [See
1188 4123 1385 4184 Weissenborn,
1399 4122 1521 4172 Abhand·

364 4201 457 4262 ianm
468 4216 519 4247 sur
529 4199 663 4249 Geschr'clrte
674 4200 719 4249 der
728 4200 902 4261 Mathemant,
916 4202 1014 4251 Drittes
1033 4201 1105 4262 Heft,
1118 4203 1228 4264 Leipsic‚
1244 4204 1315 4262 1880,
1328 4217 1369 4264 pp.
1387 4200 1519 4265 141-166.]

363 4277 479 4327 Adelard
491 4278 594 4326 studied
606 4279 632 4327 in
646 4280 690 4327 the
702 4279 814 4329 Schools
826 4280 855 4328 of
868 4280 953 4329 Tours
965 4282 1015 4329 and
1029 4281 1116 4336 Laon;
1134 4282 1184 4330 and
1197 4279 1386 4342 subsequently
1398 4279 1519 4328 travelled

365 4358 392 4405 in
406 4357 507 4406 Greece
519 4358 570 4406 and
582 4356 646 4406 Asia
659 4357 752 4408 Minor.
786 4358 844 4408 The
861 4373 972 4420 passage
989 4360 1052 4408 here
1066 4359 1135 4408 cited
1151 4359 1172 4407 is
1188 4358 1254 4407 from
1270 4359 1314 4408 the
1331 4359 1400 4406 sixth
1413 4357 1521 4420 chapter

365 4436 396 4485 of
404 4436 445 4484 his
458 4435 620 4498 Quaestiones
635 4436 780 4495 Naturales,
791 4453 807 4485 a
818 4437 894 4486 work
905 4437 949 4484 full
962 4437 991 4485 of
1004 4437 1144 4486 audacious
1156 4438 1207 4485 and
1222 4437 1332 4498 original
1349 4437 1520 4498 speculation.

365 4514 395 4564 ln
414 4514 526 4563 Bacon's
547 4515 736 4564 mathematical
753 4516 868 4574 treatise,
885 4531 916 4563 as
933 4525 979 4576 yet
996 4514 1175 4578 unpublished,
1194 4515 1228 4564 he
1246 4516 1268 4564 is
1285 4514 1432 4576 frequently
1449 4530 1520 4563 men-

363 4593 461 4652 tioned,
474 4593 573 4655 always
584 4595 667 4643 under
678 4593 721 4643 the
734 4609 810 4643 name
822 4593 941 4642 Alardus.
979 4593 1042 4656 [See
1055 4593 1151 4642 Sloane
1164 4593 1241 4643 MSS.
1253 4596 1326 4655 2156,
1340 4593 1364 4642 fs.
1374 4593 1475 4656 7²·95·]

397 4670 405 4698 ¹
424 4672 434 4721 l
448 4672 482 4721 do
494 4681 540 4723 not
551 4672 630 4722 know
641 4671 713 4722 what
724 4672 799 4722 work
811 4672 832 4721 is
843 4671 907 4720 here
920 4671 1036 4720 referred
1048 4679 1084 4722 to.
