3575 5375
695 625 988 686 ocoonrrrrrn.
1358 643 1418 706 373

266 787 422 851 intereos
438 786 593 853 Saraceni
608 799 643 854 et
655 788 797 867 Tartari,
809 799 842 852 et
859 787 1060 866 Nestoriani,
1071 791 1127 873 qui
1144 802 1221 855 sunt
1237 790 1416 855 Christiani

265 891 449 973 imperfecti
469 891 629 957 habentes
652 892 872 976 patriarcham
896 915 993 958 suum
1016 894 1050 958 in
1071 895 1210 970 oriente,
1225 896 1282 976 qui
1304 896 1418 960 visitat

265 997 416 1078 regiones
427 1007 460 1060 et
471 998 604 1062 ordinat
615 995 757 1062 infantes
769 998 802 1059 in
817 998 989 1062 cunabulis
1004 1000 1047 1063 ad
1059 1019 1169 1062 sacros
1180 1001 1323 1074 ordines,
1338 999 1418 1082 quia

266 1100 337 1182 ipse
348 1100 438 1164 solus
449 1101 632 1178 ordinater
644 1121 710 1165 non
720 1111 833 1184 potest
842 1103 956 1165 venire
966 1103 1010 1166 ad
1021 1122 1123 1167 unum
1134 1103 1243 1167 locum
1252 1104 1315 1168 nisi
1323 1104 1419 1186 quasi

266 1205 300 1268 in
324 1205 567 1288 quinquaginta
593 1206 706 1282 annis;
729 1215 763 1270 et
788 1205 845 1270 ille
868 1206 949 1271 dicit
976 1229 1012 1272 se
1037 1207 1160 1271 habere
1184 1208 1418 1271 auctoritatem

265 1329 286 1373 a
308 1309 463 1373 Romana
485 1309 622 1374 ecclesia
643 1309 688 1373 ab
708 1311 856 1393 antiquo,
874 1321 911 1375 et
930 1322 1064 1394 paratus
1087 1321 1138 1376 est
1159 1313 1303 1386 obedire,
1318 1313 1346 1375 si
1365 1311 1420 1376 via
1501 1393 1506 1400 .

266 1422 353 1477 esset
388 1423 512 1497 aperta.
571 1413 617 1477 Et
651 1414 705 1478 isti
735 1416 857 1480 docent
891 1415 977 1479 filios
1011 1416 1172 1480 nobilium
1203 1416 1419 1480 Tartarorum

266 1517 472 1601 evangelium
508 1528 542 1582 et
572 1517 672 1582 fidem
707 1529 742 1584 et
771 1519 853 1585 alios
888 1521 1024 1602 quando
1052 1530 1215 1604 possunt3
1251 1521 1311 1584 sed
1340 1521 1420 1602 quia

265 1641 383 1704 parum
410 1623 527 1698 sciunt,
546 1632 580 1686 et
603 1632 679 1687 sunt
702 1623 863 1687 malorum
890 1644 1031 1703 morum,
1055 1626 1132 1689 ideo
1154 1625 1286 1688 Tartari
1308 1625 1420 1707 despi-

266 1725 357 1790 ciunt
383 1745 449 1790 eos.
496 1726 542 1791 Et
568 1738 762 1792 consecrant
788 1727 821 1790 in
849 1729 950 1793 missa
975 1749 1077 1793 unum
1104 1749 1225 1812 panem
1249 1729 1352 1792 latum
1375 1728 1419 1791 ad

268 1831 402 1896 modum
423 1830 564 1915 palmae,
579 1841 613 1896 et
633 1832 785 1896 dividunt
801 1833 908 1914 primo
927 1834 961 1895 in
980 1834 1156 1897 duodecim
1179 1844 1289 1915 panes
1304 1852 1421 1896 secun·

266 1936 347 2000 dum
371 1956 543 2000 numerum
567 1936 815 2020 apostolorum3
842 1947 876 2000 et
898 1947 1015 2020 postea
1037 1935 1110 2000 illas
1134 1948 1245 2019 partes
1267 1936 1421 2002 dividunt

266 2041 447 2104 secundum
464 2061 636 2105 numerum
652 2039 777 2123 populi,
793 2050 826 2103 et
845 2041 999 2103 sacerdos
1021 2040 1081 2105 dat
1104 2041 1279 2122 unicuique
1300 2059 1421 2123 corpus

268 2143 388 2208 Christi
411 2145 445 2207 in
468 2163 569 2208 manu
591 2164 660 2217 sua,
680 2155 713 2208 et
736 2153 815 2208 tunc
837 2143 978 2225 quilibet
999 2144 1138 2207 assumit
1160 2143 1204 2206 de
1226 2142 1340 2224 palma
1361 2163 1422 2207 sua

267 2266 343 2311 cum
373 2247 562 2310 reverentia.
608 2246 674 2312 Sed
702 2247 897 2311 idololatrae
926 2247 1119 2329 praevalent
1147 2248 1180 2310 in
1207 2246 1422 2311 multitudine

267 2351 300 2414 in
321 2351 472 2414 omnibus
492 2350 544 2413 his
564 2350 762 2432 regionibus,
777 2361 810 2414 et
831 2370 949 2415 omnes
969 2352 1168 2416 conveniunt
1187 2352 1220 2414 in
1242 2350 1315 2426 hoc,
1331 2351 1422 2432 quod

266 2455 391 2519 habent
420 2453 545 2537 templa
580 2455 664 2520 sicut
693 2475 753 2519 nos
787 2466 822 2520 et
851 2475 1031 2538 campanas
1066 2475 1212 2538 magnas.
1270 2455 1318 2518 Et
1347 2454 1423 2520 ideo

267 2559 424 2624 ecclesiae
458 2557 669 2635 Graecorum,
699 2558 889 2637 Armeniae,
922 2569 956 2624 et
994 2560 1097 2623 totius
1133 2559 1269 2623 orientis
1305 2559 1423 2623 nolunt

268 2664 390 2730 habere
407 2683 585 2748 campanas
603 2673 739 2747 propter
758 2663 962 2729 idololatras.
1008 2663 1151 2729 Rusceni
1168 2674 1281 2729 tamen
1297 2663 1422 2728 habent

267 2780 302 2833 et
332 2768 451 2835 Graeci
484 2770 518 2833 in
550 2768 712 2835 Cassaria.
767 2769 893 2835 Omnes
928 2770 1118 2834 sacerdotes
1152 2788 1265 2833 eorum
1301 2769 1422 2833 radunt

267 2883 376 2937 totum
397 2882 498 2957 caput
519 2884 553 2939 et
572 2875 720 2951 barbam,
735 2883 770 2938 et
789 2883 922 2939 servant
942 2873 1129 2940 castitatem
1148 2894 1194 2937 ex
1213 2894 1282 2957 quo
1303 2874 1422 2938 radunt

266 2988 377 3062 caput,
401 2988 436 3041 et
461 2978 577 3043 vivunt
602 2991 735 3043 centum
762 2977 813 3043 vel
841 2979 978 3071 duceqti
1004 2979 1038 3043 in
1063 2999 1130 3043 una
1156 2980 1422 3062 congregatione.

268 3083 397 3147 Diebus
414 3082 534 3164 quibus
549 3084 673 3148 intrant
688 3083 850 3166 templum
867 3093 996 3166 ponunt
1011 3083 1079 3147 duo
1093 3102 1236 3160 scamna,
1251 3093 1286 3147 et
1304 3082 1423 3146 sedent

267 3206 287 3250 e
309 3187 443 3268 regione
466 3187 583 3251 chorus
607 3197 722 3251 contra
747 3187 885 3251 chorum
909 3186 1061 3265 interra,
1079 3186 1241 3251 habentes
1261 3184 1364 3249 libros
1389 3185 1423 3248 in

268 3292 429 3369 manibuS,
458 3309 543 3371 quos
572 3289 752 3372 aliquando
781 3290 952 3373 deponunt
982 3309 1082 3372 super
1110 3289 1166 3353 illa
1196 3308 1354 3367 scamna;
1388 3301 1423 3354 et

269 3394 392 3457 habent
414 3396 524 3477 capita
546 3395 754 3476 discooperta
776 3395 937 3476 quamdiu
958 3393 1090 3457 suntin
1112 3391 1250 3477 templo,
1272 3394 1422 3478 legentes

268 3497 302 3561 in
327 3498 467 3572 silentio,
486 3505 520 3561 et
546 3497 636 3561 nullo
662 3498 764 3563 modo
790 3498 1002 3580 loquerentur
1026 3498 1059 3560 in
1082 3496 1219 3579 templo,
1238 3498 1300 3561 nisi
1321 3497 1423 3562 verba

268 3602 366 3667 officii
397 3603 456 3667 sui.
514 3602 651 3666 Habent
680 3604 782 3667 etiam
812 3604 845 3667 in
882 3604 1034 3667 manibus
1067 3622 1268 3685 quocunque
1295 3604 1422 3668 vadunt

268 3708 437 3789 quandam
459 3707 618 3771 chordam
645 3718 778 3771 centum
801 3706 854 3771 vel
875 3708 1094 3771 ducentorum
1117 3706 1317 3783 nucleorum,
1336 3708 1423 3771 sicut

269 3833 330 3877 nos
360 3820 455 3896 pater
484 3821 604 3887 noster,
634 3822 668 3876 et
702 3814 817 3877 dicunt
846 3832 979 3894 semper
1007 3811 1090 3875 haec
1118 3812 1229 3889 verba,
1256 3811 1311 3877 On
1343 3832 1422 3875 man

269 3918 403 3994 baccan,
414 3917 446 3981 id
463 3928 513 3981 est
528 3916 621 3981 Deus
636 3928 673 3981 tu
694 3918 781 3981 nosti
792 3916 813 3979 ¹.
860 3916 958 3980 Haec
973 3926 1050 3979 sunt
1065 3915 1253 3980 communia
1267 3917 1423 3980 omnibus

270 4022 464 4086 idololatris.
510 4020 579 4086 Sed
607 4032 719 4085 tamen
748 4020 890 4104 ingeres,
916 4020 974 4103 qui
1004 4019 1158 4084 habitant
1186 4022 1220 4083 in
1249 4029 1337 4083 terra
1365 4022 1423 4085 ubi

270 4126 451 4207 imperator
473 4135 628 4203 moratur,
645 4123 803 4190 differunt
825 4126 868 4189 ab
890 4125 974 4189 aliis.
1019 4124 1108 4188 Nam
1131 4123 1187 4186 alii
1208 4143 1274 4187 non
1295 4136 1424 4206 ponunt

270 4249 373 4293 unum
400 4229 522 4305 Deum,
549 4231 609 4293 sed
636 4229 755 4313 plures,
781 4240 815 4295 et
844 4240 1030 4294 creaturam
1060 4228 1212 4291 adorant.
1259 4227 1319 4292 lati
1346 4247 1424 4292 vero

270 4378 285 4410 a
302 4361 365 4409 relic
382 4360 411 4409 ol
430 4361 538 4411 theold
557 4361 699 4411 Buddhisrn
716 4362 746 4411 of
759 4362 866 4411 Khotan
884 4361 936 4410 and
955 4362 1033 4409 other
1049 4360 1156 4409 Central
1176 4358 1257 4409 Asina
1276 4359 1422 4423 kingdom,

271 4440 314 4489 but
331 4448 399 4489 most
415 4440 541 4503 probably
553 4440 572 4489 it
583 4456 640 4491 was
656 4442 699 4490 tbe
716 4441 818 4489 somer.

304 4518 311 4546 ¹
329 4517 392 4567 This
403 4519 427 4567 is
438 4519 572 4581 evidently
589 4534 605 4567 a
621 4520 773 4582 perversiori
789 4518 819 4567 ol
832 4519 877 4567 tbe
890 4518 1019 4567 Buddbist
1036 4516 1154 4576 formula,
1166 4516 1236 4565 olten
1247 4516 1383 4579 imprinted
1396 4516 1423 4565 iu

271 4598 335 4659 llags
347 4597 398 4645 and
408 4598 531 4647 revolved
540 4599 566 4645 in
576 4598 756 4660 prayer-milla,
766 4597 815 4646 Orn
827 4596 897 4645 llani
907 4596 1003 4646 Padme
1014 4596 1094 4655 llum,
1102 4595 1207 4657 Anne
1215 4594 1293 4657 jewel
1305 4595 1328 4645 is
1339 4595 1366 4643 in
1378 4596 1423 4644 the

272 4677 341 4726 lotus
353 4676 410 4741 (the
421 4676 594 4726 seli-creative
605 4677 675 4726 lorce
687 4676 709 4726 is
721 4678 747 4725 in
760 4677 804 4725 the
816 4676 950 4740 cosmos).
