3575 5375
360 627 421 688 206
583 627 737 687 OPERIS
761 625 949 696 MAJORIS
973 625 1088 684 PARS
1113 623 1298 699 QUARTA.

360 789 540 856 secundum
552 788 690 867 Bedam,
700 797 733 852 et
743 789 925 853 secundum
936 808 1040 853 annos
1051 786 1512 869 imperatorum,anativitate

361 895 497 959 Domini
522 905 598 959 sunt
623 903 754 958 tantum
778 893 888 957 dxxxi
913 894 966 957 vel
985 892 1124 971 circiter,
1150 893 1196 956 ita
1225 893 1317 974 quod
1336 892 1378 955 ad
1401 893 1512 955 minus

360 1001 480 1066 defecit
503 998 689 1064 Gerlandus
720 998 753 1062 in
775 1020 797 1062 v
819 998 923 1073 annis,
946 1007 1243 1080 quantumcunque
1264 995 1385 1080 largius
1407 1016 1513 1060 annos

359 1105 597 1189 imperatorum
613 1111 854 1184 computemus.
1330 1177 1334 1183 ⁵

405 1209 569 1290 Magister
589 1227 668 1271 vero
694 1207 728 1270 in
754 1207 901 1271 historiis
923 1205 1184 1270 dubitationibus
1209 1205 1350 1269 aliorum
1374 1205 1513 1288 apponit

360 1333 483 1377 novum
503 1311 696 1376 dubitabile.
742 1309 838 1373 Nam*
853 1329 930 1374 cum
952 1311 1031 1373 dicit
1053 1309 1086 1372 in
1102 1308 1166 1372 fine
1189 1309 1324 1391 capituli
1343 1309 1387 1372 de
1409 1328 1514 1373 coena

361 1417 513 1494 Domini,
528 1417 571 1479 ‘si
595 1415 802 1479 revolvamus
823 1414 975 1478 tabulam
999 1415 1157 1495 computi,
1173 1413 1377 1477 inveniemus
1398 1413 1512 1476 lunam

361 1523 433 1586 xxii
450 1523 483 1584 in
500 1521 646 1586 calendis
664 1519 791 1602 Aprilis
805 1528 839 1582 et
855 1519 944 1582 diem
960 1517 1100 1583 Veneris
1116 1519 1148 1581 in
1164 1529 1315 1602 tempore
1329 1518 1515 1600 passionis:

361 1646 443 1707 ergo
457 1625 513 1689 viii
530 1624 683 1690 calendas
698 1623 826 1707 Aprilis
845 1623 907 1686 suit
922 1644 968 1686 xv
989 1622 1067 1686 luna
1086 1632 1121 1687 et
1141 1624 1213 1687 dies
1227 1619 1386 1702 Veneris,'
1403 1622 1515 1687 multi-

361 1730 491 1815 pliciter
501 1731 641 1793 oberrat.
677 1729 764 1793 Nam
782 1728 808 1792 si
825 1749 886 1791 sua
896 1728 1060 1792 sententia
1070 1737 1157 1792 esset
1168 1748 1255 1807 vera,
1266 1737 1344 1793 tnnc
1359 1748 1516 1792 numerus

362 1854 480 1898 aureus
495 1842 581 1898 esset
596 1833 664 1908 xiii,
681 1843 715 1896 et
731 1844 819 1912 tunc,
834 1832 920 1897 sicut
938 1832 1027 1915 prius
1044 1841 1170 1896 tactum
1185 1842 1246 1908 est,
1260 1831 1375 1896 suisset
1397 1853 1515 1916 passus

362 1949 440 2004 ante
454 1959 531 2001 xxx
546 1957 650 2000 annos
665 1937 859 2018 completos,
874 1938 965 2019 quod
981 1947 1032 2000 est
1048 1936 1177 2001 salsum.
1216 1937 1302 2001 Item
1319 1937 1347 2002 si
1366 1935 1515 2001 tabulam

362 2042 578 2119 revolvamus,
590 2051 625 2105 ut
638 2042 795 2126 magister
811 2042 899 2114 dicit,
913 2041 1116 2104 inveniemus
1132 2040 1163 2104 G
1179 2061 1251 2104 esse
1268 2041 1396 2106 literam
1408 2041 1517 2104 domi·

363 2148 501 2212 nicalem
526 2147 560 2210 in
583 2156 734 2229 tempore
757 2145 930 2227 passionis,
952 2155 986 2208 et
1010 2143 1041 2209 G
1064 2165 1137 2209 esse
1158 2146 1192 2208 in
1213 2147 1269 2208 viii
1292 2145 1514 2210 calendarum.

363 2252 475 2335 Quare
502 2251 564 2315 suit
589 2271 706 2335 passus
737 2251 770 2313 in
799 2250 1077 2333 dominica,quod
1107 2261 1158 2314 est
1186 2251 1305 2314 salsum
1336 2260 1370 2314 et
1400 2262 1516 2317 contra

364 2356 582 2438 evangelium.
622 2355 689 2420 Sed
704 2354 812 2434 multi,
827 2366 863 2420 ut
880 2354 972 2418 Beda
988 2354 1112 2434 scribit,
1127 2365 1160 2419 et
1176 2355 1326 2419 maxime
1340 2355 1517 2434 Victorius,

365 2471 401 2525 ut
427 2471 521 2546 patet
545 2461 578 2524 in
608 2459 749 2544 epistola
779 2481 839 2524 sua
869 2459 912 2523 ad
944 2459 1070 2543 Papam
1102 2457 1269 2523 Hilarium
1297 2461 1340 2523 de
1369 2460 1517 2544 paschali

365 2565 602 2642 observatione,
618 2565 733 2629 dicunt
756 2563 926 2630 Christum
951 2563 1049 2627 fuisse
1075 2583 1209 2646 passum
1235 2564 1279 2628 vii
1304 2564 1517 2628 calendarum

367 2670 492 2752 Aprilis
514 2678 548 2735 et
574 2669 791 2733 resurrexisse
812 2691 843 2733 v.
890 2667 957 2733 Sed
980 2677 1070 2748 tunc,
1093 2679 1130 2733 ut
1154 2668 1246 2734 Beda
1267 2669 1356 2746 dicit,
1386 2680 1519 2752 oportet

367 2776 456 2856 quod
470 2774 565 2837 suerit
577 2794 682 2838 annus
694 2775 855 2837 secundus
867 2774 951 2855 cycli
961 2770 1277 2854 decemnovennalis,
1285 2774 1364 2856 quia
1373 2775 1520 2838 binarius

367 2878 429 2941 erit
448 2897 603 2940 numerus
620 2897 749 2955 aureus,
763 2880 980 2961 supponendo
995 2879 1085 2961 quod
1105 2878 1271 2943 Dominus
1288 2880 1384 2943 suerit
1402 2898 1519 2962 passus

367 3003 413 3045 xv
429 2981 516 3056 luna,
532 2982 616 3045 sicut
632 2980 664 3045 in
685 2982 847 3064 prioribus
867 3002 1000 3064 semper
1018 2984 1229 3066 suppositum
1244 2994 1303 3047 est
1350 2983 1419 3049 Sed
1439 2984 1519 3065 quia

367 3109 413 3151 xv
429 3107 515 3151 anno
541 3088 663 3151 Tiberii
688 3089 799 3171 posuit
824 3088 1007 3152 Dominum
1032 3109 1179 3172 passum,
1201 3100 1239 3154 nt
1260 3111 1304 3152 ex
1325 3089 1397 3171 ejus
1417 3110 1518 3172 opus-

367 3191 449 3257 culis
464 3202 566 3275 patet‚
584 3192 660 3257 ideo
677 3192 796 3256 merito
812 3194 1020 3275 redarguitur
1034 3215 1055 3257 a
1070 3194 1163 3257 Beda
1177 3203 1212 3257 et
1226 3192 1307 3257 aliis.

199 3316 254 3366 The
414 3297 507 3361 Haec
531 3297 631 3378 igitur
657 3297 839 3361 secundum
863 3298 1163 3361 considerationem
1191 3298 1520 3380 chronographorum

199 3382 301 3433 Pession

199 3466 250 3497 was
261 3463 293 3497 on
305 3446 347 3495 the

200 3512 339 3563 fourteenth
368 3506 480 3570 lunam
498 3506 599 3569 luisse
619 3527 667 3569 xv
688 3507 721 3569 in
744 3508 798 3570 die
819 3507 991 3586 passionis.
1039 3504 1106 3570 Sed
1127 3506 1311 3571 astronomi
1331 3505 1464 3570 solliciti
1486 3506 1521 3568 in

198 3578 339 3695 fflosss‘h‘
369 3609 432 3674 hac
458 3618 552 3694 parte
582 3630 648 3673 non
679 3620 819 3693 possunt
849 3611 997 3674 invenire
1022 3632 1069 3673 xv
1095 3609 1207 3674 lunam
1239 3630 1300 3674 nec
1328 3611 1383 3673 viii
1414 3610 1521 3674 calen-

371 3715 487 3778 darum
519 3714 553 3775 in
582 3723 733 3796 tempore
763 3714 932 3798 passionis,
954 3735 1015 3779 nec
1036 3735 1062 3777 x
1085 3734 1144 3778 nec
1170 3715 1226 3794 vii,
1249 3715 1294 3778 ita
1325 3724 1363 3779 ut
1395 3714 1520 3778 ibidem

371 3817 554 3881 inveniatur
575 3818 647 3882 dies
671 3818 818 3896 Veneris,
843 3820 932 3900 quod
963 3830 1095 3901 oportet
1120 3821 1301 3884 secundum
1329 3818 1523 3901 Evangelia,

371 3942 431 3987 nec
453 3921 555 3986 etiam
582 3943 602 3985 a
626 3944 702 3985 xxx
731 3944 819 3987 anno
844 3923 980 3987 Domini
1005 3926 1174 4007 usquead
1197 3922 1297 3988 tinem
1326 3926 1416 3989 vitae
1443 3944 1523 3988 suae

371 4035 510 4110 possunt
537 4027 680 4091 invenire
705 4028 738 4090 in
761 4028 873 4110 aliqua
897 4027 1116 4093 calendarum.
1161 4027 1374 4111 Quapropter
1391 4048 1522 4091 summa

371 4130 537 4195 dubitatio
552 4131 673 4195 accidit
689 4131 720 4194 in
740 4131 802 4195 hac
824 4142 927 4215 parte.
974 4133 1063 4195 Nam
1086 4133 1262 4215 diligenter
1281 4133 1364 4196 haec
1384 4132 1522 4196 discussi

370 4246 441 4299 tam
465 4256 524 4319 per
545 4256 599 4299 me
616 4256 717 4319 quam
735 4238 917 4300 secundum
940 4256 1135 4301 consensum
1159 4238 1339 4320 peritorum
1362 4236 1395 4299 in
1418 4245 1523 4300 astro·

370 4340 495 4405 nomia.
540 4339 608 4404 Sed
628 4342 670 4404 de
692 4341 750 4403 xiv
767 4340 846 4403 luna
860 4342 946 4406 bene
970 4342 1141 4406 invenitur.
1181 4341 1396 4424 Quapropter
1419 4339 1524 4403 multa

370 4446 553 4510 secundum
577 4446 772 4528 scripturam
796 4455 873 4509 sunt
897 4446 977 4509 mihi
1000 4457 1034 4509 et
1058 4446 1171 4509 multis
1194 4444 1382 4509 insolubilia
1407 4445 1440 4507 in
1463 4444 1524 4507 hac

370 4559 466 4631 parte
486 4550 520 4612 in
533 4549 751 4626 contrarium,
769 4568 828 4629 per
851 4570 938 4632 quae
952 4549 1138 4614 ostenditur
1153 4550 1242 4631 quod
1258 4549 1319 4612 init
1335 4568 1452 4631 passus
1467 4547 1527 4611 xiv

371 4653 552 4733 luna,sicut
562 4650 681 4718 Graeci
696 4664 825 4737 ponunt
841 4663 874 4717 et
885 4653 1030 4718 Hebraei
1042 4656 1255 4720 concordant.
1301 4653 1390 4717 Nam
1403 4652 1526 4717 dicitur

368 3402 515 3467 discussa
530 3410 616 3479 sunt,
631 3422 716 3484 quae
731 3402 842 3465 omnia
857 3412 1040 3484 sequuntur
1059 3422 1103 3464 ex
1124 3402 1197 3475 hoc,
1213 3404 1303 3484 quod
1324 3401 1522 3485 supponitur
