3575 5375
386 635 445 692 242
608 614 764 674 OPERIS
787 613 978 682 MAIORIS
1002 610 1117 669 PARS
1142 610 1326 684 QUARTA.

388 781 537 857 maticae,
564 779 720 853 dicentes,
748 777 951 842 Christianos
978 796 1051 839 esse
1082 773 1338 839 mathematicos
1364 779 1399 838 et
1422 790 1540 853 magos

388 883 548 969 populum
563 884 770 947 seducentes.
817 879 911 944 Sicut
926 880 1015 944 enirn
1032 879 1096 962 ipsi
1111 898 1171 961 per
1185 878 1271 941 hanc
1286 875 1540 940 daemoniacam

388 987 601 1054 calliditatem
628 995 807 1069 potuerunt
833 983 940 1048 multa
965 1003 1077 1048 coram
1105 981 1229 1066 populo
1256 981 1329 1045 rudi
1352 978 1459 1044 facere
1481 998 1542 1061 per

387 1112 472 1176 quae
502 1091 698 1156 detinebant
728 1110 785 1155 eos
814 1091 859 1154 ad
892 1109 1019 1153 errores
1052 1097 1087 1152 et
1120 1086 1379 1152 dominabantur
1408 1084 1464 1157 eis,
1494 1083 1542 1146 sic

387 1198 615 1280 imposuerunt
652 1194 814 1277 apostolis
851 1204 886 1258 et
924 1193 1126 1274 martyribus
1162 1201 1196 1255 et
1218 1190 1372 1256 ,caeteris
1410 1188 1541 1272 praedi-

387 1301 553 1364 catoribus
594 1297 670 1362 fidei
708 1299 799 1380 quod
839 1318 905 1361 non
950 1319 995 1361 ex
1037 1307 1133 1381 parte
1175 1296 1240 1359 Dei
1280 1294 1426 1359 fecerunt
1464 1312 1541 1355 vera

388 1404 555 1479 miracula,
569 1404 627 1468 sed
650 1424 709 1486 per
731 1413 838 1467 artem
862 1401 1028 1484 magicam
1051 1421 1120 1484 qua
1141 1401 1274 1484 ipsimet
1294 1399 1344 1463 usi
1362 1406 1448 1462 sunt.
1494 1396 1540 1459 Et

388 1510 463 1572 ideo
477 1509 563 1572 hanc
579 1506 850 1572 mathematicam
866 1517 901 1570 et
917 1506 987 1589 ejus
1004 1507 1205 1589 professores
1226 1505 1333 1568 sancti
1348 1513 1382 1567 et
1402 1500 1542 1567 ecclesia

389 1613 521 1696 penitus
536 1613 785 1676 damnaverunt.

192 1707 195 1714 ’
221 1734 287 1782 Τιιιο
433 1715 500 1782 Sed
516 1716 585 1780 veri
608 1715 846 1790 mathematici,
861 1735 947 1798 quos
966 1714 999 1778 in
1018 1714 1081 1778 hac
1101 1729 1197 1798 parte
1217 1733 1377 1778 vocamus
1391 1721 1541 1776 astrorm
1640 1776 1646 1783 ,

221 1799 316 1847 marhe-
390 1841 462 1886 mos
476 1831 511 1884 et
525 1817 710 1902 astrologos
720 1818 741 1896 ¹,
752 1820 834 1902 quia
850 1819 1103 1884 indifferentera
1113 1818 1308 1885 Ptolemaeo
1321 1827 1357 1882 et
1369 1815 1542 1880 Avicenna

262 1866 279 1911 ι’
297 1864 304 1911 i

220 1879 295 1979 bib?
306 1879 350 1912 ans
390 1936 423 1991 et
439 1924 511 1989 aliis
532 1924 681 2009 pluribus
701 1924 749 1988 sic
771 1933 942 2004 vocantur,
957 1943 1024 1987 non
1044 1924 1287 2006 redarguuntur
1309 1924 1352 1987 de
1375 1918 1543 1985 sacrificiis

219 1997 374 2110 minoen
390 2029 671 2114 conjurationibus
707 2028 912 2092 carminibus
949 2028 1204 2107 characteribus,
1234 2037 1272 2091 ut
1309 2026 1411 2090 etiam
1446 2011 1542 2108 plebs

220 2127 298 2218 these*
390 2135 593 2199 studentium
609 2153 674 2197 non
697 2133 837 2215 ignorat,
852 2133 911 2196 sed
935 2132 1043 2195 solum
1063 2152 1163 2215 super
1179 2132 1306 2214 judicio
1328 2128 1488 2194 infallibili
1507 2138 1543 2192 et

220 2207 307 2242 errore.
390 2259 498 2303 rerum
530 2238 714 2302 necessario
745 2246 866 2301 eventu
897 2245 1067 2306 notantur.
1113 2236 1192 2300 Non
1222 2246 1336 2300 autem
1365 2252 1543 2317 possumus

388 2363 503 2408 eorum
518 2343 715 2408 sententiam
732 2340 977 2424 deprehendere
990 2341 1052 2404 nisi
1065 2361 1109 2404 ex
1120 2340 1212 2404 libris
1223 2360 1337 2404 eorum
1351 2340 1544 2404 testimonia

391 2448 525 2532 propria
548 2467 711 2523 eruamus,
734 2457 771 2510 ut
794 2447 841 2510 sic
863 2446 917 2509 vel
940 2455 1089 2510 errantes
1114 2446 1311 2508 damnemus
1333 2464 1378 2507 ex
1400 2445 1544 2526 propriis

391 2552 510 2631 verbis,
525 2551 577 2616 vel
593 2561 769 2615 excusatos
784 2571 806 2614 a
824 2550 981 2614 dentibus
1003 2549 1094 2632 vulgi
1118 2549 1262 2633 imperiti
1283 2549 1405 2615 liberos
1427 2559 1545 2612 extra·

392 2657 521 2721 hamus.
566 2655 735 2739 Quoniam
757 2655 858 2739 igitur
881 2653 1029 2718 maxime
1051 2655 1233 2739 imponitur
1252 2655 1300 2719 eis
1315 2675 1405 2719 error
1416 2652 1543 2736 judicii,

394 2772 565 2842 tamquam
580 2758 793 2824 infallibiliter
804 2758 907 2824 velint
916 2780 991 2824 cum
1003 2761 1114 2823 divina
1125 2760 1321 2824 certitudine
1332 2760 1543 2835 contendere,

390 2876 426 2929 ut
464 2864 558 2947 plebs
598 2864 646 2927 eis
684 2863 834 2947 imponit,
873 2865 1083 2928 adducantur
1124 2864 1313 2948 philosophi
1351 2864 1543 2942 nobiliores,

389 2968 516 3033 scilicet
538 2967 746 3041 Aristoteles,
768 2967 952 3041 Avicenna‚
970 2967 1187 3048 Ptolemaeus,
1203 2969 1282 3033 Hali
1298 2977 1545 3034 commentator

391 3072 461 3155 ejus
484 3082 519 3135 et
542 3067 759 3150 Messehalac,
782 3072 997 3147 Albumazar,
1020 3074 1140 3155 quibus
1164 3075 1270 3156 magis
1296 3073 1456 3138 incumbit
1478 3073 1545 3137 hoc

389 3198 483 3242 onus.
540 3176 578 3240 ln
618 3176 793 3242 universali
832 3176 932 3259 igitur
968 3177 1208 3242 considerando
1243 3177 1323 3261 quid
1361 3178 1543 3242 secundum

387 3281 606 3367 philosophos
621 3283 802 3345 tenendum
819 3282 863 3345 sit
885 3282 949 3360 hic,
967 3280 1175 3345 Ptolemaeus
1196 3284 1229 3346 in
1250 3283 1410 3365 principio
1426 3280 1544 3346 Centi-

388 3385 467 3470 logii
488 3387 682 3469 pronuntiat
703 3388 827 3463 dicens,
852 3385 1097 3450 ‘Astronomus
1123 3407 1189 3451 non
1217 3387 1317 3452 debet
1339 3386 1449 3451 dioere
1471 3407 1543 3451 rem

388 3491 574 3574 specialiter
588 3494 645 3555 scd
663 3491 900 3568 universaliter,
916 3500 953 3553 ut
968 3491 1025 3573 qui
1040 3489 1169 3554 eminus
1183 3490 1275 3555 videt
1289 3491 1435 3573 aliquam
1452 3489 1542 3564 rem‚’

388 3605 423 3658 et
445 3595 549 3671 addit,
573 3594 715 3675 ‘judicia
737 3616 822 3677 quae
844 3595 941 3659 trado
964 3595 1026 3658 tibi
1049 3604 1128 3660 sunt
1159 3594 1244 3658 inter
1265 3596 1484 3659 necessarium
1506 3604 1543 3659 et

390 3696 614 3780 impossibile?

222 3806 312 3856 l'roofs
353 3873 359 3884 ¹
434 3802 480 3866 Et
495 3803 575 3866 dicit
592 3801 672 3865 Hali
687 3822 787 3883 super
799 3802 888 3867 hunc
905 3804 1028 3881 locum,
1041 3810 1048 3837 ‘
1062 3802 1139 3867 Hoc
1159 3804 1234 3867 ideo
1253 3804 1351 3881 dixit,
1365 3802 1444 3885 quia
1459 3803 1544 3867 haec

221 3874 286 3923 from
298 3871 369 3935 Hah,
390 3906 529 3970 scientia
552 3926 619 3968 non
648 3916 699 3969 est
728 3907 790 3969 nisi
820 3929 879 3991 per
909 3908 1141 3992 probationem
1168 3918 1203 3971 et
1228 3907 1441 3990 opinionem3
1464 3909 1544 3990 quia

390 4010 529 4075 materia
544 4011 585 4073 ad
608 4030 710 4092 quam
730 4012 875 4095 pertinet
897 4033 982 4094 opus
1004 4023 1114 4077 toturn
1136 4011 1305 4076 stellarum
1320 4012 1543 4076 convertibilis

422 4190 432 4220 ¹
450 4190 480 4240 In
492 4191 532 4241 his
549 4190 735 4239 mathematical
753 4191 866 4255 treatise,
881 4191 969 4241 Bacon
986 4192 1080 4253 speaks
1091 4190 1121 4239 of
1133 4192 1267 4252 astrology
1278 4206 1307 4239 as
1325 4192 1370 4240 the
1381 4190 1542 4253 speculative

389 4271 453 4332 side,
467 4277 617 4332 astronomy
624 4286 653 4318 as
664 4271 709 4318 the
721 4271 844 4332 practical
856 4271 912 4319 side
925 4271 955 4318 of
962 4271 1007 4319 the
1018 4270 1130 4320 science.
1161 4269 1323 4331 ‘Astrologia
1334 4269 1498 4331 componitur
1508 4286 1545 4319 ex

389 4349 439 4398 hoc
450 4349 555 4398 nomine
566 4348 670 4408 Astron,
683 4349 753 4409 quod
768 4356 808 4397 est
823 4349 908 4409 stella,
920 4356 946 4397 et
962 4349 1011 4397 hoc
1027 4349 1132 4397 nornine
1144 4348 1237 4409 Logos,
1248 4349 1318 4410 quod
1330 4355 1371 4397 eet
1383 4348 1489 4397 verbum
1500 4349 1545 4398 vel

390 4429 455 4477 ratio
466 4428 507 4477 vel
518 4443 612 4490 sermo,
623 4428 682 4489 quia
692 4434 732 4475 est
743 4442 829 4475 sermo
842 4428 875 4477 de
886 4427 976 4477 stellis.
1004 4427 1169 4479 Astrouomia
1176 4442 1238 4475 vero
1246 4427 1341 4477 dicitur
1348 4426 1392 4475 lex
1399 4427 1544 4490 stellarum,

388 4515 416 4555 et
428 4506 526 4555 Nomos
539 4513 579 4555 est
591 4506 642 4554 lex.
678 4504 755 4554 Unde
768 4506 828 4567 quia
838 4506 882 4553 lex
895 4506 1074 4555 universaliter
1084 4513 1162 4555 sonat
1173 4506 1200 4554 in
1213 4506 1360 4568 practicam,
1373 4506 1439 4554 utin
1451 4508 1545 4557 morali

389 4584 554 4647 philosophia
563 4586 606 4632 lex
614 4590 656 4632 est
663 4583 718 4645 ipsa
727 4586 846 4646 practica,
854 4584 890 4632 ita
898 4583 1185 4635 similiterAstrouomia
1192 4591 1232 4632 est
1240 4584 1355 4647 practica
1360 4584 1544 4647 Astrologiae!

391 4662 499 4727 (Sloane
511 4662 568 4712 MS.
580 4664 653 4725 2156,
667 4661 712 4711 fol.
724 4662 764 4725 aa,
778 4662 813 4727 c.)
