3575 5375
687 601 977 662 oenomaum.
1345 613 1404 676 321

255 776 347 831 motu
364 767 532 834 coelorum
547 767 748 833 sustinemus
763 767 867 832 illaesi
883 768 1027 846 auribus,
1042 767 1138 851 ponit
1151 787 1274 832 vanum
1290 785 1403 830 exem·

252 875 344 956 plum
361 875 519 956 degente
541 894 626 957 quae
645 875 787 938 sustinet
810 882 947 956 propter
966 873 1238 938 consuetudinem
1258 871 1402 954 rugitum

254 978 321 1042 Nili
338 978 481 1061 pacifice.
516 979 584 1045 Sed
600 976 792 1061 exemplum
808 997 905 1042 suum
920 976 1039 1041 falsum
1054 987 1115 1050 est,
1127 977 1211 1041 sicut
1228 976 1354 1040 Plinius
1369 985 1403 1040 et

254 1081 381 1149 Seneca
407 1086 542 1161 docent,
564 1095 599 1148 et
621 1083 851 1166 exemplatum
878 1101 1040 1147 essenon
1062 1090 1182 1166 potest,
1197 1082 1282 1146 sicut
1304 1082 1403 1145 docet

252 1185 454 1284 Aristoteles
480 1188 626 1252 secundo
650 1187 744 1253 Coeli
772 1197 806 1252 et
834 1185 963 1250 Mundi.
1011 1186 1079 1251 Hic
1103 1185 1196 1251 locus
1221 1195 1272 1249 est
1298 1205 1403 1269 prope

253 1289 397 1374 Syenem
410 1293 591 1357 secundum
606 1291 852 1374 Hieronymum
865 1287 954 1355 nono
965 1289 1050 1355 libro
1060 1310 1159 1372 super
1174 1290 1382 1356 Ezechielem
1396 1313 1404 1365 3

252 1405 286 1460 et
304 1396 385 1461 dicit
408 1398 499 1479 quod
522 1417 625 1480 usque
643 1397 685 1461 ad
709 1395 855 1477 Syenem
878 1406 929 1460 est
946 1395 1043 1460 Nilus
1060 1395 1255 1477 navigabilis
1276 1415 1297 1457 a
1320 1393 1402 1458 mari

253 1499 382 1564 Italico.
430 1500 475 1565 Et
498 1499 635 1564 ulterius
659 1500 926 1584 septentrionalis
948 1499 1086 1564 effectus
1113 1499 1228 1564 Nilum
1255 1498 1403 1576 includit,

251 1614 286 1668 et
308 1605 446 1668 tandem
464 1604 575 1670 fauces
596 1603 667 1686 ejus
690 1607 724 1667 in
749 1624 839 1669 mare
860 1604 951 1686 quod
974 1612 1025 1667 est
1047 1605 1134 1669 inter
1147 1603 1346 1686 Aegyptum
1368 1613 1403 1667 et

254 1706 385 1772 Italiam
408 1708 559 1795 projicit3
583 1710 669 1774 ostia
689 1707 761 1790 ejus
780 1709 856 1782 duo,
871 1706 996 1772 scilicet
1015 1706 1221 1772 Pelusiacum
1242 1718 1277 1771 et
1292 1706 1403 1772 Cano·

253 1812 354 1895 pium.
401 1812 495 1877 Sicut
517 1824 629 1878 autem
652 1813 699 1876 ait
721 1812 946 1894 Hieronymus
966 1821 1085 1894 quarto
1105 1812 1197 1890 libro,
1217 1833 1318 1896 super
1340 1811 1403 1875 xix

252 1916 435 2001 capitulum
453 1917 567 1995 Isaiae,
583 1918 681 1982 Nilus
695 1927 773 1982 ante
789 1916 966 1982 Caesarem
983 1915 1174 1999 Augustum
1190 1936 1275 1979 unus
1290 1917 1403 1980 alveus

252 2020 323 2100 suit,
341 2022 399 2085 sed
423 2031 503 2086 tunc
525 2023 650 2086 divisus
672 2031 722 2084 est
746 2021 779 2084 in
803 2030 942 2103 septem,
964 2020 1053 2083 unde
1078 2021 1122 2083 ad
1146 2019 1312 2083 Pelusium
1335 2041 1402 2083 una

253 2145 328 2206 pars
351 2125 532 2196 descendit,
549 2136 583 2190 et
606 2125 648 2190 ad
673 2124 861 2206 Memphim
884 2143 970 2204 quae
992 2133 1043 2187 est
1060 2123 1219 2188 Damiata
1239 2123 1402 2188 decurrit:

251 2228 421 2311 alteraque
436 2231 628 2293 extenditur
643 2229 675 2292 in
691 2227 796 2292 altum
811 2248 925 2291 versus
940 2227 1112 2292 meridiem
1127 2247 1231 2310 usque
1246 2227 1289 2290 ad
1306 2227 1403 2308 Kayr

252 2340 287 2393 et
306 2331 535 2412 Babyloniam,
551 2353 571 2394 a
593 2351 659 2413 qua
679 2351 767 2395 nunc
787 2332 909 2394 dicitur
928 2330 1096 2395 Soldanus
1114 2330 1328 2411 Babyloniae,
1344 2351 1403 2414 per

253 2435 382 2499 circiter
396 2445 462 2498 tres
482 2435 589 2498 dietas
603 2456 623 2498 a
639 2434 797 2498 Damiata
813 2457 820 2512 ;
843 2447 877 2500 et
898 2435 942 2498 ab
965 2434 1020 2498 illa
1036 2433 1195 2499 Damiata
1210 2436 1402 2499 extenditur

254 2559 274 2602 a
305 2537 407 2602 latere
435 2559 501 2602 una
531 2559 608 2622 pars
636 2536 781 2603 fluminis
814 2559 873 2620 per
903 2557 1002 2602 unam
1036 2539 1162 2602 dietam
1193 2539 1288 2622 quasi
1318 2539 1403 2602 inter

255 2642 424 2707 meridiem
451 2653 485 2707 et
509 2643 672 2709 orientem
698 2644 741 2709 ad
767 2642 890 2724 villam,
915 2663 1001 2725 quae
1024 2652 1161 2707 vocatur
1186 2643 1371 2708 Lancassor
1381 2641 1403 2720 ¹,

255 2748 311 2811 ubi
336 2750 501 2812 exercitus
524 2748 786 2814 Christianorum
813 2749 963 2813 deuictus
987 2746 1058 2825 fuit,
1080 2751 1214 2831 quando
1238 2749 1402 2813 Dominus

253 2851 443 2916 Lodovicus
467 2852 552 2916 filius
575 2852 735 2916 Lodovici
758 2851 816 2915 filii
839 2852 982 2936 Philippi
1006 2851 1138 2917 illustris
1160 2874 1220 2917 rex
1244 2853 1404 2918 Franciae

254 2955 363 3037 primo
384 2974 513 3021 crucem
537 2955 675 3038 arripuit
695 2954 738 3018 ad
765 2964 876 3037 partes
902 2955 1146 3019 transmarinas.
1193 2954 1263 3019 Alii
1289 2965 1403 3020 autem

252 3058 313 3121 rivi
330 3058 473 3123 fluminis
488 3057 558 3123 Nili
573 3060 778 3122 descendunt
794 3079 900 3142 prope
909 3058 1098 3142 Tampnem
1113 3058 1401 3124 etAlexandriam

252 3172 285 3227 ct
300 3173 430 3227 caetera
444 3161 517 3227 loca
531 3161 692 3246 Aegypti.

295 3266 364 3329 Nili
396 3286 475 3330 vero
506 3266 690 3349 proprietas
719 3266 902 3331 secundum
929 3265 1071 3329 Plinium
1095 3277 1129 3330 et
1163 3276 1313 3332 caeteros
1338 3276 1567 3345 est,1nnndau0n

251 3369 341 3451 quod
378 3370 519 3433 inundat
549 3370 646 3433 certis
679 3370 885 3451 temporibus
916 3380 950 3432 et
980 3370 1079 3453 plana
1110 3370 1260 3452 Aegypti
1294 3344 1497 3460 riganti&

250 3474 431 3536 secundum
462 3471 557 3554 cujus
588 3473 795 3555 egressiones
825 3483 892 3536 stat
923 3472 1136 3557 Aegyptiaca
1165 3473 1317 3539 fertilitas
1345 3474 1402 3537 vel

250 3588 398 3661 negatur.
443 3577 533 3639 Nam
556 3577 583 3639 si
606 3574 687 3641 fines
708 3597 787 3641 suos
809 3576 975 3641 naturales
997 3580 1186 3661 egrediatur
1207 3578 1315 3643 solum
1339 3599 1399 3662 per

249 3681 296 3744 xii
319 3679 458 3758 cubitos,
481 3688 561 3743 tunc
576 3679 755 3763 Aegyptus
778 3680 900 3745 samem
923 3681 1073 3754 sustinet,
1095 3681 1129 3745 in
1152 3682 1310 3746 tredecim
1334 3702 1400 3747 non

250 3784 360 3862 esurit,
386 3784 445 3847 xiv
470 3782 574 3846 cubiti
605 3782 805 3848 hilaritatem
835 3783 987 3861 afferunt,
1016 3804 1063 3847 xv
1092 3786 1309 3862 securitatem,
1340 3787 1398 3849 xvi

249 3886 393 3952 delicias.
431 3886 467 3952 Si
487 3885 570 3969 plus,
582 3896 769 3969 temperate
784 3896 898 3951 tamen
914 3884 1039 3960 affluat,
1050 3888 1092 3951 ad
1108 3889 1250 3953 abusum
1265 3888 1398 3954 delicia-

249 4012 322 4055 rum
341 3992 468 4056 excitat
489 3990 670 4074 indigenas.
716 3990 785 4056 Sed
807 3990 834 4053 si
855 3989 995 4054 creverit
1009 4012 1109 4075 super
1123 3992 1273 4057 debitum
1295 4002 1401 4070 nocet,

249 4104 286 4158 ut
316 4096 397 4158 dicit
427 4093 563 4160 Seneca.
612 4094 736 4178 lncipit
766 4103 879 4159 autern
910 4115 1066 4173 crescere,
1099 4106 1136 4161 ut
1170 4098 1294 4173 dicunt,
1323 4097 1401 4161 luna

249 4198 415 4263 existente
452 4218 538 4261 nova
576 4219 773 4282 quacunque
811 4208 890 4283 post
919 4198 1098 4264 solstitium
1128 4202 1260 4277 sensim,
1287 4201 1320 4265 id
1350 4211 1402 4266 est

249 4301 410 4384 paulatim
423 4303 629 4385 modiceque,
641 4300 805 4366 Cancrum
821 4301 891 4366 sole
906 4313 1106 4377 transeunte,
1118 4303 1401 4368 abundantissime

249 4426 329 4470 vero
345 4406 378 4469 in
394 4406 517 4482 Leone,
534 4414 568 4469 et
585 4406 706 4471 residet
726 4405 759 4469 in
774 4406 922 4489 Virgine.
969 4406 1015 4471 Et
1030 4408 1148 4473 iisdem
1164 4408 1285 4491 quibus
1300 4409 1403 4473 crevit

693 4626 702 4658 ¹
719 4628 751 4680 0.
763 4630 811 4679 has
823 4629 967 4680 Lamassor.

291 4726 374 4779 vol..
392 4728 416 4780 1.
818 4726 843 4777 Y
