3575 5375
356 615 397 677 88
579 618 733 697 ORERIS
757 616 945 688 MAJORIS
969 616 1084 675 PARS
1113 614 1277 675 TERTIA.

356 782 481 865 priores
506 781 645 865 decepti.
707 780 867 845 Similiter
892 781 956 845 hoc
983 800 1105 844 nomen
1133 802 1203 857 aro,
1229 780 1319 863 quod
1349 788 1401 844 est
1426 800 1507 864 pure

356 886 523 959 Latinum,
548 886 675 951 Graece
700 895 883 968 exponunt,
900 886 1046 951 dicentes
1067 885 1158 966 quod
1174 885 1294 949 dicitur
1308 884 1351 948 ab
1370 906 1400 961 a,
1415 885 1505 968 quod

356 1000 405 1054 est
420 990 498 1061 sinc,
514 1000 547 1053 et
563 1010 609 1064 oc,
624 990 718 1073 quasi
732 989 803 1053 sinc
818 1010 876 1053 vc:
901 989 958 1052 sed
975 988 1038 1051 hoc
1060 986 1128 1051 heri
1145 1006 1209 1051 non
1226 988 1336 1067 debet,
1351 987 1506 1072 quiahoc

354 1094 552 1157 vocabulum
583 1113 650 1157 non
678 1094 819 1157 sumitur
842 1114 862 1157 a
885 1091 1014 1156 Graeco
1036 1092 1200 1156 vocabulo
1223 1102 1384 1175 cognatae
1406 1093 1507 1175 signi-

355 1196 526 1263 ficationis.
573 1197 604 1260 N
608 1218 661 1261 am
684 1196 796 1261 clrorrc
818 1198 851 1261 in
875 1196 1004 1260 Graeco
1026 1196 1135 1279 signat
1157 1217 1217 1259 avc
1239 1197 1270 1259 in
1294 1196 1426 1277 Latino,
1449 1195 1508 1260 sed

355 1303 437 1367 haec
453 1303 520 1366 duo
537 1322 603 1365 non
618 1302 829 1366 concordant.
877 1300 944 1363 Hic
960 1321 1039 1383 ergo
1063 1310 1113 1363 est
1136 1319 1219 1364 unus
1243 1301 1362 1365 modus
1385 1320 1452 1383 quo
1475 1301 1507 1363 in

357 1405 491 1470 infinitis
507 1406 643 1470 Graecis
658 1405 829 1470 vocabulis
844 1415 930 1469 errat
950 1405 1099 1468 Latinus.

188 1515 272 1591 Qreek
401 1509 501 1573 Alius
516 1510 635 1573 modus
650 1519 710 1588 est,
725 1509 814 1592 quod
833 1509 864 1572 in
878 1508 1013 1572 Graecis
1028 1508 1197 1573 vocabulis
1210 1528 1276 1571 non
1293 1506 1507 1589 intelligimus

189 1580 344 1695 fflssfflffl
358 1634 471 1677 eorum
491 1614 693 1697 scripturam,
709 1634 811 1697 quam
830 1613 957 1678 habent
978 1612 1203 1696 multipliciter
1222 1613 1383 1677 variatam
1399 1634 1407 1691 ;
1429 1612 1509 1694 quia

190 1712 271 1761 ⁵¹⁰⁰d·
357 1717 519 1782 vocabula
537 1718 720 1782 consimilia
743 1718 775 1781 in
800 1738 883 1781 sono
906 1718 1115 1801 distinguunt
1138 1717 1170 1781 in
1192 1716 1398 1801 significato:
1422 1717 1508 1780 unde

357 1823 482 1887 habent
500 1824 623 1906 triplex
640 1834 674 1886 et
690 1822 816 1906 duplex
832 1844 862 1898 o,
878 1832 912 1887 et
933 1823 1060 1905 duplex
1080 1831 1103 1899 t,
1118 1842 1158 1886 ac
1178 1833 1251 1904 pet
1266 1842 1305 1898 c;
1330 1832 1363 1887 et
1384 1821 1509 1886 habent

358 1928 510 1992 undecim
527 1928 763 2011 diphthongos,
779 1937 812 1991 et
834 1927 939 1991 multa
954 1926 1027 2003 alia,
1049 1934 1086 1989 ut
1101 1926 1148 1989 sic
1165 1926 1359 1991 varietatem
1375 1944 1508 1989 suorum

357 2030 591 2095 vocabulorum
614 2032 647 2093 in
665 2030 883 2113 significando
903 2031 1089 2112 designent.
1136 2030 1224 2093 Nam
1242 2051 1332 2094 cenos
1347 2030 1437 2112 quod
1459 2037 1510 2093 est

360 2135 475 2211 inanis,
495 2156 515 2198 a
535 2156 604 2217 quo
627 2136 823 2212 cenodoxia,
842 2134 900 2199 ie.
923 2134 1028 2198 inanis
1051 2133 1164 2217 gloria,
1186 2134 1228 2197 de
1251 2155 1318 2217 quo
1343 2134 1510 2197 Deutero-

359 2240 448 2301 nomi
464 2240 618 2322 septimo,
631 2260 688 2322 per
703 2259 721 2302 e
737 2240 834 2303 breve
849 2238 1013 2302 scribitur.
1060 2237 1105 2301 Et
1121 2259 1211 2302 corros
1226 2238 1316 2319 quod
1334 2248 1384 2301 est
1397 2258 1509 2316 novus,

359 2364 461 2426 aquo
473 2345 617 2420 encenia,
635 2345 653 2407 i.
664 2365 693 2407 e.
713 2344 949 2420 innovationes,
965 2350 1002 2406 ut
1018 2363 1103 2406 nova
1121 2342 1206 2406 festa
1222 2352 1255 2405 et
1276 2342 1510 2419 dedicationes

359 2449 401 2511 de
416 2469 483 2531 quo
498 2448 667 2529 Johannes
683 2448 822 2522 decim0,
838 2457 871 2512 et
887 2446 1041 2511 scribitur
1061 2467 1120 2528 per
1140 2468 1179 2511 ae
1194 2446 1449 2529 diphthongum,
1465 2447 1511 2509 sic

357 2573 478 2616 caerros.
526 2551 625 2617 Certos
644 2573 722 2617 vero
745 2552 836 2635 quod
859 2552 1054 2625 communis,
1077 2572 1097 2614 a
1119 2570 1186 2632 quo
1206 2550 1368 2614 cenobium
1391 2560 1424 2614 et
1446 2550 1511 2631 epi-

359 2658 493 2735 cenr'um,
508 2656 660 2721 scribitur
681 2677 739 2739 per
753 2656 785 2720 oi
808 2656 1063 2739 diphthongum,
1080 2674 1179 2737 quarn
1204 2654 1345 2719 Latinus
1367 2654 1512 2738 proferat

360 2783 388 2838 e,
411 2763 470 2825 sed
494 2761 629 2825 deberet
653 2761 786 2844 proferri
803 2761 822 2836 i,
842 2770 878 2823 ut
893 2761 1017 2825 diceret
1038 2761 1134 2839 cinos,
1152 2761 1239 2824 unde
1254 2760 1298 2823 ab
1313 2759 1377 2823 hoc
1393 2759 1513 2823 dicitur

360 2865 510 2938 cinomia,
548 2864 639 2946 quod
670 2875 721 2930 est
750 2866 930 2929 secundum
963 2864 1205 2946 Hieronymum
1243 2863 1277 2927 in
1310 2863 1513 2928 correctione

363 2968 523 3046 Psalterii,
535 2969 720 3032 communis
734 2969 787 3031 vel
803 2969 994 3033 omnimoda
1011 2988 1133 3032 musca.
1183 2967 1281 3032 Unde
1295 2967 1415 3049 Papias
1431 2967 1513 3031 dicit

361 3073 451 3156 quod
463 3073 616 3138 scribitur
626 3093 685 3154 per
699 3073 946 3157 diphthongum
963 3075 995 3136 in
1011 3073 1118 3160 prima
1133 3072 1272 3154 syllaba,
1284 3072 1331 3137 sic
1345 3071 1511 3136 cor‘nomr'a.

361 3178 406 3243 Et
419 3178 482 3242 hoc
493 3177 701 3242 manifestum
714 3188 765 3241 est
777 3177 810 3241 in
827 3176 956 3242 Graeco
969 3177 1139 3241 Psalterio.
1175 3177 1219 3242 Et
1235 3198 1336 3260 cynos,
1348 3176 1447 3255 canis,
1457 3176 1513 3260 qui

361 3283 514 3346 scribitur
525 3303 584 3366 per
588 3304 615 3365 y
624 3281 798 3358 Graecum,
810 3282 897 3346 unde
908 3283 1063 3361 cynomia,
1073 3282 1122 3346 i.e.
1134 3301 1246 3346 musca
1255 3282 1382 3356 canina,
1394 3281 1437 3346 de
1448 3301 1514 3364 qua

363 3386 476 3450 Exodi
492 3397 620 3463 octavo,
632 3395 666 3450 et
678 3406 776 3450 xenos
790 3407 849 3468 per
862 3408 895 3463 x,
906 3387 997 3470 quod
1014 3395 1064 3448 est
1080 3386 1311 3469 peregrinus,a
1326 3405 1394 3468 quo
1407 3387 1513 3462 nertio,

362 3510 449 3572 quae
468 3499 545 3553 sunt
566 3509 702 3555 munera
721 3511 779 3554 seu
803 3491 900 3566 dona,
921 3491 963 3554 de
981 3489 1101 3573 quibus
1122 3489 1203 3553 liber
1223 3489 1514 3568 Machabaeorum,

361 3604 396 3657 et
408 3595 572 3658 secundus
589 3594 826 3658 Ecclesiastici.
862 3594 909 3657 Et
922 3592 1052 3658 schonos
1069 3592 1209 3675 perscire
1225 3602 1276 3657 est
1283 3593 1395 3675 funis,
1411 3614 1432 3657 a
1446 3616 1515 3677 quo

361 3694 568 3774 schenobates,
591 3698 647 3780 qui
670 3699 820 3779 graditur
843 3698 876 3760 in
896 3697 972 3762 sune
995 3708 1029 3762 et
1051 3717 1150 3780 super
1172 3696 1295 3762 sunem.
1342 3699 1447 3762 Sccrra
1462 3708 1515 3764 est

362 3800 488 3875 umbra,
498 3799 550 3863 vel
567 3801 815 3878 tabernaculum,
827 3825 847 3866 a
859 3822 926 3884 quo
940 3803 1130 3884 scenopegia,
1143 3801 1163 3866 i.
1171 3823 1199 3866 e.
1211 3801 1292 3866 fixio
1303 3801 1515 3881 tabernaculi,

364 3914 396 3967 et
417 3906 650 3988 scenofactoria
675 3926 729 3969 ars
752 3915 802 3969 est
829 3907 862 3969 in
888 3928 954 3990 qua
978 3906 1100 3970 Paulus
1123 3906 1308 3990 Apostolus
1331 3907 1514 3972 laborabat.

364 4007 450 4072 Cum
484 4008 584 4090 igitur
612 4008 794 4074 derivativa
825 4010 963 4074 istorum
994 4010 1230 4075 vocabulorum
1265 4022 1299 4075 et
1329 4013 1516 4095 composita

362 4113 410 4174 sic
440 4113 606 4175 variantur
636 4113 669 4175 in
702 4113 905 4195 significatis,
945 4115 1022 4179 licet
1051 4115 1115 4179 sint
1146 4115 1266 4179 similia
1297 4117 1330 4179 in
1364 4136 1516 4180 sermone

362 4226 397 4280 et
425 4237 518 4294 sono,
546 4217 757 4283 manifestum
780 4231 831 4284 est
857 4222 946 4303 quod
971 4240 1037 4285 non
1062 4230 1112 4284 est
1135 4220 1290 4304 possibile
1316 4222 1455 4286 evadere
1482 4221 1516 4284 in

363 4341 460 4385 sensu
479 4320 597 4385 literali
621 4322 691 4386 sine
713 4345 830 4398 errore,
852 4326 909 4408 qui
932 4345 997 4389 non
1018 4327 1160 4391 advertit
1182 4326 1380 4408 scripturam
1404 4326 1517 4409 hujus·

365 4427 466 4491 modi.
513 4427 612 4492 Unde
647 4428 759 4510 magni
792 4429 852 4491 viri
881 4440 915 4493 et
949 4429 1066 4494 famosi
1097 4429 1306 4514 expositores
1338 4430 1517 4512 aliquando

363 4531 494 4613 decepti
513 4540 599 4608 sunt,
617 4531 702 4595 sicut
726 4531 893 4608 Rabanus,
911 4535 968 4615 qui
989 4533 1069 4598 dicit
1091 4534 1182 4616 quod
1205 4535 1438 4617 scenofactoria
1460 4555 1519 4598 ars

363 4635 462 4700 docet
484 4632 590 4700 facere
607 4636 721 4718 furies,
742 4636 821 4719 quia
846 4638 1043 4702 aestimabat
1072 4638 1163 4722 quod
1188 4637 1326 4718 sclrcrros,
1348 4639 1439 4722 quod
1467 4649 1517 4704 est
