3575 5375
377 669 436 732 166
594 673 750 732 OPERIS
773 671 962 742 MAJORIS
986 672 1101 731 PARS
1124 670 1309 745 QUARTA.

375 834 442 900 Sed
467 846 579 899 motus
601 845 653 901 est
675 835 861 920 subjectum
884 855 992 911 suum,
1012 855 1078 899 non
1102 835 1259 913 materia;
1286 844 1320 899 et
1341 832 1529 916 subjectum

376 950 488 1005 motus
510 959 577 1004 non
599 950 650 1006 est
676 941 825 1018 materia,
843 941 902 1005 sed
928 959 1049 1024 corpus
1076 940 1299 1022 compositum
1322 956 1367 1003 ex
1389 938 1528 1001 materia

376 1053 410 1109 et
424 1044 538 1108 lorma.

208 1159 364 1223 Thepresent
420 1149 593 1214 Postremo
610 1170 663 1214 res
683 1149 904 1233 geometricae
922 1149 1018 1214 nobis
1038 1150 1219 1214 ostendunt
1238 1167 1372 1213 causam
1393 1147 1530 1212 unitatis

208 1231 327 1354 ffiesst’
376 1253 409 1316 in
439 1263 600 1337 tempore,
626 1263 659 1318 et
689 1252 1010 1318 demonstrationem
1040 1254 1167 1318 addunt
1194 1273 1294 1337 super
1318 1252 1392 1319 hoc.
1437 1252 1527 1316 Nam

207 1356 285 1420 point,
298 1370 354 1418 may
376 1377 495 1441 corpus
510 1358 588 1441 quia
604 1357 705 1422 habet
721 1358 867 1442 undique
882 1357 1133 1434 dimensionem,
1148 1358 1225 1436 ideo
1240 1377 1306 1422 non
1326 1358 1530 1439 compatitur

208 1420 359 1551 {323⁵de
375 1481 488 1526 secum
511 1461 599 1526 aliud
624 1481 764 1544 corpus:
795 1462 918 1544 ubique
941 1463 1028 1526 enim
1051 1461 1154 1526 habet
1176 1481 1307 1545 corpus,
1328 1463 1417 1526 unde
1437 1461 1528 1524 aliud

207 1551 352 1669 ffffiffs
375 1564 534 1629 excludat
559 1567 740 1630 secundum
766 1563 904 1648 longum
930 1575 964 1630 et
988 1566 1095 1630 latum
1120 1576 1154 1630 et
1178 1567 1389 1649 profundum.
1437 1565 1528 1648 Ergo

317 1654 324 1668 ’
375 1669 564 1754 superficies
581 1671 763 1735 secundum
777 1668 914 1754 longum
935 1680 969 1735 et
989 1669 1095 1734 latum
1116 1671 1273 1734 excludet
1293 1670 1392 1734 aliam
1413 1689 1528 1753 super·

375 1772 492 1849 ficiem,
508 1775 567 1839 sed
586 1793 652 1838 non
673 1775 855 1839 secundum
871 1774 1082 1857 profundum,
1098 1775 1176 1856 quia
1190 1775 1237 1837 sic
1253 1783 1303 1839 est
1319 1773 1529 1838 indivisibilis

375 1887 409 1943 et
436 1887 526 1943 caret
553 1877 768 1942 dimensione.
814 1879 861 1942 Et
891 1879 977 1942 linea
1003 1879 1186 1943 secundum
1213 1877 1350 1962 longum
1378 1878 1529 1943 excludit

375 1982 485 2061 aliam,
503 1983 563 2047 sed
586 2002 652 2046 non
676 1984 859 2047 secundum
881 1981 987 2046 latum
1011 1992 1044 2047 et
1066 1982 1269 2066 profundum
1290 1983 1370 2065 quia
1391 1981 1439 2046 sic
1461 2001 1529 2045 non

374 2087 477 2152 habet
492 2087 743 2152 dimensionem.
791 2085 883 2172 Ergo
905 2095 1048 2171 punctus
1067 2105 1145 2150 cum
1165 2087 1257 2152 omni
1273 2097 1384 2152 careat
1399 2088 1528 2151 dimen-

374 2193 475 2268 sione,
490 2211 556 2256 non
579 2191 680 2256 habet
703 2193 791 2256 unde
812 2190 971 2255 excludat
991 2191 1082 2256 aliud
1103 2211 1124 2254 a
1143 2211 1204 2255 suo
1224 2191 1299 2255 loco
1321 2188 1529 2267 indivisibili3

373 2296 432 2360 sed
454 2295 636 2379 imaginato
657 2296 765 2379 primo
786 2304 912 2378 puncto
931 2297 964 2358 in
985 2315 1045 2358 suo
1063 2294 1139 2360 loco
1161 2297 1326 2360 secundus
1348 2297 1528 2360 adveniens

373 2400 511 2464 habebit
526 2400 669 2464 eundem
681 2399 793 2464 locum
811 2399 844 2463 in
861 2410 978 2472 mente,
992 2399 1150 2481 quianon
1165 2408 1216 2464 est
1232 2400 1390 2464 distantia
1406 2399 1529 2477 media,

374 2514 408 2568 et
423 2505 470 2569 sic
485 2506 526 2569 de
541 2505 640 2569 tertio
655 2513 790 2589 puncto,
805 2513 839 2567 et
862 2504 905 2569 de
928 2501 1071 2567 infinitis.
1117 2503 1232 2567 Motus
1248 2524 1328 2568 vero
1343 2524 1410 2569 non
1425 2503 1528 2567 habet
1549 2577 1555 2584 ι

374 2609 437 2673 nisi
449 2609 610 2673 linearum
620 2608 861 2673 dimensionem
874 2629 894 2670 a
905 2608 1005 2691 priori
1016 2608 1048 2670 in
1057 2608 1220 2692 posterius
1229 2609 1410 2672 secundum
1421 2607 1528 2691 longi·

373 2716 524 2779 tudinem
539 2715 647 2797 spatii,
661 2723 695 2778 et
707 2714 771 2777 hoc
786 2722 837 2777 est
852 2734 871 2776 a
889 2714 1067 2797 praeterito
1079 2714 1112 2776 in
1125 2713 1280 2778 futurum.
1312 2714 1404 2797 Ergo
1418 2712 1527 2777 solum

373 2818 555 2883 secundum
572 2818 660 2880 hunc
680 2819 863 2891 decursum,
881 2817 1006 2882 scilicet
1025 2838 1046 2880 a
1066 2818 1165 2900 priori
1187 2819 1220 2881 in
1240 2819 1413 2900 posterius,
1427 2837 1485 2881 seu
1506 2839 1528 2881 a

373 2922 550 3006 praeterito
563 2922 596 2984 in
610 2921 768 2998 futurum,
779 2942 862 2985 unus
879 2931 989 2985 motus
1005 2920 1161 2986 excludet
1175 2921 1288 3002 alium,
1298 2921 1422 2985 scilicet
1437 2921 1528 3003 prior

372 3026 601 3110 posteriorem,
612 3036 646 3090 et
657 3026 872 3108 praeteritum
885 3025 1042 3090 excludet
1052 3027 1209 3089 loturum.
1241 3026 1310 3091 Sed
1322 3025 1527 3110 comparatio

373 3140 483 3195 motus
514 3130 558 3194 ad
592 3150 749 3212 praesens
780 3138 830 3193 est
859 3129 925 3193 alia
954 3150 1056 3212 quam
1087 3132 1269 3195 secundum
1299 3132 1475 3194 decursum
1504 3150 1526 3193 a

372 3234 551 3319 praeterito
566 3234 600 3299 in
615 3234 774 3299 futurum.
815 3233 905 3319 Ergo
920 3244 1070 3317 respectu
1087 3236 1270 3319 praesentis
1288 3234 1397 3299 nullus
1413 3245 1525 3299 motus

372 3340 471 3405 habet
496 3340 737 3405 dimensionem
764 3359 825 3404 nec
846 3338 1117 3418 divisibilitatem,
1132 3348 1166 3404 et
1191 3341 1267 3405 ideo
1294 3361 1360 3405 non
1385 3339 1525 3404 habebit

372 3447 460 3510 unde
485 3444 644 3510 excludat
670 3444 770 3507 alium
799 3463 819 3506 a
845 3444 1021 3527 praesenti.
1066 3444 1113 3508 Et
1138 3445 1214 3509 ideo
1240 3443 1386 3508 infinitos
1411 3463 1524 3508 secum

371 3560 482 3633 potest
497 3551 569 3633 pati
587 3559 795 3632 praesentes;
819 3557 853 3612 et
872 3548 948 3611 ideo
968 3568 1070 3613 unum
1087 3557 1219 3631 tempus
1234 3569 1390 3633 praesens
1405 3548 1525 3612 sufficit

371 3655 525 3718 omnibus
555 3653 702 3716 motibus
733 3654 970 3736 praesentibus,
995 3662 1029 3715 et
1055 3663 1191 3736 propter
1214 3653 1278 3718 hoc
1303 3652 1445 3717 habetur
1470 3652 1525 3716 hic

370 3778 449 3822 vera
460 3777 559 3821 causa
572 3758 709 3821 unitatis
721 3758 890 3838 temporis,
906 3766 940 3821 et
952 3777 1017 3820 non
1029 3766 1164 3841 propter
1179 3758 1362 3822 materiam.
1394 3757 1525 3821 Deinde

372 3882 415 3926 ex
441 3861 512 3925 istis
535 3859 610 3926 elici
632 3869 744 3943 potest
769 3862 878 3924 unitas
901 3881 979 3925 vera
1002 3862 1086 3937 aevi,
1106 3862 1191 3925 sicut
1217 3862 1387 3945 temporis.
1433 3861 1525 3925 Nam

371 3985 491 4028 aevum
514 3964 567 4027 vel
592 3965 700 4028 solum
724 3963 825 4029 habet
851 3966 1091 4048 dimensionem
1116 3965 1285 4045 linearum,
1305 3967 1335 4029 si
1359 3985 1526 4050 ponamus

370 4089 489 4134 aevum
520 4088 593 4132 esse
618 4068 780 4133 divisibile
806 4080 840 4134 et
866 4069 991 4134 habere
1016 4079 1137 4153 partes,
1160 4081 1197 4134 ut
1223 4070 1319 4135 multi
1345 4071 1526 4135 aestimant

371 4184 486 4239 contra
508 4183 616 4240 totam
639 4172 869 4257 philosophiae
892 4183 1104 4257 potestatem,
1127 4185 1227 4257 atque
1248 4185 1364 4239 contra
1385 4173 1525 4257 Augus-

370 4280 476 4344 tinum
499 4289 533 4344 et
557 4279 768 4361 Dionysium,
791 4298 981 4362 quanquam
1004 4278 1187 4344 Anselmus
1210 4279 1289 4344 velit
1311 4280 1526 4348 contrarium.

371 4385 417 4448 Et
438 4384 466 4447 si
488 4383 552 4452 hoc
574 4383 616 4447 sit
631 4403 754 4459 verum,
770 4380 871 4447 tunc¹
886 4383 935 4446 sic
949 4394 1000 4449 est
1021 4383 1065 4448 de
1086 4404 1169 4448 aevo
1191 4384 1277 4449 sicut
1299 4385 1343 4448 de
1364 4394 1527 4466 tempore,

369 4497 506 4573 propter
520 4488 610 4571 quod
626 4490 686 4551 erit
708 4508 811 4550 unum
835 4496 869 4551 et
891 4506 959 4551 non
978 4487 1083 4571 plura.
1126 4488 1201 4551 Aut
1221 4508 1339 4552 aevum
1360 4488 1423 4552 erit
1440 4487 1527 4551 indi·

369 4592 508 4667 visibile,
529 4602 562 4657 et
584 4601 665 4656 tunc
687 4590 749 4655 erit
771 4591 813 4654 ad
837 4590 1013 4671 aevitema,
1027 4593 1112 4657 sicut
1133 4592 1227 4657 locus
1249 4590 1458 4657 indivisibilis
1480 4593 1526 4656 ad

862 4728 870 4758 ¹
889 4744 945 4789 nec,
959 4728 983 4790 J.
