3575 5375
368 627 429 689 218
591 629 748 689 OPERIS
771 628 959 698 MAJORIS
982 627 1098 688 PARS
1122 628 1306 701 QUARTA.

368 794 509 856 eandem
524 792 711 856 essentiam.
758 790 927 874 Quoniam
945 791 1033 855 idem
1048 791 1194 874 spatium
1206 812 1344 856 numero
1360 799 1394 855 et
1409 800 1518 854 totum

367 897 457 980 capit
481 894 620 978 quilibet
649 897 693 961 de
718 895 849 980 angulis
874 894 1041 978 trianguli,
1070 907 1106 960 ut
1132 905 1226 979 patet
1252 896 1294 960 ad
1319 915 1464 972 sensum,
1486 904 1520 957 et

369 1009 480 1064 tamen
501 1001 662 1065 veraciter
687 1009 767 1063 sunt
792 999 906 1081 anguli
937 1000 1094 1074 distincti,
1116 1001 1208 1083 quod
1234 1011 1285 1065 est
1311 999 1463 1064 mirabile
1485 999 1518 1060 in

367 1114 526 1181 creatura,
542 1125 602 1170 nec
617 1105 697 1168 alibi
713 1104 874 1188 reperitur
890 1105 951 1166 nisi
974 1103 1007 1167 in
1027 1124 1159 1169 summa
1179 1105 1335 1169 trinitate.
1382 1102 1519 1167 Etcum

367 1228 466 1290 super
479 1212 595 1274 datam
612 1209 732 1273 lineam
750 1229 884 1273 necesse
904 1218 955 1273 est
970 1207 1171 1291 triangulum
1192 1208 1432 1291 aequilaterum
1451 1206 1520 1269 col-

366 1312 484 1392 locare,
512 1324 549 1378 ut
574 1315 682 1398 prima
710 1313 896 1397 propositio
923 1312 1074 1377 Euclidis
1097 1314 1284 1388 denunciat,
1306 1312 1386 1394 quid
1413 1311 1521 1393 magis

367 1419 498 1501 proprie
528 1428 639 1500 potest
676 1418 799 1481 assumi
827 1428 864 1483 ut
894 1417 1121 1502 intelligamus
1150 1419 1241 1500 quod
1271 1418 1351 1481 data
1379 1436 1522 1500 persona

368 1522 432 1584 Dei
468 1523 571 1604 patris
609 1542 741 1586 necesse
775 1532 826 1586 est
863 1522 1044 1587 trinitatem
1081 1541 1296 1606 personarum
1330 1515 1549 1603 aequalium'

367 1625 540 1689 exhiberi?

198 1737 327 1803 symbolic
414 1729 508 1794 Haec
522 1739 557 1794 et
571 1729 763 1813 hujusmodi
778 1731 884 1795 multa
899 1741 1037 1813 possunt
1053 1751 1098 1795 ex
1111 1730 1323 1815 geometricis
1335 1731 1377 1795 ad
1389 1731 1520 1812 sapien·

199 1805 310 1920 ζζζῗῃζῖ
367 1833 448 1898 tiam
478 1833 655 1898 salutarem
688 1835 841 1916 pertrahi,
868 1845 903 1899 et
933 1837 1082 1900 maxime
1108 1838 1150 1900 de
1181 1837 1311 1900 decimo
1342 1835 1435 1909 libro,
1462 1833 1520 1898 ubi

198 1937 326 2052 fflrionu
367 1937 575 2003 rationalitas
598 1948 632 2003 et
654 1939 914 2003 communicatio
939 1941 1165 2022 quantitatum
1189 1939 1383 2004 declaretur.
1429 1938 1519 2002 Nam

198 2069 320 2118 numbers
368 2041 450 2107 haec
465 2052 499 2107 et
519 2043 562 2105 ad
578 2042 687 2106 divina
708 2051 742 2106 et
760 2045 803 2107 ad
819 2043 980 2106 virtutum
997 2043 1212 2127 figurationes
1230 2064 1306 2107 cum
1327 2042 1520 2106 exclusione

367 2146 523 2212 vitiorum
550 2146 675 2210 utiliter
697 2155 730 2211 et
753 2146 921 2229 praeclare
943 2157 1082 2229 possunt
1104 2148 1266 2230 adaptari.
1314 2146 1402 2210 Nam
1426 2147 1520 2229 quic·

366 2250 447 2333 quid
484 2251 528 2314 de
560 2251 811 2315 rationabilibus
844 2252 1086 2334 quantitatibus
1115 2251 1302 2315 continetur
1331 2251 1377 2314 ibi
1407 2259 1521 2332 potest

367 2354 504 2436 pulchre
535 2363 568 2417 et
598 2355 732 2438 proprie
760 2356 802 2418 ad
829 2355 934 2420 vitam
964 2355 1204 2432 rationabilem,
1226 2375 1313 2438 quae
1342 2355 1376 2417 in
1398 2355 1521 2417 virtute

368 2457 529 2531 consistit,
544 2456 638 2521 facile
653 2458 856 2540 pertractari.
898 2459 944 2523 Et
959 2460 1048 2541 quod
1065 2459 1107 2522 de
1122 2458 1403 2524 irrationabilibus
1417 2477 1520 2539 quan·

367 2561 517 2624 titatibus
529 2562 708 2645 exponitur
720 2572 830 2642 potest
842 2563 989 2627 moribus
1000 2561 1275 2627 irrationabilibus
1285 2571 1320 2626 et
1328 2560 1521 2626 bestialibus

368 2673 578 2747 peccatorum
595 2665 800 2731 conformari.
847 2665 1015 2749 Quicquid
1033 2668 1133 2732 etiam
1154 2668 1198 2732 de
1218 2666 1521 2733 communicatione

367 2769 589 2852 quantitatum
606 2770 725 2833 dicitur
735 2780 848 2852 potest
858 2772 1093 2836 convenienter
1102 2772 1187 2836 trahi
1197 2773 1241 2836 ad
1253 2781 1349 2836 actus
1364 2771 1520 2835 caritatis.

368 2872 415 2936 Et
447 2873 538 2954 quod
573 2874 615 2937 de
653 2874 987 2939 incommunicatione
1025 2876 1227 2958 proponitur,
1257 2875 1300 2938 ad
1337 2876 1450 2939 odium
1485 2884 1522 2938 et

367 2976 563 3040 divisionem
580 2962 766 3042 animorum
782 2980 929 3044 noscitur
946 2983 1118 3064 pertinere.
1164 2978 1231 3044 Sed
1250 2979 1435 3063 longiorem
1454 2999 1521 3042 ser-

198 3086 257 3135 And
270 3085 300 3135 of
368 3100 500 3144 monem
517 3081 598 3146 haec
615 3083 792 3165 requirunt
833 3083 886 3147 De
901 3084 1029 3148 cautela
1041 3105 1119 3147 vero
1131 3092 1342 3167 peccatorum
1359 3102 1520 3166 magnum

196 3167 352 3281 ssffl'ffiy,
367 3184 567 3267 adjutorium
584 3197 634 3250 est
651 3208 709 3269 per
724 3188 1019 3253 considerationem
1034 3188 1224 3270 hujusmodi
1242 3188 1522 3271 geometricarum

368 3289 689 3374 multiplicationum.
734 3292 824 3355 Nam
851 3313 927 3358 cum
952 3314 1004 3356 res
1032 3292 1247 3359 delectabiles
1277 3292 1374 3374 hujus
1405 3294 1521 3356 mundi

366 3395 431 3459 sint
454 3397 549 3460 nobis
571 3396 655 3460 sicut
679 3397 872 3481 muscipula,
891 3398 1010 3479 quibus
1029 3399 1201 3479 capiamur
1218 3397 1261 3461 ad
1283 3407 1467 3481 peccatum,
1482 3407 1522 3461 ut

368 3500 400 3561 in
416 3497 499 3562 libro
516 3499 707 3583 Sapientiae
722 3502 894 3579 scribitur3
917 3511 952 3565 et
966 3503 1051 3566 sicut
1066 3513 1116 3565 est
1131 3502 1165 3564 in
1184 3502 1285 3565 hamo
1305 3500 1438 3577 diaboli,
1453 3521 1522 3583 qua

367 3603 620 3686 strangulemur,
645 3605 704 3667 nisi
733 3616 893 3688 quantum
917 3606 1011 3669 Deus
1033 3607 1189 3689 dignatur
1210 3627 1270 3669 nos
1290 3605 1467 3680 custodire,
1486 3616 1521 3669 et

367 3726 485 3771 sensus
498 3708 600 3771 nostri
615 3728 716 3789 super
734 3729 786 3772 res
807 3709 1021 3773 delectabiles
1043 3711 1144 3774 delati
1166 3711 1319 3773 nuntiant
1340 3708 1520 3775 intellectui

367 3810 574 3874 occasionem
592 3813 741 3893 peccati;
764 3813 907 3895 primum
923 3825 957 3878 et
973 3813 1154 3897 principale
1175 3814 1358 3877 remedium
1379 3815 1470 3896 quod
1486 3814 1520 3876 in

367 3916 501 3979 homine
517 3916 559 3979 sit
576 3926 626 3979 est
642 3926 678 3980 ut
694 3917 727 3980 in
742 3919 889 4002 quinque
906 3939 1020 3983 sensus
1035 3940 1113 3983 suos
1134 3920 1260 4003 species
1280 3939 1389 3982 rerum
1411 3920 1521 3986 delec-

367 4019 529 4099 tabilium,
553 4031 590 4087 ut
617 4020 799 4101 mulierum,
822 4033 856 4088 et
878 4023 1036 4101 ciborum,
1058 4034 1092 4088 et
1122 4025 1321 4103 divitiarum,
1342 4024 1377 4087 in
1399 4024 1521 4105 quibus

366 4124 514 4189 humana
557 4126 722 4210 cupiditas
759 4137 890 4193 aestuat
928 4138 962 4192 et
998 4128 1138 4192 ambitio
1175 4129 1317 4211 superba
1350 4128 1521 4211 gloriatur,

366 4250 431 4294 non
459 4230 596 4314 recipiat
623 4232 804 4295 secundum
833 4231 1141 4316 multiplicationem
1171 4234 1406 4316 principalem3
1441 4252 1520 4297 nam

365 4334 579 4399 accidentalis
594 4336 715 4400 sufficit
730 4336 856 4400 homini
872 4339 915 4400 ad
931 4338 1191 4415 damnationem,
1206 4338 1342 4419 quando
1362 4337 1521 4419 recipitur

365 4438 460 4504 avide
475 4447 508 4503 et
524 4440 740 4504 abundanter.
786 4440 853 4505 Sed
871 4442 976 4523 magis
991 4441 1100 4506 adhuc
1118 4445 1267 4506 cavenda
1287 4452 1337 4506 est
1360 4441 1521 4523 multipli-

365 4544 454 4607 catio
469 4555 559 4608 recta
574 4543 736 4608 sensibilis
751 4565 853 4627 quam
869 4544 972 4609 lracta
987 4545 1040 4609 vel
1056 4546 1188 4623 reflexa,
1197 4555 1335 4629 propter
1351 4545 1520 4609 fortiorem

365 4647 530 4712 actionem
547 4648 637 4731 prius
651 4649 852 4733 expositam.
898 4649 1050 4714 Maxime
1065 4670 1152 4729 vero,
1168 4671 1210 4716 ne
1230 4650 1356 4735 species
1374 4649 1519 4715 delecta·
