3575 5375
354 620 414 681 272
578 603 734 662 OPERIS
758 601 947 672 MAJORIS
970 601 1087 660 PARS
1111 597 1296 674 QUARTA.

355 764 389 828 in
412 764 467 828 die
489 762 657 828 dominica
680 761 738 826 fiat
764 761 886 826 festum
913 760 1003 826 istud
1025 761 1115 844 apud
1139 758 1357 837 Christianos,
1375 768 1410 822 et
1432 756 1510 821 ideo

356 889 423 932 non
452 887 630 950 possumus
656 865 823 930 celebrare
849 864 978 929 Pascha
1003 866 1060 928 xiv
1085 864 1173 945 luna,
1199 865 1317 930 sedin
1343 864 1510 929 dominica

356 982 524 1054 sequente.
571 971 617 1036 Et
639 978 820 1054 posuemnt
842 970 933 1053 quod
956 969 1102 1052 primum
1125 969 1252 1034 Pascha
1274 969 1319 1034 sit
1341 969 1377 1032 xi
1399 969 1510 1034 calen-

356 1078 417 1140 das
446 1074 576 1158 Aprilis
612 1085 649 1138 ut
687 1072 778 1138 nullo
808 1074 910 1137 modo
944 1074 988 1138 sit
1024 1084 1113 1148 ante,
1144 1084 1282 1159 propter
1317 1073 1381 1140 hoc
1417 1074 1508 1158 quod

356 1180 602 1264 aequinoctium
630 1179 787 1244 dixemnt
810 1177 866 1260 figi
893 1179 927 1241 in
952 1179 1000 1242 xii
1026 1178 1182 1244 calendas
1209 1179 1265 1242 ubi
1291 1178 1370 1244 luna
1395 1188 1510 1263 potest

354 1284 531 1368 aliquando
558 1304 630 1348 esse
652 1283 720 1346 xiv.
765 1283 855 1345 Nam
878 1283 963 1345 sicut
985 1283 1064 1348 dicit
1087 1283 1180 1347 Beda
1202 1282 1236 1346 in
1257 1294 1417 1366 computo
1440 1303 1510 1363 suo,

355 1388 494 1454 ecclesia
509 1408 575 1451 non
590 1386 694 1452 utitur
712 1387 770 1450 xiv
785 1385 864 1449 luna
884 1407 969 1469 quae
991 1387 1159 1468 praecedit
1179 1388 1436 1469 aequinoctium,
1451 1387 1510 1451 sed

356 1514 442 1575 quae
460 1500 511 1557 est
531 1492 563 1555 in
583 1491 800 1574 aequinoctio,
816 1489 870 1553 vel
892 1501 969 1572 post
993 1490 1121 1573 ipsum;
1145 1500 1178 1555 et
1202 1490 1311 1574 ipsum
1334 1492 1511 1574 aequinoc-

356 1597 451 1670 tium,
481 1605 517 1660 ut
547 1595 636 1674 dicit,
659 1601 710 1658 est
740 1593 787 1658 xii
817 1593 974 1659 calendas
990 1585 1140 1678 Aprilis,
1167 1606 1202 1660 et
1231 1595 1277 1659 ibi
1305 1606 1356 1660 est
1384 1596 1510 1679 primus

357 1701 517 1766 terminus
535 1698 689 1778 Paschae,
701 1698 785 1762 sicut
800 1718 917 1763 omnes
931 1701 1156 1782 computistae
1167 1702 1295 1778 sciunt;
1317 1701 1408 1784 quod
1423 1700 1451 1763 si
1466 1701 1510 1765 sit

358 1806 391 1868 in
413 1803 467 1868 die
486 1802 626 1878 sabbati,
642 1812 720 1866 tunc
742 1802 774 1865 in
798 1803 942 1867 crastino
965 1813 1078 1885 potest
1099 1825 1172 1869 esse
1196 1805 1324 1870 Pascha
1341 1805 1419 1887 quia
1437 1807 1510 1870 dies

357 1908 545 1973 dominicus
561 1917 620 1973 est.
660 1907 706 1970 Et
723 1907 798 1972 ideo
813 1918 950 1990 propter
965 1908 1128 1973 rationem
1142 1909 1341 1991 aequinoctii
1353 1908 1458 1972 fixam
1472 1910 1506 1973 in

358 2014 407 2077 xii
430 2012 586 2078 calendas
603 2011 740 2094 Aprilis,
756 2011 838 2076 dicit
857 2011 996 2077 ecclesia
1017 2015 1108 2096 quod
1133 2013 1283 2078 infimum
1307 2013 1435 2078 Pascha
1459 2025 1511 2080 est

359 2118 392 2181 in
406 2137 443 2181 x1
435 2116 614 2182 calendas
628 2116 767 2199 Aprilis.

187 2229 347 2279 Theseoccur
403 2221 471 2288 Sed
505 2221 657 2305 quamvis
684 2241 765 2285 usus
795 2221 954 2286 ecclesiae
983 2223 1090 2287 tenuit
1126 2224 1160 2287 in
1197 2223 1359 2307 principio
1376 2223 1491 2306 aequi-

187 2295 345 2410 ξηᾚῗὼῃ
359 2327 507 2392 noctium
530 2347 601 2390 esse
623 2324 680 2389 viii
703 2324 858 2390 calendas
880 2335 914 2390 et
930 2337 1048 2408 postea
1068 2328 1220 2399 mutavit,
1235 2337 1269 2393 et
1289 2338 1403 2393 teneat
1423 2346 1510 2390 nunc

188 2425 307 2543 ffffifflt
358 2431 606 2514 aequinoctium
646 2429 751 2494 fixum
788 2429 837 2493 xii
872 2430 1030 2496 calendas
1059 2431 1196 2514 Aprilis,
1228 2442 1343 2498 tamen
1380 2442 1509 2496 certum

190 2509 232 2608 die
243 2507 296 2608 ‘1222
306 2558 335 2608 or
359 2545 409 2600 est
447 2537 537 2618 quod
575 2535 820 2617 aequinoctium
853 2534 943 2599 istud
981 2555 1048 2600 uon
1083 2546 1135 2602 est
1168 2537 1201 2600 in
1235 2536 1318 2601 locis
1352 2535 1424 2612 illis,
1449 2535 1508 2600 sed

190 2623 368 2689 ΜΨ
295 2661 426 2741 eiam
450 2639 630 2705 ascendit
621 2659 655 2703 m
678 2636 866 2705 calendario
889 2639 988 2723 longe
1020 2641 1065 2705 ab
1095 2640 1145 2706 his
1173 2640 1329 2716 locis‚et
1359 2639 1510 2705 similiter

192 2704 499 2810 1’ωδτςέοΙεῒίιῐα
528 2754 562 2808 et
592 2744 755 2825 reliquum
786 2744 1043 2827 aequinoctium.
1103 2747 1193 2809 Nam
1224 2746 1288 2811 hoc
1323 2765 1412 2809 anno
1449 2745 1510 2809 luit

360 2849 540 2914 solstitium
559 2847 715 2930 hyemale
735 2848 846 2913 idibus
863 2848 1059 2913 Decembris
1073 2870 1133 2933 per
1148 2850 1325 2915 duodecim
1343 2851 1416 2914 dies
1432 2858 1512 2914 aute

359 2954 567 3019 nativitatem
589 2953 736 3032 Domini,
761 2964 797 3019 et
819 2954 1067 3037 aequinoctium
1086 2955 1218 3021 vernale
1240 2956 1274 3019 iii
1293 2957 1367 3020 idus
1388 2954 1511 3030 Martii,

361 3070 395 3124 et
432 3058 611 3125 solstitium
644 3059 801 3123 aestivale
835 3070 887 3124 est
923 3059 992 3123 xvii
1024 3058 1178 3124 calendas
1211 3058 1300 3142 Julii,
1329 3070 1364 3125 et
1398 3058 1511 3142 aequi·

360 3164 509 3230 noctium
534 3163 725 3229 autumnale
751 3162 810 3227 xvi
838 3163 994 3227 calendas
1019 3162 1188 3229 Octobris
1234 3164 1281 3228 Et
1312 3164 1378 3229 hoc
1400 3171 1512 3247 potest

359 3290 426 3334 non
463 3268 570 3333 solum
600 3279 811 3333 astronomus
847 3266 1037 3343 certificare,
1064 3268 1124 3333 sed
1161 3268 1301 3352 quilibet
1336 3267 1440 3332 laicus
1467 3268 1512 3333 ad

359 3373 492 3439 oculum
515 3372 701 3457 perspicere
723 3392 782 3455 per
803 3392 917 3436 casum
938 3372 1021 3436 radii
1042 3371 1169 3445 solaris,
1184 3391 1271 3437 nunc
1293 3370 1401 3450 altius,
1423 3390 1512 3435 nunc

360 3478 493 3542 inferius
508 3478 551 3541 ad
567 3477 728 3561 parietem
744 3476 796 3541 vel
812 3476 916 3553 aliud,
931 3478 1113 3540 secundum
1133 3479 1224 3560 quod
1240 3476 1379 3559 quilibet
1399 3484 1512 3558 potest

360 3594 484 3645 notare.
530 3581 577 3645 Et
593 3581 808 3646 mutabuntur
821 3580 864 3645 ab
880 3581 931 3644 his
948 3580 1030 3645 locis
1052 3581 1086 3644 in
1107 3580 1313 3663 temporibus
1334 3578 1511 3645 succeden-

360 3686 459 3763 tibus
481 3684 559 3768 quia
588 3694 664 3768 post
693 3704 799 3749 annos
826 3684 956 3749 circiter
978 3684 1065 3762 xciv,
1095 3684 1220 3749 scilicet
1243 3705 1332 3750 anno
1362 3685 1512 3750 Domino

362 3788 514 3863 mccclxi,
537 3788 600 3853 erit
629 3788 809 3853 solstitium
840 3788 998 3870 hyemale
1026 3789 1132 3870 pridie
1159 3789 1232 3853 idus
1256 3789 1453 3854 Decembris
1477 3796 1512 3852 et

362 3892 609 3976 aequinoctium
631 3892 765 3957 vernale
787 3892 820 3955 iv
837 3893 912 3957 idus
938 3893 1062 3972 Martii,
1088 3901 1122 3957 et
1143 3892 1325 3959 solstitium
1354 3892 1513 3959 aestivale

360 3997 442 4061 xviii
470 3996 626 4061 calendas
646 3995 735 4077 Julii,
757 4007 791 4061 et
817 3997 1063 4080 aequinoctium
1088 3997 1280 4062 autumnale
1305 3998 1375 4061 xvii
1404 3996 1512 4061 calen-

361 4104 422 4167 das
440 4100 607 4179 Octobris,
623 4100 747 4165 scilicet
769 4102 943 4185 quodlibet
963 4122 1078 4166 eorum
1102 4122 1161 4185 per
1182 4122 1285 4166 unum
1307 4102 1396 4165 diem
1419 4112 1513 4165 ante·

360 4227 461 4292 quarn
491 4205 535 4270 sit
562 4206 672 4270 modo.
730 4205 818 4271 Nam
848 4216 926 4290 post
951 4226 1056 4270 annos
1081 4206 1212 4271 circiter
1241 4228 1335 4271 cxxv
1362 4206 1513 4271 ascendit

361 4331 421 4395 per
458 4330 559 4375 unum
597 4309 696 4373 diem.
752 4310 799 4374 Et
834 4310 899 4373 hoc
937 4309 1059 4375 accidit
1091 4330 1136 4374 ex
1169 4330 1279 4375 errore
1316 4311 1513 4393 quantitatis

361 4416 450 4495 anni,
471 4415 549 4499 quia
571 4413 620 4479 sol
647 4414 777 4478 circiter
801 4423 933 4478 tantum
958 4424 1093 4497 tempus
1119 4414 1233 4479 deficit
1259 4416 1302 4479 de
1327 4416 1514 4497 quantitate

362 4519 449 4596 anni,
471 4539 537 4603 quo
561 4517 664 4583 utitur
686 4518 919 4595 calendarium,
941 4539 1000 4603 per
1022 4538 1124 4582 unum
1148 4518 1246 4584 diem.
1293 4518 1340 4583 Et
1369 4519 1432 4582 hoc
1462 4528 1514 4581 est

363 4623 453 4706 quod
480 4622 556 4706 plus
582 4625 763 4689 concordat
789 4643 866 4686 cum
891 4624 988 4687 annis
1015 4644 1099 4706 quos
1125 4632 1359 4708 computamus
1383 4623 1427 4687 ab
1456 4622 1512 4686 In·
