3575 5375
191 2345 325 2409 Tempera-

192 2419 245 2461 ture
257 2408 337 2458 modi·

192 2475 239 2526 fied
251 2475 284 2538 by

192 2539 321 2592 mountain

192 2623 289 2672 tanges

354 611 411 674 134
563 594 719 654 OPERIS
743 593 932 664 MAJORIS
956 592 1071 651 PARS
1095 590 1279 665 Qunam.

355 758 505 822 Horizon
535 777 660 822 eorum.
706 755 774 822 Sed
804 777 824 821 a
852 758 948 821 nobis
978 757 1102 822 recedit
1131 756 1181 822 sol
1212 777 1271 840 per
1299 755 1504 840 duplicatam

353 861 619 940 declinationem,
630 861 753 927 scilicet
768 861 834 924 lere
850 881 911 943 per
924 860 967 938 48
979 863 1112 943 gradus.
1148 861 1240 944 Ergo
1254 882 1299 924 ex
1315 861 1505 943 hujusmodi

353 966 674 1051 appropinquatione
707 966 980 1048 augmentabitur
1020 965 1120 1030 calor.
1174 965 1389 1049 Quapropter
1425 985 1505 1028 con·

353 1069 497 1136 cluditur
512 1071 693 1134 secundum
709 1069 893 1142 veritatem,
909 1070 1000 1151 quod
1022 1069 1095 1134 loca
1114 1081 1192 1133 sunt
1212 1069 1256 1132 ibi
1277 1069 1506 1134 inhabitabilia

355 1184 491 1258 propter
505 1174 659 1238 calorem.
694 1172 762 1237 Sed
776 1193 852 1236 cum
867 1173 990 1237 Plinius
1003 1173 1036 1236 in
1052 1173 1256 1237 naturalibus
1270 1185 1305 1237 et
1321 1173 1507 1238 Martianus

354 1279 386 1341 in
403 1278 624 1361 descriptione
642 1277 813 1361 regionum
836 1278 951 1340 mundi
967 1279 1160 1341 invenerunt
1182 1297 1241 1360 per
1263 1277 1505 1361 experientiam

354 1391 489 1458 certam,
504 1385 594 1465 quod
616 1382 764 1466 regiones
786 1381 850 1445 sub
872 1382 958 1465 polis
979 1393 1056 1446 sunt
1073 1382 1368 1466 temperatissimae
1387 1382 1419 1445 in
1441 1382 1508 1446 hoc

356 1487 490 1564 mundo,
508 1486 593 1550 sicut
616 1487 677 1570 ipsi
701 1487 826 1564 dicunt,
844 1496 878 1550 et
900 1486 1047 1569 allegant
1070 1485 1308 1570 experientiam
1332 1486 1506 1549 hominum

355 1590 412 1672 qui
436 1589 480 1653 ibi
504 1589 645 1668 luerunt,
667 1609 733 1654 non
757 1610 932 1674 possumus
955 1610 1076 1673 negare
1098 1591 1178 1672 quin
1201 1590 1245 1652 ibi
1268 1590 1334 1653 sint
1355 1591 1509 1672 regiones

356 1693 651 1777 temperatissimae
666 1715 674 1773 ;
696 1704 731 1758 et
746 1695 819 1777 quis
835 1694 1049 1759 concordabit
1064 1704 1194 1758 tantam
1209 1695 1507 1759 contrarietatem?

358 1797 457 1862 Certe
483 1796 600 1872 nulluS,
629 1799 691 1862 nisi
717 1799 845 1881 optime
873 1799 957 1863 sciat
982 1798 1142 1881 principia
1168 1798 1448 1881 multiplicationis
1475 1807 1511 1864 et

358 1901 498 1966 actionis
524 1903 716 1985 specierum.
778 1903 1029 1968 Persuasionem
1060 1923 1140 1985 ergo
1167 1904 1212 1967 do
1241 1903 1285 1966 ad
1315 1903 1389 1978 hoc,
1418 1903 1510 1985 quod

358 1999 553 2071 naturaliter
564 2009 748 2071 secundum
763 2008 1014 2090 dispositionem
1034 2006 1098 2072 loci
1113 2017 1264 2090 respectu
1282 2007 1365 2072 coeli
1380 2018 1415 2072 et
1433 2008 1511 2071 solis

357 2120 489 2194 oportet
515 2111 605 2193 quod
632 2110 725 2176 locus
752 2113 795 2176 sit
821 2110 1049 2177 inhabitabilis
1078 2121 1216 2195 propter
1245 2109 1366 2193 frigus3
1401 2121 1435 2176 et
1462 2112 1510 2175 sic

358 2223 493 2280 currunt
509 2217 720 2280 auctoritates
735 2216 930 2298 permultae.

404 2318 473 2384 Sed
500 2329 635 2403 propter
660 2319 900 2385 accidentalem
928 2320 1179 2402 dispositionem
1209 2318 1282 2398 loci,
1308 2319 1406 2383 simul
1435 2340 1512 2384 cum

360 2421 524 2507 aliquibus
561 2425 668 2488 causis
705 2424 921 2503 naturalibus,
955 2433 1066 2508 potest
1096 2425 1140 2486 ibi
1172 2424 1283 2507 aliqua
1318 2424 1408 2507 regio
1440 2443 1514 2488 esse

362 2530 547 2604 combusta,
572 2538 605 2592 et
629 2527 740 2613 aliqua
772 2539 968 2612 temperata.
1029 2528 1118 2592 Nam
1142 2540 1278 2612 propter
1301 2530 1447 2593 rationes
1470 2528 1515 2590 de

361 2632 566 2716 longioribus
596 2634 834 2716 pyramidibus,
865 2643 900 2698 et
936 2642 1074 2717 propter
1101 2633 1345 2717 longitudinem
1376 2633 1450 2711 diei,
1480 2642 1515 2696 et

363 2746 497 2821 propter
535 2738 798 2821 magnitudinem
836 2738 1019 2822 crepusculi
1058 2748 1092 2803 et
1126 2758 1274 2815 aurorae,
1306 2747 1341 2803 et
1379 2750 1517 2822 propter

363 2841 436 2917 hoc,
461 2842 553 2922 quod
580 2841 630 2905 sol
655 2862 722 2906 non
749 2843 872 2908 recedit
895 2845 939 2908 ab
969 2843 1017 2907 eis
1044 2843 1104 2906 nisi
1130 2862 1191 2927 per
1224 2842 1408 2907 maximam
1436 2841 1515 2907 solis

363 2943 627 3023 declinationem,
664 2947 691 3009 si
726 2946 948 3030 adjungamus
985 2967 1119 3011 causam
1160 2947 1397 3012 accidentalem
1438 2966 1515 3009 cum

363 3050 424 3126 his,
447 3048 556 3113 forsan
580 3050 781 3115 inveniemus
803 3052 893 3134 quod
918 3051 1118 3133 quaerimus.
1172 3052 1262 3116 Nam
1286 3049 1515 3134 proculdubio,

364 3154 545 3218 secundum
573 3154 663 3238 quod
687 3154 811 3219 Plinius
833 3165 866 3219 et
888 3152 1094 3220 Martianus¹
1113 3167 1147 3221 et
1165 3154 1219 3220 alii
1239 3157 1370 3230 docent,
1385 3164 1517 3218 montes

365 3258 503 3322 maximi
518 3270 595 3323 sunt
610 3261 652 3325 ad
668 3260 769 3324 ubera
785 3259 958 3342 aquilonis,
974 3269 1012 3323 ut
1028 3269 1158 3324 montes
1173 3258 1316 3341 Riphaei
1331 3269 1366 3324 et
1383 3258 1518 3342 Hyper·

363 3362 455 3427 borei
485 3362 609 3441 etalii,
635 3384 777 3448 quorum
805 3364 950 3429 altitudo
976 3366 1137 3427 immensa
1162 3372 1224 3441 est,
1250 3373 1387 3447 propter
1416 3382 1518 3445 quam

363 3479 502 3552 possunt
524 3469 699 3551 prohibere
723 3469 827 3552 frigus
849 3468 1024 3552 aquilonis,
1039 3470 1125 3533 sicut
1147 3469 1268 3533 accidit
1291 3468 1325 3532 in
1348 3469 1518 3533 montibus

366 3572 484 3635 Italiae
500 3574 589 3657 apud
607 3574 679 3637 loca
694 3595 780 3657 quae
796 3584 873 3638 sunt
891 3575 978 3638 inter
993 3572 1097 3638 solem
1114 3583 1147 3637 et
1163 3583 1304 3637 montes.
1350 3572 1397 3638 Et
1417 3573 1517 3636 simul

365 3696 440 3739 cum
467 3676 531 3739 hoc
556 3678 697 3754 additur,
724 3680 815 3760 quod
848 3690 979 3743 montes
1006 3677 1217 3741 inveniuntur
1244 3676 1376 3759 lapidei,
1403 3674 1519 3740 etalii

367 3779 535 3862 coagulati
562 3781 594 3844 in
617 3782 811 3863 crystallum
836 3792 870 3846 et
892 3782 1007 3854 salem,
1031 3783 1116 3845 sicut
1138 3782 1289 3845 videmus
1316 3782 1350 3843 in
1372 3780 1520 3863 pluribus

367 3883 448 3947 locis
475 3884 600 3961 mundi,
623 3886 679 3967 qui
702 3898 835 3951 montes
858 3887 982 3949 habent
1004 3885 1192 3968 superficies
1215 3885 1320 3967 magis
1342 3885 1464 3968 politas
1486 3894 1520 3948 et

367 3987 533 4070 aequales,
556 4000 691 4073 propter
717 3994 808 4072 quod
835 3992 949 4056 abeis
975 4001 1088 4075 potest
1114 3992 1185 4054 heri
1212 3990 1319 4072 major
1344 3997 1378 4054 et
1404 3991 1522 4055 melior

367 4091 506 4159 reflexio
533 4113 633 4176 quam
656 4115 676 4157 a
695 4097 865 4161 montibus
883 4098 1017 4177 asperis.
1064 4094 1152 4157 Nam
1180 4114 1200 4157 a
1223 4092 1395 4177 superficie
1418 4093 1522 4177 polita

367 4242 443 4291 those
450 4240 537 4290 which
549 4258 593 4291 are
606 4252 806 4306 contemporary
814 4244 878 4293 with
889 4244 985 4306 Bacon,
995 4244 1089 4293 Arabic
1102 4244 1231 4293 numerals
1242 4260 1287 4293 are
1296 4244 1429 4307 generally
1440 4245 1521 4305 used;

367 4320 511 4383 invariably
522 4336 552 4371 so
564 4322 655 4371 where
667 4323 711 4371 the
723 4324 845 4372 numbers
855 4338 901 4371 are
912 4322 991 4385 large.

401 4400 410 4429 ¹
427 4400 447 4448 F
448 4415 479 4448 or
495 4399 591 4463 Pliny's
609 4409 718 4451 account
735 4402 765 4450 ol
782 4402 827 4451 the
844 4402 963 4451 enviable
982 4402 1027 4450 life
1048 4402 1078 4450 os
1096 4402 1141 4451 the
1164 4402 1368 4463 Hyperboreans
1387 4416 1434 4450 see
1452 4400 1520 4450 Hr'st.

367 4478 485 4530 Natural.
499 4480 533 4531 iv.
547 4495 584 4531 12.
619 4481 761 4531 Martianus
782 4481 888 4543 Capella
909 4496 965 4530 was
984 4498 999 4530 a
1017 4482 1109 4530 writer
1129 4480 1159 4529 of
1177 4481 1223 4529 the
1243 4480 1301 4527 nnn
1320 4486 1438 4541 century.
1474 4478 1524 4529 His

366 4559 449 4617 work,
458 4561 534 4609 much
542 4560 603 4609 read
615 4560 641 4608 in
654 4561 699 4609 the
712 4559 808 4609 Middle
820 4560 904 4621 Ages,
914 4576 971 4609 was
982 4576 998 4608 a
1009 4559 1136 4609 seientiflc
1148 4557 1350 4621 encyelopaedia
1360 4558 1468 4620 bearing
1478 4558 1523 4607 the

368 4636 471 4687 lancilul
484 4638 547 4703 title,
557 4639 598 4688 De
609 4640 703 4701 nuptiis
710 4638 860 4703 philologiae
872 4644 896 4688 et
905 4639 1025 4688 Mmrm'a'
1033 4638 1062 4688 de
1072 4643 1162 4703 septem
1173 4638 1270 4686 artibus
1281 4636 1428 4687 taratauc.
