3575 5375
675 595 964 657 oaocnnprrm.
1336 611 1396 675 337

244 761 588 846 Quartodecimovero
601 761 753 828 milliario
763 782 875 826 versus
884 759 1141 843 septentrionem
1152 770 1203 824 est
1213 760 1399 834 Bethleem,

243 870 360 932 civitas
374 869 406 932 in
423 889 490 950 qua
506 868 671 932 Dominus
684 877 781 932 natus
792 877 852 931 est.
892 866 938 929 Et
953 867 1133 930 secundum
1152 866 1395 949 Hieronymum

243 983 342 1038 sexto
351 972 534 1037 milliarioa
550 971 723 1037 Bethleem
740 992 854 1035 versus
869 971 1128 1052 septentrionem
1142 970 1395 1052 suitJerusalem

244 1077 343 1162 longe
370 1077 551 1142 clarissima
583 1078 713 1142 urbium
745 1076 888 1152 orientis,
919 1082 955 1137 ut
984 1075 1065 1139 dicit
1092 1074 1217 1139 Plinius
1228 1074 1248 1139 ¹.
1302 1076 1399 1140 Haec

245 1191 355 1244 autem
373 1180 489 1245 civitas
504 1182 605 1245 distat
620 1203 640 1245 a
654 1180 766 1263 Joppe
787 1201 846 1263 per
861 1179 1038 1242 duodecim
1055 1178 1174 1259 leucas,
1189 1189 1224 1243 et
1238 1182 1281 1244 ab
1297 1181 1396 1243 Acon

245 1306 303 1369 per
318 1287 426 1349 dietas
441 1287 566 1350 circiter
581 1296 656 1362 tres,
670 1295 704 1349 et
720 1285 763 1348 ad
780 1282 974 1346 orientalem
993 1283 1127 1366 plagam
1144 1286 1246 1348 distat
1263 1283 1396 1364 Jericho

245 1412 265 1454 a
287 1389 470 1471 Jerusalem
490 1411 549 1473 per
572 1410 692 1453 novem
711 1388 840 1462 leucas3
862 1399 897 1450 et
915 1387 1000 1450 inter
1019 1386 1152 1468 jericho
1168 1399 1201 1452 et
1215 1389 1396 1471 Jordanem

246 1505 322 1558 sunt
343 1495 431 1557 duae
452 1493 574 1558 leucae.
621 1493 667 1556 Et
689 1492 825 1555 Thecua
849 1491 928 1554 villa
955 1490 1064 1555 Amos
1091 1491 1274 1576 prophetae
1296 1492 1399 1556 distat

246 1619 359 1662 versus
371 1598 498 1661 Eurum
508 1599 593 1661 inter
603 1597 763 1661 orientem
774 1603 807 1658 et
817 1606 967 1658 austrum
981 1615 1040 1679 per
1051 1596 1228 1662 duodecim
1240 1597 1398 1673 milliaria,

247 1713 283 1766 ut
298 1704 381 1767 dicit
398 1702 623 1785 Hieronymus
638 1701 783 1764 secundo
799 1699 885 1762 libro
900 1719 998 1782 super
1012 1700 1201 1781 Jeremiam.

292 1807 338 1870 Et
353 1807 534 1870 secundum
556 1807 801 1888 Hieronymum
817 1805 850 1868 in
865 1803 1006 1886 epistola
1022 1804 1065 1867 de
1080 1806 1249 1888 epitaphio
1264 1815 1399 1870 sanctae
1413 1816 1569 1881 Pentapolis.

248 1912 370 1977 Paulae
392 1931 497 1994 prope
524 1909 616 1974 illam
642 1911 702 1974 luit
724 1907 914 1991 Pentapolis
942 1908 1033 1989 regio
1059 1910 1232 1974 continens
1253 1911 1398 1993 quinque

247 2017 396 2080 civitates
413 2015 615 2090 maledictas,
627 2014 752 2077 scilicet
765 2013 961 2087 Sodomam,
974 2011 1175 2076 Gomorram
1192 2024 1225 2077 et
1241 2024 1399 2078 caeteras.

247 2120 337 2184 Nam
348 2121 392 2183 ab
404 2118 460 2182 illo
469 2118 545 2183 loco
554 2118 711 2182 describit
722 2115 857 2180 Paulam
868 2136 1030 2179 reversam
1043 2116 1235 2198 Jerusalem,
1244 2126 1278 2181 et
1290 2119 1399 2201 primo

248 2243 307 2307 per
327 2222 498 2286 Thecuam
518 2222 720 2304 proximam.
766 2219 907 2284 Orosius
922 2229 1035 2284 autem
1052 2220 1160 2301 primo
1181 2221 1225 2284 de
1240 2221 1397 2287 Ormesta

251 2328 368 2391 Mundi
394 2328 476 2390 dicit
505 2327 595 2408 quod
624 2324 814 2406 Pentapolis
840 2326 932 2408 regio
962 2324 995 2387 in
1021 2323 1166 2388 confinio
1191 2326 1338 2390 Arabiae
1364 2336 1398 2391 et

251 2431 436 2494 Palestinae
458 2429 522 2494 sita
545 2440 615 2504 est;
639 2430 851 2510 mediamque
874 2427 995 2492 vallem
1018 2449 1119 2511 quam
1142 2428 1307 2510 jordanus
1331 2430 1400 2495 irri-

249 2544 385 2619 gaverat
415 2554 501 2599 nunc
526 2554 617 2596 mare
641 2532 885 2614 superinsusum
918 2534 1013 2615 tegit.
1069 2533 1115 2596 Et
1140 2535 1204 2599 hoc
1229 2545 1281 2599 est
1310 2555 1402 2600 mare

251 2639 435 2717 Mortuum,
451 2648 484 2702 et
501 2658 591 2703 mare
605 2637 694 2715 salis,
710 2647 743 2701 et
760 2656 850 2701 mare
865 2636 1044 2701 salinarum
1063 2648 1096 2703 et
1112 2638 1203 2703 lacus
1218 2640 1401 2719 bituminis,

250 2755 285 2807 et
300 2742 395 2806 vallis
418 2742 514 2821 salsa,
533 2752 566 2807 et
585 2742 678 2806 vallis
699 2741 887 2814 salinarum,
910 2753 945 2806 et
966 2763 1058 2806 mare
1073 2743 1197 2821 Araba,
1213 2745 1246 2808 id
1265 2756 1325 2819 est,
1341 2747 1400 2810 de-

250 2849 339 2913 serti.
386 2848 487 2913 Unde
503 2849 535 2911 in
551 2847 642 2911 libris
660 2847 852 2931 Regnorum
868 2848 1031 2924 scribitur,
1046 2846 1105 2911 Ab
1121 2850 1256 2913 introitu
1274 2850 1400 2915 Emath

252 2973 355 3035 usque
378 2954 421 3017 ad
455 2973 545 3016 mare
569 2953 684 3016 Araba
707 2962 741 3016 et
772 2971 863 3015 mare
885 2951 1055 3033 Asphalti,
1077 2953 1111 3016 id
1138 2963 1199 3032 est,
1220 2955 1401 3028 bituminis,

252 3059 435 3121 secundum
453 3057 697 3139 Hieronymum
716 3056 750 3119 in
770 3056 855 3120 libro
878 3055 1055 3132 Locorum,
1070 3067 1104 3119 et
1119 3077 1219 3138 super
1234 3057 1401 3122 Genesim.

253 3161 341 3224 Nam
358 3162 391 3225 in
407 3161 492 3225 valle
512 3159 690 3225 salinarum
708 3161 839 3224 luerunt
863 3160 955 3241 putei
978 3161 1149 3222 bituminis
1168 3171 1246 3224 ante
1267 3163 1402 3225 subver-

251 3266 378 3329 sionem
391 3266 570 3337 civitatum,
583 3267 641 3328 sed
654 3274 731 3347 post
743 3264 889 3345 pluviam
902 3264 1070 3347 sulphuris
1083 3264 1115 3326 in
1128 3284 1218 3328 mare
1230 3265 1400 3328 Mortuum

251 3388 382 3432 versum
410 3379 471 3448 est,
492 3368 583 3450 quod
614 3377 771 3449 stagnum
805 3367 978 3431 bituminis
1007 3366 1202 3449 appellatur.
1248 3368 1402 3450 Quatuor

252 3482 364 3536 autem
378 3472 529 3535 civitates
543 3472 735 3536 submersae
750 3482 837 3549 sunt,
846 3483 881 3535 et
895 3472 1012 3552 quinta
1022 3491 1109 3552 quae
1121 3470 1202 3533 Bale
1214 3481 1291 3555 post
1301 3494 1400 3538 voca-

252 3578 349 3640 batur
370 3574 530 3640 remansit
548 3575 592 3639 ad
613 3594 726 3657 preces
744 3574 844 3651 Loth,
860 3583 898 3638 ut
916 3575 1004 3638 inea
1020 3584 1097 3657 post
1120 3576 1248 3641 ruinam
1263 3576 1401 3641 aliarum

252 3690 365 3764 posset
392 3679 522 3755 morari,
544 3698 630 3762 quae
654 3688 770 3761 postea
794 3678 901 3760 Segor
927 3679 1110 3755 dicebatur,
1132 3689 1167 3743 et
1190 3700 1275 3743 nunc
1298 3681 1404 3746 Zoara

254 3785 392 3868 syriace
408 3794 627 3868 nuncupatur,
642 3785 727 3849 sieut
742 3784 822 3847 dicit
842 3782 1069 3865 Hieronymus
1083 3803 1183 3864 super
1199 3783 1357 3849 Genesim
1369 3796 1404 3851 et

254 3890 287 3953 in
301 3890 415 3953 multis
430 3890 521 3952 locis
561 3888 606 3952 Et
617 3888 700 3951 haec
716 3888 841 3963 civitas,
853 3886 932 3952 licet
943 3907 1009 3950 non
1022 3886 1120 3950 suerit
1131 3908 1207 3952 cum
1219 3889 1287 3952 suis
1298 3891 1403 3954 socia·

252 3995 316 4058 bus
340 3995 416 4076 igne
438 3992 606 4075 sulphuris
628 4001 834 4075 consumpta,
856 4002 968 4056 tamen
991 4002 1067 4075 post
1094 3990 1224 4074 lapsum
1247 3996 1405 4078 temporis

253 4100 350 4161 tertio
368 4108 474 4161 terrae
497 4107 592 4161 motu
614 4096 770 4160 subversa
793 4086 850 4169 est,
870 4105 908 4158 ut
928 4097 975 4159 ait
999 4096 1231 4178 Hieronymus,
1246 4119 1332 4181 quae
1355 4120 1404 4162 re·

254 4212 370 4285 parata
393 4200 501 4265 Zoara
522 4200 643 4265 dicitur
664 4199 708 4263 ab
729 4198 852 4276 incolis,
875 4200 933 4281 qui
956 4198 1051 4263 Zoari
1076 4212 1312 4281 nuncupantur.
1359 4202 1405 4268 Et

253 4304 334 4370 haec
361 4306 478 4369 civitas
503 4313 553 4367 est
586 4303 787 4367 intermino
812 4304 912 4366 maris
940 4303 1064 4367 Mortui
1090 4304 1133 4367 ad
1163 4306 1403 4369 occidentalem

254 4408 397 4491 plagam,
413 4430 433 4471 a
452 4429 519 4491 qua
538 4427 603 4470 non
625 4406 725 4489 longe
746 4427 846 4489 super
866 4428 956 4471 mare
983 4405 1153 4470 Mortuum
1174 4408 1217 4471 ab
1233 4410 1405 4475 occidente

287 4568 295 4597 ¹
314 4568 397 4631 Pliny,
410 4585 433 4620 v.
449 4567 695 4635 14¹}uerosolyma
712 4567 789 4631 longe
805 4568 948 4618 clarissim
964 4568 1065 4617 urbium
1082 4567 1208 4629 Orientis,
1221 4584 1273 4618 non
1289 4571 1406 4631 ,iudaeae

254 4645 347 4697 modo!

298 4745 379 4797 VOL.
398 4746 420 4797 1.
820 4744 841 4794 Z
