3575 5375
436 643 787 704 MATHEMATICAE
811 645 863 703 IN
884 646 1055 707 DIVINIS
1082 647 1288 707 UTILITAS.
1375 659 1434 702 221

330 812 488 896 Quarto¹,
498 837 632 882 necesse
643 827 693 882 est
702 817 831 900 optime
843 818 926 882 scire
938 819 1083 882 rationes
1095 815 1288 881 numerandi
1300 823 1435 897 propter
1449 823 1534 900 Arien-

286 920 531 1000 corruptionem
562 942 771 986 numerorum
803 923 836 986 in
867 923 1038 1006 scriptura,
1063 922 1142 1005 quia
1174 921 1268 1004 quasi
1299 917 1436 981 infinitis
1447 889 1562 1005 3th

288 1023 397 1086 modis
417 1034 688 1108 corrumpuntur;
707 1024 774 1091 sere
791 1027 880 1090 enirn
900 1047 1016 1091 omnes
1036 1027 1162 1090 numeri
1183 1034 1261 1089 sunt
1280 1022 1433 1106 corrupti.
1448 1021 1558 1097 reoetved

287 1124 384 1208 Quae
414 1131 583 1213 corruptio
611 1131 654 1194 ad
685 1132 859 1194 veritatem
890 1132 1002 1195 reduci
1038 1149 1104 1194 non
1132 1138 1254 1214 potest,
1284 1127 1346 1191 nisi
1377 1146 1435 1208 per
1447 1102 1530 1202 {⁶13¹ss
1530 1102 1547 1134 ⁰
1559 1087 1589 1135 οἱ

288 1231 516 1297 omnimodam
532 1235 727 1300 numerandi
742 1245 944 1319 potestatem
962 1245 1031 1300 tam
1052 1235 1086 1298 in
1107 1234 1320 1298 fractionibus
1333 1250 1435 1314 quam

288 1334 319 1396 in
337 1335 482 1420 integris.
528 1339 612 1403 Fere
627 1339 715 1403 enim
730 1348 789 1404 aut
805 1360 865 1422 pro
881 1339 997 1422 majori
1013 1349 1108 1422 parte
1123 1358 1239 1402 omnes
1260 1335 1385 1400 numeri
1402 1336 1436 1397 in

287 1457 380 1502 sacro
402 1450 498 1506 textu
523 1453 557 1507 et
582 1444 615 1507 in
642 1443 734 1508 libris
760 1454 947 1508 sanctorum
973 1453 1049 1508 sunt
1076 1444 1272 1527 scriptorum
1304 1450 1338 1504 et
1364 1459 1436 1504 cor·

288 1553 451 1609 rectorum
467 1547 548 1611 vitio
562 1549 740 1631 depravati,
750 1549 793 1612 de
807 1549 928 1630 quibus
944 1569 1049 1631 pauca
1064 1547 1220 1629 exempla
1235 1545 1434 1628 subjungam

290 1667 351 1729 pro
383 1649 527 1715 infinitis.
586 1653 673 1717 Nam
712 1653 889 1717 undecimo
927 1652 1074 1736 capitulo
1112 1651 1248 1716 Genesis
1285 1651 1436 1727 habetur,

288 1751 401 1816 ‘Vixit
424 1755 615 1840 Arphaxat,
631 1766 808 1839 postquam
836 1757 952 1840 genuit
979 1755 1065 1835 Sale,
1091 1757 1183 1820 ccciii
1209 1753 1322 1821 annis.'
1368 1754 1435 1820 Sed

289 1855 322 1919 in
353 1857 510 1924 Hebraeo
539 1860 702 1925 habentur
732 1861 841 1926 cccciii
870 1863 959 1925 anni.
1013 1862 1068 1926 De
1097 1860 1227 1925 Graeco
1258 1881 1337 1924 vero
1369 1879 1436 1923 non

288 1971 399 2041 potest
423 1963 534 2029 haberi
558 1967 689 2044 veritas,
703 1967 782 2048 quia
802 1967 888 2030 inter
903 1965 1084 2047 Arphaxat
1103 1975 1137 2028 et
1159 1963 1237 2028 Sale
1257 1964 1436 2048 interponit

289 2063 423 2146 cainan,
448 2090 547 2150 quem
579 2091 639 2134 nos
672 2090 737 2133 non
763 2069 934 2148 habemus,
962 2071 1048 2134 sicut
1073 2089 1134 2132 nec
1159 2069 1343 2133 Hebraeus.
1389 2068 1435 2131 Et

287 2167 319 2231 in
356 2174 473 2236 eodem
512 2174 667 2256 capitulo,
701 2173 816 2237 ‘Vixit
854 2174 928 2236 Reu
963 2174 1062 2236 xxxii
1097 2170 1220 2237 annos'
1254 2172 1435 2237 secundum

288 2273 480 2340 Hebraeum
496 2289 530 2342 et
545 2279 700 2360 antiquos
715 2278 847 2342 codices
863 2276 1070 2342 Latinorum.
1117 2277 1184 2342 Sed
1203 2277 1236 2341 in
1251 2276 1435 2360 exemplari

286 2376 424 2459 vulgato
448 2380 612 2445 habentur
634 2403 740 2460 xxxv,
765 2392 802 2446 ut
824 2382 981 2445 historiae
1009 2382 1130 2446 veritas
1155 2383 1339 2444 continuari
1367 2401 1434 2444 non

287 2482 398 2560 possit.
446 2485 491 2548 Et
521 2485 601 2548 xviii
624 2486 770 2569 capitulo
792 2487 825 2549 in
849 2487 1031 2570 penultima
1055 2495 1149 2570 parte
1172 2485 1252 2567 ejus,
1274 2485 1383 2568 ‘Quid
1407 2485 1435 2548 si

288 2584 395 2649 minus
424 2589 667 2672 quinquaginta
693 2590 791 2673 justis
823 2590 969 2672 quinque
999 2591 1127 2669 fuerint,
1153 2589 1278 2654 delebis
1300 2598 1436 2673 propter

288 2691 453 2776 quinque!
498 2694 555 2759 Sic
580 2696 763 2775 Hebraeus,
786 2697 832 2759 sic
854 2697 981 2779 antiqui
1004 2694 1078 2759 libri
1101 2695 1235 2759 habent.
1281 2695 1436 2759 Modemi

287 2806 398 2861 autem
423 2810 602 2880 posuerunt
629 2800 688 2863 xlv
716 2810 852 2884 propter
875 2820 1007 2864 sensum
1032 2799 1225 2883 planiorem.
1271 2798 1340 2864 Sed
1367 2818 1434 2864 non

287 2897 363 2964 licet
378 2902 449 2966 sine
465 2906 544 2967 sede
559 2905 744 2988 apostolica
759 2916 888 2969 mutare
900 2914 1032 2969 textum
1045 2925 1144 2987 quem
1158 2905 1280 2988 recepit
1292 2912 1326 2967 et
1338 2905 1438 2987 jussit

286 3023 345 3085 per
371 3028 488 3071 ornnes
513 3009 667 3073 ecclesias
693 3010 842 3075 derivari.
889 3009 936 3071 Et
966 3010 1085 3073 xxxvii
1112 3009 1266 3092 oepitulo,
1292 3008 1436 3093 ‘Joseph

286 3128 361 3172 cum
390 3122 477 3176 esset
502 3114 572 3176 xvii
595 3112 776 3179 annorum'
792 3115 974 3178 secundum
996 3113 1187 3178 Hebraeum
1208 3124 1242 3176 et
1263 3112 1435 3177 Graecum.

287 3212 355 3279 Sed
387 3218 537 3280 moderni
567 3217 692 3282 habent
721 3219 788 3297 xvi,
819 3227 853 3282 et
881 3219 972 3299 quod
989 3219 1022 3280 in
1052 3218 1170 3281 eodem
1200 3215 1347 3299 capitulo
1368 3237 1435 3280 non

286 3319 328 3382 sit
351 3320 503 3384 venditus
530 3342 605 3383 xxx
626 3323 801 3403 argenteis,
828 3322 884 3384 sed
917 3342 976 3398 xx,
999 3322 1176 3403 probatum
1206 3330 1257 3384 est
1286 3321 1437 3401 superius

288 3423 459 3504 multiplici
489 3425 689 3489 testimonio.
737 3425 782 3489 Et
805 3426 838 3487 in
866 3424 979 3488 Exodi
1010 3425 1068 3486 xiv
1096 3424 1251 3505 capitulo,
1279 3424 1438 3507 ‘tulitque

288 3538 465 3592 sexcentos
505 3526 638 3607 currus,'
675 3530 855 3594 secundum
896 3529 1090 3591 Hebraeum
1130 3537 1164 3592 et
1201 3527 1364 3591 Graecum
1402 3540 1437 3594 et

288 3632 470 3715 Josephum
487 3643 521 3696 et
537 3634 691 3714 antiquos
707 3635 846 3699 codices.
884 3632 952 3697 Sed
967 3654 1044 3716 pars
1058 3633 1189 3716 glossae
1203 3641 1354 3697 truncata
1368 3632 1438 3697 fere

288 3738 321 3800 in
348 3738 501 3801 ommbus
528 3737 619 3802 libris
643 3738 720 3802 lacit
743 3739 834 3821 quod
861 3737 1036 3820 exemplar
1057 3737 1229 3821 vulgatum
1253 3737 1354 3801 habet
1379 3758 1437 3802 ccc

287 3862 407 3905 currus.
463 3842 551 3904 Nam
583 3844 807 3906 communiter
834 3842 975 3906 habetur
1003 3842 1067 3905 hoc
1099 3850 1230 3906 tantum
1261 3842 1294 3904 in
1324 3841 1437 3925 glossa

286 3947 418 4009 ‘contra
449 3946 548 4009 fidem
576 3947 731 4011 trinitatis
757 3943 982 4031 pugnaturus?
1027 3946 1129 4010 Unde
1154 3957 1289 4029 propter
1314 3967 1436 4010 nomen

288 4051 442 4115 trinitatis
470 4051 666 4115 abraserunt
698 4062 874 4115 sexcentos
905 4060 939 4114 et
973 4060 1152 4133 posuerunt
1182 4071 1248 4113 ccc.
1303 4048 1372 4114 Sed
1402 4050 1436 4113 in

286 4155 434 4237 pluribus
449 4156 593 4237 antiquis
608 4156 762 4239 glossatis
779 4156 944 4219 invenitur
954 4155 1010 4233 sic,
1021 4158 1029 4186 ‘
1039 4164 1153 4219 contra
1166 4155 1266 4218 fidem
1280 4155 1437 4219 trinitatis

287 4279 426 4323 numero
448 4260 576 4324 senario
599 4280 636 4324 se
657 4260 799 4324 armavit
822 4257 1044 4343 pugnaturus!
1090 4259 1137 4322 Et
1158 4260 1232 4323 ideo
1254 4260 1436 4323 secundum

319 4454 326 4484 ¹
345 4454 408 4504 This
424 4454 569 4516 paragraph
585 4455 700 4515 supplies
711 4454 812 4504 further
824 4452 992 4503 illustrations
1004 4452 1035 4501 os
1048 4452 1093 4501 the
1103 4452 1250 4514 corruption
1263 4452 1293 4499 ot*
1306 4451 1351 4498 the
1363 4451 1437 4499 Pan's

286 4534 389 4583 textos
403 4534 446 4581 the
465 4532 547 4593 Bible,
560 4532 659 4593 spoken
677 4532 707 4581 ol
721 4549 754 4580 on
772 4549 797 4595 p.
811 4547 849 4594 77,
862 4532 914 4581 and
931 4532 986 4580 also
1004 4532 1031 4579 in
1048 4532 1093 4579 the
1111 4530 1183 4592 Opus
1199 4529 1288 4577 Minus
1306 4529 1434 4592 (Brewer‚

286 4627 328 4673 pp.
342 4610 475 4671 33o349).
514 4609 537 4657 lt
550 4609 572 4657 is
583 4610 639 4657 also
652 4625 702 4657 one
715 4610 745 4658 os
752 4626 829 4671 many
841 4609 928 4672 prooss
938 4609 968 4657 ot*
982 4609 1026 4658 the
1038 4625 1097 4659 care
1108 4608 1173 4657 with
1184 4607 1272 4657 which
1286 4607 1372 4654 Bacou
1384 4606 1436 4654 had

285 4689 395 4739 collated
406 4689 452 4739 the
464 4688 618 4751 Septuagint
627 4689 678 4737 and
691 4688 735 4738 the
749 4688 865 4738 Hebrew
875 4693 939 4737 text.
