3575 5375
367 627 429 688 334
591 612 746 671 OPERIS
770 611 959 681 MAJORIS
982 611 1098 671 PARS
1122 609 1308 686 QUARTA.

369 773 550 860 Scriptura.
605 777 736 841 Deinde
770 776 953 840 secundum
989 775 1133 839 Plinium
1162 773 1275 857 Tigris
1308 773 1453 856 erumpit
1487 774 1521 839 in

366 880 528 944 Armenia
545 880 670 962 majore
685 892 719 944 et
734 889 851 964 postea
867 880 957 943 cadit
973 880 1005 942 in
1018 878 1128 944 lacurn
1141 881 1256 943 omnia
1268 878 1360 942 illata
1372 878 1522 961 pondera

366 985 582 1048 sustinentem
602 997 636 1049 et
658 984 787 1048 nebulis
810 983 1034 1056 exhalantem,
1050 985 1103 1047 cui
1126 1002 1227 1047 unum
1252 1003 1356 1066 genus
1379 984 1519 1065 piscium

366 1099 425 1164 est,
441 1088 496 1170 qui
512 1109 619 1170 aquae
635 1089 890 1152 transcurrentis
911 1109 979 1152 nou
996 1088 1174 1153 miscentur
1189 1087 1293 1164 alve0,
1308 1089 1395 1151 sicut
1410 1108 1521 1170 neque

365 1193 487 1276 aTigri
503 1195 611 1275 pisces
626 1195 659 1255 in
674 1194 785 1256 lacum
799 1201 1018 1256 transnatant.
1054 1191 1189 1256 Deinde
1204 1203 1396 1257 occurrente
1405 1191 1520 1256 Tauro

366 1306 478 1358 monte
495 1297 526 1359 in
542 1315 677 1378 specum
694 1296 864 1380 mergitur,
880 1305 915 1359 et
930 1297 973 1359 ab
988 1294 1095 1359 altero
1110 1296 1237 1358 montis
1252 1295 1358 1359 latere
1372 1295 1517 1377 erumpit

365 1397 399 1461 in
414 1398 532 1479 lacum,
548 1408 582 1463 et
598 1409 714 1483 postea
729 1400 772 1463 ad
789 1399 931 1463 sormam
948 1397 1093 1462 fluminis
1108 1399 1282 1462 revertitur
1295 1409 1330 1462 et
1351 1398 1517 1480 Euphrati

360 1501 521 1586 jungitur,
544 1514 578 1568 et
600 1499 720 1566 transit
742 1523 802 1586 per
817 1503 985 1581 Ninivem,
1002 1513 1036 1566 et
1059 1512 1137 1585 post
1160 1500 1261 1586 longa
1283 1504 1393 1584 spatia
1415 1503 1519 1566 currit

363 1606 397 1669 in
416 1609 515 1671 maris
537 1607 643 1672 Rubri
663 1607 782 1682 sinum,
798 1607 854 1689 qui
871 1606 1021 1671 Persicus
1035 1617 1182 1670 vocatur.
1230 1606 1421 1688 Euphrates
1435 1625 1517 1670 vero

362 1712 543 1775 secundum
571 1711 713 1775 Plinium
740 1711 854 1794 quinto
882 1710 968 1776 libro
997 1711 1030 1774 in
1061 1709 1222 1774 Armenia
1251 1709 1376 1791 majore
1405 1711 1517 1775 oriens

362 1817 495 1889 separat
512 1806 760 1889 Cappadociam
778 1808 822 1871 ab
837 1805 904 1884 illa,
919 1807 1038 1870 deinde
1057 1807 1200 1870 occurrit
1220 1807 1250 1872 ei
1273 1826 1369 1870 mons
1384 1807 1515 1872 Taurus

363 1919 479 1992 postea
502 1909 615 1976 fluenti
637 1912 671 1975 in
692 1932 855 1975 occasum.
903 1911 1027 1974 Iterum
1050 1930 1086 1973 se
1102 1909 1208 1974 flectit
1228 1912 1262 1974 in
1283 1912 1463 1988 meridiem,
1479 1921 1515 1976 et

361 2013 510 2081 funditur
528 2017 560 2078 in
579 2017 648 2081 duo
666 2015 811 2080 brachia.
858 2015 972 2080 Unum
992 2016 1080 2080 cadit
1100 2016 1132 2077 in
1148 2015 1276 2099 Tigrim
1299 2014 1469 2081 includens
1491 2037 1512 2080 a

361 2121 586 2203 septentrione
602 2121 896 2202 Mesopotamiam,
911 2120 1000 2183 aliud
1017 2118 1111 2184 alluit
1127 2139 1202 2183 eam
1223 2121 1267 2183 ab
1285 2121 1459 2184 occidente
1477 2130 1512 2184 et

361 2225 459 2288 currit
469 2245 528 2308 per
538 2225 682 2288 mediam
695 2221 925 2307 Babyloniam,
935 2235 971 2287 ut
981 2223 1061 2288 dicit
1070 2223 1209 2290 Orosius
1219 2224 1263 2287 ad
1272 2223 1512 2306 Augustinum,

360 2327 479 2392 deinde
495 2329 567 2393 fluit
586 2329 620 2393 in
642 2327 790 2411 paludes,
810 2337 843 2392 et
866 2328 1002 2392 tandem
1025 2328 1058 2390 in
1083 2347 1174 2393 mare
1197 2327 1374 2392 Persicum.
1420 2329 1511 2391 Nam

361 2431 521 2498 Chaldaei
536 2442 612 2498 sunt
628 2434 714 2496 inter
730 2431 952 2514 Babyloniam
968 2433 1012 2496 ad
1027 2432 1198 2496 meridiem
1213 2451 1327 2496 versus
1343 2432 1512 2496 Persicum

360 2557 460 2612 mare,
490 2547 524 2602 et
562 2538 750 2621 Euphrates
780 2556 847 2617 eos,
877 2537 964 2600 sicut
993 2544 1142 2600 caeteros
1178 2536 1441 2620 Mesopotamios
1476 2546 1511 2601 et

359 2639 528 2724 Assyrios,
550 2641 646 2707 alluit
668 2641 711 2705 ab
734 2640 914 2716 occidente,
930 2660 1088 2723 separans
1109 2660 1167 2705 eos
1188 2659 1209 2704 a
1231 2640 1369 2705 caeteris
1393 2639 1511 2722 Syriae

359 2747 548 2827 regionibus
571 2755 605 2809 et
627 2745 670 2810 ab
694 2744 832 2809 Arabia.
878 2745 1068 2826 Euphrates
1092 2766 1179 2824 ver0,
1205 2755 1243 2809 ut
1269 2746 1349 2809 dicit
1377 2744 1509 2823 Plinius,

358 2850 475 2913 crescit
492 2848 560 2912 Nili
577 2850 680 2914 modo
695 2868 813 2931 parum
825 2850 867 2913 ab
880 2870 921 2913 eo
931 2848 1095 2913 differens.
1125 2849 1213 2935 Nam
1226 2848 1508 2932 Mesopotamiam

358 2952 496 3017 inundat
514 2952 584 3017 sole
601 2954 773 3017 obtinente
794 2974 844 3015 xx
862 2961 991 3035 partem
1016 2952 1142 3030 Cancri,
1158 2963 1192 3017 et
1208 2954 1325 3035 incipit
1346 2954 1450 3017 minui
1474 2953 1508 3015 in

357 3055 503 3139 Virgine,
527 3055 641 3121 Leone
663 3068 879 3139 transgresso.
942 3057 981 3120 In
1004 3067 1115 3121 totum
1138 3077 1215 3120 vero
1239 3067 1364 3121 remeat
1394 3055 1507 3119 xxxix

356 3171 451 3242 parte
465 3161 622 3245 Virginis.
652 3160 753 3244 Quod
767 3171 878 3224 autern
896 3160 1033 3225 Boetius
1047 3160 1164 3244 quinto
1179 3162 1220 3225 de
1232 3159 1457 3225 consolatione
1472 3169 1508 3225 et

358 3261 534 3330 Sallustius
560 3265 685 3345 dicunt,
710 3265 800 3348 quod
828 3265 938 3348 Tigris
968 3275 1003 3329 et
1033 3265 1223 3348 Euphrates
1252 3284 1320 3328 uno
1350 3285 1386 3328 se
1417 3262 1508 3327 sonte

356 3369 539 3449 revolvunt,
561 3379 673 3453 potest
696 3369 834 3453 intelligi
854 3370 897 3433 de
916 3369 1008 3433 sonte
1027 3368 1196 3445 Paradisi;
1220 3368 1375 3432 namhoc
1390 3386 1505 3433 verum

355 3484 404 3537 est
420 3476 601 3539 secundum
619 3472 834 3559 Scripturam,
846 3493 946 3556 quarn
964 3473 1102 3537 Boetius
1115 3472 1234 3537 saltem
1251 3473 1336 3537 bene
1350 3472 1456 3549 scivit,
1471 3480 1505 3536 et

355 3576 531 3642 Sallustius
546 3600 591 3642 ex
608 3578 812 3642 revolutione
833 3576 992 3641 historiae
1015 3577 1204 3659 Scripturae
1226 3578 1359 3642 credere
1373 3576 1504 3661 potuit;

353 3692 411 3747 aut
426 3683 490 3747 hoc
501 3703 613 3747 verum
630 3692 681 3747 est
697 3683 739 3746 de
754 3692 827 3745 ortu
842 3702 959 3745 eorum
971 3683 1004 3745 in
1016 3680 1188 3760 Armenia,
1199 3682 1355 3764 quoniam
1367 3689 1506 3764 uterque

352 3784 396 3848 ibi
424 3786 527 3850 oritur
552 3788 734 3850 secundum
763 3786 928 3864 Plinium;
962 3794 1022 3849 aut
1047 3784 1185 3869 intelligi
1213 3785 1337 3867 poterit
1363 3785 1405 3848 de
1428 3796 1503 3848 ortu

351 3908 465 3953 eorum
485 3890 566 3954 citra
586 3890 735 3953 Taurum
756 3900 914 3967 montem,
931 3909 1009 3952 nam
1033 3909 1169 3953 occursu
1189 3886 1261 3970 ejus
1284 3887 1506 3953 absorbentur

352 3993 385 4057 in
401 4001 532 4071 terram,
547 4003 581 4057 et
597 4014 641 4057 ex
657 3993 761 4057 altera
776 3994 826 4057 sui
842 4005 938 4076 parte
953 4005 1140 4079 erumpunt.

183 4114 339 4191 otherparn
394 4098 455 4162 Ab
486 4098 659 4180 Euphrate
690 4099 747 4181 qui
778 4099 877 4162 currit
908 4098 941 4162 in
972 4098 1099 4162 oriente
1127 4105 1178 4161 ost
1209 4097 1346 4171 Arabia,
1368 4098 1411 4161 de
1436 4117 1503 4180 qua

182 4180 298 4243 ⁰5⁷⁸*
351 4203 476 4267 dictum
503 4211 562 4282 est,
587 4224 700 4267 versus
727 4202 901 4266 meridiem
927 4212 961 4266 et
989 4221 1080 4264 mare
1107 4201 1270 4265 Rubrum.
1318 4201 1364 4264 Et
1388 4222 1503 4265 versus

350 4308 609 4391 septentrionem
640 4314 717 4371 sunt
749 4306 894 4389 reliquae
925 4308 1073 4389 regiones
1101 4306 1230 4388 Syriae,
1255 4305 1378 4369 scilicet
1406 4305 1503 4387 Syria

352 4411 554 4493 Comagena,
571 4410 669 4493 Syria
686 4409 788 4474 Coele
808 4431 864 4474 seu
889 4409 1118 4492 Coele-Syria,
1134 4420 1168 4474 et
1192 4407 1292 4492 Syria
1316 4409 1503 4489 Phoenicis,

348 4524 382 4579 et
414 4516 511 4596 Syria
545 4514 761 4593 Palaestinae,
787 4534 873 4596 quae
903 4513 1074 4578 includunt
1104 4515 1292 4598 provincias
1321 4513 1502 4595 aJudaeis

348 4638 525 4703 possessas,
556 4618 680 4683 scilicet
709 4617 883 4701 Judaeum,
915 4617 1111 4699 Samariam,
1136 4629 1171 4684 et
1201 4617 1384 4684 Galilaeam
1415 4618 1501 4682 citra
