3575 5375
577 634 751 706 Junrcrr
777 635 1100 696 Asrnorvomas.
1358 655 1418 716 245

268 810 301 865 et
317 799 526 865 infructuosis
540 800 699 883 expedita
715 800 800 866 curis
815 801 858 865 ad
880 799 965 863 hanc
990 819 1197 883 nequaquam
1214 799 1323 865 valeat
1343 803 1418 884 quis

268 904 432 990 aspirare!
479 905 524 970 Et
547 906 625 987 quia
645 903 756 969 liberis
779 926 799 968 a
820 905 906 969 curis
927 904 1000 968 aliis
1021 915 1055 968 et
1076 904 1233 969 studiosis
1254 915 1305 969 est
1328 907 1416 970 bona

267 1029 343 1093 spes
358 1009 551 1092 proficiendi
568 1010 601 1073 in
617 1008 679 1074 hac
694 1009 841 1085 scientia,
857 1009 933 1073 ideo
949 1009 983 1072 in
998 1009 1145 1072 secundo
1164 1007 1311 1093 capitulo
1329 1010 1416 1085 dicit,

268 1113 381 1178 ‘nobis
419 1115 554 1198 quidem
588 1114 722 1178 minime
751 1113 883 1177 videtur
920 1123 1186 1188 consentaneum,
1220 1115 1248 1177 si
1284 1113 1416 1178 aliunde

267 1239 358 1282 error
372 1219 531 1296 inciderit,
547 1228 653 1282 artem
669 1238 690 1280 a
708 1217 804 1282 nobis
823 1218 957 1301 penitus
977 1213 1172 1282 excludere'
1219 1217 1265 1281 Et
1279 1219 1416 1283 adducit

267 1324 471 1407 exemplum,
501 1325 622 1400 dicens,
659 1323 814 1388 ‘Nautae
851 1324 939 1388 enim
978 1323 1077 1386 maris
1114 1322 1268 1404 scopulos
1307 1324 1415 1386 minus

265 1428 488 1508 providentes,
517 1428 544 1490 si
582 1447 650 1509 quo
687 1427 817 1511 decepti
857 1447 967 1491 errore
996 1426 1203 1508 naufragium
1233 1427 1414 1510 patiantur,

266 1532 426 1595 restitutis
459 1531 593 1595 navium
631 1531 848 1596 armamentis
874 1532 917 1595 de
947 1530 1085 1613 pristina
1119 1550 1186 1594 nou
1220 1528 1413 1596 deficientes

264 1636 370 1700 salute
403 1635 503 1700 alacri
537 1647 647 1700 mente
677 1656 736 1719 spe
766 1635 1016 1700 confirmatione
1046 1655 1147 1699 naves
1172 1637 1410 1700 conscendunt.

263 1739 321 1803 Ad
337 1740 424 1804 hunc
443 1741 544 1804 etiam
568 1741 705 1804 modum
724 1760 785 1804 nos
800 1740 886 1804 hanc
901 1749 1064 1804 astrorum
1085 1739 1258 1804 scientiam
1279 1737 1408 1804 firmam

262 1853 296 1907 et
311 1855 434 1909 certam
456 1855 489 1909 et
513 1846 545 1907 in
567 1865 627 1908 sua
649 1845 789 1909 veritate
813 1842 1023 1909 immobiliter
1046 1844 1284 1926 persistentem,
1306 1865 1410 1928 quan-

263 1958 333 2012 tum
352 1948 554 2032 possibilitas
576 1950 711 2014 humani
736 1949 901 2032 permittit
920 1948 1048 2032 ingenii,
1063 1949 1193 2031 assequi
1208 1949 1410 2025 studeamus,

263 2063 299 2117 ut
321 2055 354 2117 in
375 2052 640 2117 benevolentiam
663 2062 732 2116 tam
755 2053 960 2118 studentium
979 2073 1079 2135 quam
1099 2052 1239 2117 aliorum
1256 2054 1411 2118 reducere

262 2177 430 2232 conemur,
441 2167 604 2239 quatenus
617 2157 698 2221 artis
714 2156 815 2238 ipsius
831 2157 1005 2222 observata
1020 2157 1191 2240 dignitate,
1202 2177 1243 2220 ea
1257 2158 1408 2237 ducente,

261 2281 346 2343 quae
360 2262 470 2326 lutura
485 2270 562 2324 sunt
584 2261 806 2344 praevideant.
821 2282 907 2345 quae
928 2270 1041 2324 autem
1062 2280 1123 2322 sua
1144 2261 1407 2344 impossibilitate

261 2386 313 2430 ars
344 2367 416 2449 ipsa
446 2364 599 2446 prohibet
637 2361 879 2446 relinquantur’
926 2364 972 2427 Et
1008 2364 1107 2428 tertio
1144 2365 1217 2427 vult
1253 2366 1407 2449 capitulo,

261 2469 434 2552 ‘quamvis
449 2469 635 2552 quicunque
654 2469 705 2534 hic
726 2490 815 2534 error
834 2469 949 2533 incidit
971 2468 1173 2551 negligentia
1187 2471 1408 2553 praetermitti

260 2583 318 2638 aut
347 2572 512 2637 oblivione
527 2563 641 2637 'deleri
672 2573 905 2637 inconveniens
935 2573 1068 2656 penitus
1092 2576 1313 2656 reputandum
1336 2573 1408 2639 est?

261 2679 307 2745 Et
336 2688 413 2762 post
449 2698 564 2763 pauca,
600 2682 697 2741 ‘cum
733 2688 846 2743 autern
884 2678 1131 2743 evidentissime
1159 2690 1303 2744 constat,
1322 2678 1407 2744 hanc

259 2782 443 2848 futurorum
467 2782 716 2865 praenotionem
741 2802 808 2846 non
831 2803 907 2847 cum
931 2804 1041 2848 errore
1062 2785 1177 2862 teneri,
1198 2803 1260 2849 nec
1289 2804 1406 2848 omnes

258 2887 345 2952 illius
371 2888 496 2970 species
521 2886 684 2951 erroribus
712 2886 884 2971 implicari,
910 2889 991 2971 quid
1017 2890 1153 2954 demum
1176 2908 1221 2954 ex
1244 2889 1307 2953 hac
1332 2890 1402 2953 effi·

258 2992 358 3067 cacia,
382 2992 502 3073 quibus
525 2992 626 3055 etiam
654 2992 764 3057 modis
787 3012 873 3076 quae
899 2993 1099 3059 innovantur
1125 2993 1239 3077 repelli
1263 2993 1407 3071 valeant,

258 3096 448 3181 diligentius
470 3104 573 3161 restat
595 3096 731 3177 aperire.
798 3095 858 3161 Sin
884 3107 997 3161 autem
1027 3098 1157 3182 singula
1184 3099 1316 3163 tradere
1339 3117 1405 3161 non

254 3200 374 3278 valeat,
403 3210 566 3283 quantum
598 3208 711 3263 tamen
742 3198 945 3281 possibilitas
975 3202 1115 3267 contulit
1147 3201 1307 3267 exhibere
1337 3222 1404 3265 non

255 3304 371 3388 fugiat.
417 3304 518 3387 Quod
544 3304 571 3367 si
596 3304 771 3367 minimum
801 3304 835 3368 id
861 3306 1050 3387 reperietur,
1075 3305 1213 3369 minoris
1238 3305 1406 3389 profectus

256 3420 293 3473 ut
309 3410 341 3471 in
357 3408 490 3474 brevius
505 3408 673 3488 redigatur
692 3427 760 3470 non
781 3407 971 3472 censemus’
1018 3408 1064 3472 Et
1084 3410 1180 3493 ponit
1201 3409 1404 3493 exemplum,

254 3514 351 3578 ‘licet
365 3512 453 3576 enirn
477 3510 615 3595 physica
630 3530 697 3575 non
711 3511 804 3574 omni
823 3510 949 3575 homini
971 3513 1013 3575 sit
1034 3514 1149 3577 salutis
1171 3514 1310 3587 occasio,
1326 3534 1402 3578 cum

254 3618 298 3682 sit
313 3628 426 3683 tamen
442 3614 660 3700 quorundam,
675 3617 864 3699 appetenda
879 3637 940 3680 sua
954 3616 1097 3682 utilitate
1111 3616 1260 3682 videtur!

300 3723 357 3786 Ex
383 3721 503 3806 quibus
528 3720 637 3785 verbis
667 3730 702 3785 et
732 3720 957 3786 consimilibus
984 3721 1193 3786 manifestum
1223 3732 1283 3801 est,
1312 3726 1402 3807 quod

253 3826 295 3891 de
333 3826 519 3890 intentione
550 3824 733 3889 Ptolemaei
764 3845 831 3889 non
862 3836 913 3889 est
942 3827 1033 3909 quod
1060 3826 1247 3909 astrologus
1277 3829 1336 3892 det
1369 3830 1403 3892 in

253 3930 438 4015 particulari
472 3939 597 3995 certum
632 3930 794 4012 judicium
825 3942 858 3995 et
887 3931 1052 3996 sufficiens
1081 3932 1115 3995 in
1144 3930 1303 4015 singulis,
1342 3935 1401 3997 sed

251 4037 284 4099 in
309 4033 491 4109 universali,
508 4044 542 4099 et
567 4034 713 4098 medium
737 4036 822 4099 inter
840 4038 1061 4101 necessarium
1084 4047 1119 4101 et
1137 4036 1352 4120 impossibile,
1367 4050 1402 4102 et

252 4142 368 4205 nonin
383 4140 538 4203 omnibus
554 4148 665 4221 potest
686 4140 946 4205 determinatum
961 4142 1041 4205 dare
1054 4140 1227 4223 judicium.
1263 4143 1402 4225 Propter

250 4246 341 4327 quod
364 4242 545 4323 Avicenna,
567 4243 623 4326 qui
645 4263 747 4325 opera
771 4243 953 4308 Ptolemaei
984 4245 1172 4328 complevit,
1194 4256 1231 4310 ut
1257 4246 1398 4329 ipsemet
1412 4261 1487 4311 from
1501 4264 1560 4312 nvi-

251 4350 366 4412 recitat
395 4349 428 4411 in
459 4347 598 4431 prologo
628 4348 704 4411 libri
730 4346 962 4423 Sufficientiae
988 4347 1176 4413 manifestat
1206 4350 1239 4413 in
1269 4348 1398 4413 decimo
1409 4331 1549 4443 gpppgenn

253 4452 512 4536 Metaphysicae,
545 4452 635 4534 quod
672 4451 858 4536 astrologus
895 4472 963 4517 non
999 4463 1111 4537 potest
1148 4451 1329 4517 certificare
1366 4454 1398 4517 in

250 4557 403 4621 omnibus
419 4578 478 4621 nec
493 4557 603 4634 debet,
613 4567 748 4639 propter
760 4556 1013 4623 instabilitatem
1030 4558 1187 4622 materiae
1201 4558 1399 4640 generabilis

250 4670 284 4726 et
306 4660 538 4744 corruptibilis,
559 4680 644 4743 quae
667 4680 734 4725 non
757 4659 790 4724 in
812 4661 966 4725 omnibus
987 4681 1119 4745 semper
1139 4660 1256 4726 obedit
1285 4662 1398 4727 virtuti
