3575 5375
370 662 412 720 90
594 646 750 706 OPERIS
774 646 962 717 MAJORIS
986 646 1101 706 PARS
1129 644 1295 705 TERTIA.

371 810 621 895 intelligendum
643 820 694 873 est
715 810 757 873 de
773 809 912 883 Latinis,
929 816 1000 873 non'
1016 810 1059 874 de
1074 808 1218 875 Graecis.
1265 808 1311 874 Et
1330 818 1455 875 certum
1472 818 1523 874 est

372 917 461 999 quod
479 914 604 978 malum
620 923 670 977 est
691 914 865 991 Graecum,
881 914 958 978 licet
977 915 1156 978 secundum
1178 935 1304 978 morem
1328 914 1521 978 latinorum

374 1018 615 1103 aliquantulum
634 1020 678 1082 sit
695 1018 790 1083 aliter
809 1018 985 1103 prolatum.
1031 1020 1132 1083 Nulla
1152 1020 1254 1084 dictio
1269 1019 1359 1103 apud
1379 1019 1524 1083 Graecos

373 1125 569 1189 terminatur
592 1124 626 1186 in
646 1144 677 1186 m
701 1122 839 1200 literam,
859 1124 919 1187 sed
942 1122 975 1185 in
994 1144 1034 1199 n;
1058 1132 1091 1187 et
1115 1124 1227 1187 Latini
1250 1143 1366 1187 omnes
1388 1142 1525 1187 consue·

372 1239 490 1292 verunt
514 1228 691 1292 terminare
713 1228 874 1291 dictiones
896 1247 973 1291 suas
1000 1228 1033 1290 in
1061 1248 1103 1307 m,
1126 1239 1161 1291 ut
1187 1248 1363 1301 scamnum,
1387 1226 1524 1309 legnum,

366 1344 510 1416 pomum,
538 1340 571 1395 et
597 1331 796 1413 hujusmodi.
843 1332 937 1396 Idem
969 1332 1136 1395 multoties
1164 1332 1304 1395 Latinus
1332 1341 1439 1395 mutat
1466 1330 1525 1395 ali·

373 1457 474 1520 quam
503 1437 653 1500 vocalem
684 1437 717 1498 in
749 1435 913 1500 vocabulo
945 1435 1082 1510 Graeco,
1114 1444 1149 1498 ut
1182 1436 1237 1500 ubi
1268 1436 1349 1499 dicit
1379 1434 1525 1499 Graecus

366 1540 613 1623 grammaticos,
632 1540 772 1604 Latinus
791 1540 871 1604 dicit
887 1540 1137 1621 grammaticus,
1155 1548 1188 1604 et
1210 1539 1256 1604 sic
1280 1538 1526 1622 multipliciter;

375 1654 408 1709 et
423 1645 470 1709 sic
485 1656 536 1709 est
551 1644 613 1708 hic.
659 1644 746 1708 Nam
765 1643 912 1708 Graecus
933 1644 1013 1708 dicit
1029 1642 1130 1707 melon
1146 1664 1206 1725 pro
1226 1643 1341 1707 arbore
1357 1653 1391 1706 et
1409 1643 1525 1720 fructu,

374 1749 515 1813 Latinus
530 1758 638 1812 mutat
654 1768 672 1811 e
693 1748 725 1811 in
741 1769 770 1827 a,
785 1749 870 1811 sicut
886 1767 907 1809 n
929 1748 962 1810 in
984 1768 1027 1825 m,
1041 1758 1075 1810 et
1098 1748 1178 1810 dicit
1200 1745 1334 1810 malum.
1380 1744 1448 1810 Sed
1464 1746 1526 1810 ista

375 1854 517 1917 mutatio
548 1871 616 1917 non
647 1862 754 1916 mutat
783 1852 982 1916 vocabulum
1018 1853 1199 1915 secundum
1233 1850 1455 1917 substantiam
1492 1859 1525 1912 et

374 1958 555 2021 secundum
580 1957 733 2032 radicem,
756 1957 834 2039 quia
856 1964 1030 2039 acceptum
1055 1966 1104 2020 est
1127 1976 1147 2018 a
1171 1953 1309 2031 Graeco,
1332 1954 1408 2018 licet
1431 1952 1526 2018 aliter

375 2061 551 2143 prolatum,
575 2069 609 2124 et
634 2059 699 2124 hoc
724 2081 840 2124 omnes
867 2070 1019 2125 auctores
1044 2069 1216 2124 testantur.
1264 2058 1439 2124 Caeterum
1468 2076 1526 2140 per

374 2176 508 2231 textum
531 2164 727 2228 Latinorum
747 2166 780 2228 in
799 2164 946 2247 antiquis
966 2164 1066 2241 libris,
1085 2174 1155 2228 tam
1176 2165 1219 2228 de
1233 2163 1410 2247 theologia,
1425 2183 1525 2245 quam

375 2271 418 2334 de
433 2270 650 2353 philosophia,
667 2268 830 2332 iuvenitur
844 2288 975 2352 semper
994 2267 1117 2332 malum
1133 2288 1193 2350 pro
1208 2268 1335 2331 arbore.
1382 2266 1469 2329 Nam
1493 2268 1524 2327 in

375 2374 483 2457 primo
503 2371 576 2452 Joel
598 2374 762 2436 invenitur
780 2373 1001 2437 communiter
1016 2374 1105 2455 apud
1125 2392 1241 2435 omnes
1258 2369 1383 2435 Biblias
1401 2370 1524 2433 malum

376 2499 437 2561 pro
456 2477 580 2556 arbore,
599 2479 698 2541 etiam
715 2498 819 2560 usque
835 2488 1036 2541 correctores
1058 2477 1254 2541 dimiserunt
1275 2475 1354 2539 illud
1377 2475 1409 2537 in
1432 2475 1525 2538 novis

378 2582 510 2647 Bibliis:
533 2592 567 2646 et
587 2593 706 2664 quarto
722 2582 934 2646 Canticorum
956 2580 1154 2655 ubidicitur,
1172 2582 1272 2644 ‘sicut
1293 2580 1417 2643 malum
1440 2580 1527 2643 inter

376 2685 467 2769 ligna
480 2684 666 2766 sylvarum’
681 2712 689 2765 3
711 2686 758 2750 sic
773 2686 913 2769 exponit
934 2685 1026 2751 Beda
1040 2686 1073 2750 in
1095 2684 1254 2768 originali,
1271 2693 1303 2748 et
1319 2684 1524 2748 duodecimo.

377 2790 588 2853 Ecclesiastis
611 2802 662 2854 est
681 2789 891 2872 amygdalum
913 2801 946 2854 et
970 2789 1233 2872 malogranatum
1258 2791 1291 2854 in
1314 2789 1471 2871 singulari
1493 2797 1527 2852 et

376 2894 606 2976 malogranata
627 2895 660 2957 in
683 2895 810 2978 plurali,
828 2897 922 2978 quod
946 2915 1011 2957 non
1036 2895 1137 2968 fieret,
1153 2895 1180 2958 si
1204 2894 1328 2958 malum
1354 2914 1421 2957 non
1441 2903 1527 2958 esset

377 2999 524 3062 neutrius
551 2999 689 3081 generis.
735 2998 910 3063 Mutantur
935 3000 1037 3082 igitur
1065 2999 1255 3082 hujusmodi
1282 2999 1444 3063 vocabula
1476 3019 1525 3062 se-

376 3104 521 3168 cundum
542 3102 682 3166 sormam
699 3102 906 3168 Latinorum.
952 3102 999 3167 Et
1021 3105 1199 3186 praecipue
1222 3103 1339 3166 mirum
1363 3101 1524 3184 estquod

376 3207 410 3271 in
431 3207 544 3288 aliquo
561 3217 760 3271 correctores
781 3207 956 3271 dimittunt
985 3208 1156 3291 antiquam
1181 3207 1309 3271 literam
1341 3216 1375 3270 et
1405 3207 1438 3270 in
1460 3205 1525 3270 alio

376 3312 551 3391 abradunt,
565 3312 658 3396 quod
674 3321 726 3375 est
740 3313 875 3375 omniuo
891 3322 1004 3377 contra
1021 3313 1194 3376 rationem.

208 3434 364 3484 Muukein
423 3415 583 3481 Similiter
606 3417 639 3479 in
661 3416 934 3498 pronunciatione
962 3417 1131 3481 literarum
1156 3415 1357 3480 Graecarum
1385 3414 1526 3479 multum

206 3500 316 3566 prosody

205 3568 255 3615 due
266 3577 293 3616 to

206 3632 316 3747 tnta

378 3532 512 3597 erratur,
526 3530 662 3602 propter
677 3521 749 3596 hoc,
764 3522 856 3603 quod
870 3521 982 3583 Latini
999 3520 1115 3585 volunt
1130 3518 1270 3584 sormam
1287 3540 1381 3584 suam
1398 3540 1528 3584 servare

378 3625 411 3687 in
440 3624 576 3688 Graecis
604 3624 830 3703 dictionibus;
864 3634 898 3688 et
928 3626 961 3688 in
988 3623 1051 3688 hoc
1077 3635 1234 3706 peccatur
1265 3625 1424 3700 maxime,
1451 3645 1526 3688 cum
1634 3627 1637 3634 '

204 3762 356 3814 differem.
378 3748 494 3792 omnes
511 3729 634 3792 Poetae
655 3740 689 3791 et
709 3749 825 3791 omnes
846 3727 973 3810 antiqui
992 3728 1102 3792 Latini
1117 3727 1327 3810 proferebant
1346 3728 1527 3793 secundum

376 3834 518 3915 primam
557 3832 809 3896 institutionem.
864 3831 932 3896 Sed
966 3853 1027 3895 nos
1057 3833 1206 3896 moderni
1236 3831 1432 3896 violavimus
1464 3831 1529 3897 hoc

377 3936 490 4001 multis
512 3936 619 4000 modis
638 3945 751 4000 contra
766 3956 862 3999 usum
879 3937 1026 4000 omnium
1046 3937 1276 4018 antiquorum;
1299 3936 1390 3999 verbi
1409 3936 1527 4019 gratia,

377 4060 453 4103 cum
478 4041 663 4104 Priscianus
687 4040 777 4118 dicit,
800 4041 890 4122 quod
913 4041 1048 4104 nomina
1075 4040 1261 4124 possessiva
1288 4041 1473 4104 desinentia
1496 4041 1528 4103 in

377 4165 440 4207 nus
455 4144 632 4227 longantur
654 4153 688 4207 et
708 4155 871 4207 acuuntur
886 4145 919 4206 in
936 4143 1130 4225 penultima,
1145 4152 1183 4206 ut
1200 4143 1359 4222 Bovinus,
1375 4144 1529 4220 Latinus,

378 4249 525 4332 equinus,
541 4247 756 4328 intelligenda
771 4258 822 4312 est
837 4247 951 4332 regula
972 4249 1014 4312 de
1030 4248 1160 4312 Latinis
1176 4247 1385 4321 dictionibus,
1401 4267 1466 4311 non
1486 4249 1529 4312 de

379 4352 525 4429 Graecis,
541 4362 678 4434 propter
696 4352 824 4434 aliquas
846 4353 992 4416 rationes
1014 4361 1120 4416 tactas
1143 4353 1243 4436 prius.
1292 4352 1337 4414 Et
1360 4351 1437 4414 ideo
1452 4371 1528 4414 cum

380 4457 655 4533 Adamantinum,
700 4454 887 4537 Byssinum,
936 4455 1208 4537 chrystallinum
1254 4455 1529 4537 Hyacinthinum,

379 4559 634 4641 Bombycinum,
671 4557 895 4641 Onychinum,
938 4559 1223 4641 Amethystinum
1262 4559 1529 4642 smaragdinum,

379 4674 413 4728 et
439 4662 537 4745 hujus
568 4664 658 4728 modi
684 4672 762 4726 sunt
792 4663 928 4739 Graeca,
953 4664 1078 4728 debent
1103 4664 1243 4728 breviari
1273 4665 1307 4728 in
1336 4664 1530 4746 penultima,
