<?xml version="1.0" encoding="UTF-8"?>
<!DOCTYPE html PUBLIC "-//W3C//DTD XHTML 1.0 Transitional//EN"
    "http://www.w3.org/TR/xhtml1/DTD/xhtml1-transitional.dtd">
<html xmlns="http://www.w3.org/1999/xhtml" xml:lang="en" lang="en">
 <head>
  <title>
</title>
<meta http-equiv="Content-Type" content="text/html;charset=utf-8" />
  <meta name='ocr-system' content='tesseract 3.04.00' />
  <meta name='ocr-capabilities' content='ocr_page ocr_carea ocr_par ocr_line ocrx_word'/>
</head>
<body>
  <div class='ocr_page' id='page_1' title='image "./opusmajusrogerb01bridgoog/opusmajusrogerb01bridgoog_0570.png"; bbox 0 0 3575 5375; ppageno 0'>
   <div class='ocr_carea' id='block_1_1' title="bbox 678 597 1395 674">
    <p class='ocr_par' dir='ltr' id='par_1_1' title="bbox 678 597 1395 674">
     <span class='ocr_line' id='line_1_1' title="bbox 678 597 1395 674; baseline -0.008 -14"><span class='ocrx_word' id='word_1_1' title='bbox 678 597 966 660; x_wconf 80' lang='lat' dir='ltr'><em>GEOGRAPHIA.</em></span> <span class='ocrx_word' id='word_1_2' title='bbox 1336 612 1395 674; x_wconf 82' lang='lat'>371</span> 
     </span>
    </p>
   </div>
   <div class='ocr_carea' id='block_1_2' title="bbox 244 761 1395 951">
    <p class='ocr_par' dir='ltr' id='par_1_2' title="bbox 244 761 1395 951">
     <span class='ocr_line' id='line_1_2' title="bbox 245 761 1395 847; baseline -0.005 -17"><span class='ocrx_word' id='word_1_3' title='bbox 245 785 280 830; x_wconf 88' lang='lat' dir='ltr'>se</span> <span class='ocrx_word' id='word_1_4' title='bbox 303 764 450 847; x_wconf 87' lang='lat' dir='ltr'>mulgeri,</span> <span class='ocrx_word' id='word_1_5' title='bbox 470 763 504 827; x_wconf 92' lang='lat' dir='ltr'>ni</span> <span class='ocrx_word' id='word_1_6' title='bbox 527 773 677 828; x_wconf 88' lang='lat' dir='ltr'>cantetur</span> <span class='ocrx_word' id='word_1_7' title='bbox 699 764 763 840; x_wconf 88' lang='lat' dir='ltr'>eis;</span> <span class='ocrx_word' id='word_1_8' title='bbox 786 773 820 827; x_wconf 87' lang='lat' dir='ltr'>et</span> <span class='ocrx_word' id='word_1_9' title='bbox 843 763 871 828; x_wconf 90' lang='lat' dir='ltr'>si</span> <span class='ocrx_word' id='word_1_10' title='bbox 895 762 949 826; x_wconf 91' lang='lat' dir='ltr'>isti</span> <span class='ocrx_word' id='word_1_11' title='bbox 970 764 1074 826; x_wconf 76' lang='lat' dir='ltr'>boves</span> <span class='ocrx_word' id='word_1_12' title='bbox 1090 763 1206 826; x_wconf 89' lang='lat' dir='ltr'>vident</span> <span class='ocrx_word' id='word_1_13' title='bbox 1226 761 1395 826; x_wconf 90' lang='lat' dir='ltr'>hominem</span> 
     </span>
     <span class='ocr_line' id='line_1_3' title="bbox 244 866 1333 951; baseline -0.005 -18"><span class='ocrx_word' id='word_1_14' title='bbox 244 870 396 933; x_wconf 92' lang='lat' dir='ltr'>indutum</span> <span class='ocrx_word' id='word_1_15' title='bbox 412 868 517 932; x_wconf 92' lang='lat' dir='ltr'>rubris</span> <span class='ocrx_word' id='word_1_16' title='bbox 532 868 660 951; x_wconf 90' lang='lat' dir='ltr'>pannis,</span> <span class='ocrx_word' id='word_1_17' title='bbox 675 866 822 932; x_wconf 91' lang='lat' dir='ltr'>insiliunt</span> <span class='ocrx_word' id='word_1_18' title='bbox 837 867 870 930; x_wconf 92' lang='lat' dir='ltr'>in</span> <span class='ocrx_word' id='word_1_19' title='bbox 887 887 964 931; x_wconf 91' lang='lat' dir='ltr'>eum</span> <span class='ocrx_word' id='word_1_20' title='bbox 977 867 1126 932; x_wconf 89' lang='lat' dir='ltr'>volentes</span> <span class='ocrx_word' id='word_1_21' title='bbox 1141 866 1333 931; x_wconf 86' lang='lat' dir='ltr'>interficere.</span> 
     </span>
    </p>
   </div>
   <div class='ocr_carea' id='block_1_3' title="bbox 289 969 1555 1053">
    <p class='ocr_par' dir='ltr' id='par_1_3' title="bbox 289 969 1555 1053">
     <span class='ocr_line' id='line_1_4' title="bbox 289 969 1555 1053; baseline -0.005 -16"><span class='ocrx_word' id='word_1_22' title='bbox 289 973 369 1038; x_wconf 90' lang='lat' dir='ltr'><strong>Post</strong></span> <span class='ocrx_word' id='word_1_23' title='bbox 384 974 466 1038; x_wconf 92' lang='lat' dir='ltr'>istos</span> <span class='ocrx_word' id='word_1_24' title='bbox 484 974 528 1037; x_wconf 92' lang='lat' dir='ltr'>ad</span> <span class='ocrx_word' id='word_1_25' title='bbox 544 972 706 1037; x_wconf 86' lang='lat' dir='ltr'>orientem</span> <span class='ocrx_word' id='word_1_26' title='bbox 725 982 802 1037; x_wconf 93' lang='lat' dir='ltr'>sunt</span> <span class='ocrx_word' id='word_1_27' title='bbox 817 971 970 1036; x_wconf 89' lang='lat' dir='ltr'>homines</span> <span class='ocrx_word' id='word_1_28' title='bbox 985 973 1043 1053; x_wconf 92' lang='lat' dir='ltr'>qui</span> <span class='ocrx_word' id='word_1_29' title='bbox 1058 981 1218 1036; x_wconf 88' lang='lat' dir='ltr'>vocantur</span> <span class='ocrx_word' id='word_1_30' title='bbox 1232 969 1396 1047; x_wconf 89' lang='lat' dir='ltr'>Thebeth,</span> <span class='ocrx_word' id='word_1_31' title='bbox 1409 983 1517 1032; x_wconf 72' lang='lat' dir='ltr'>Nauons</span> <span class='ocrx_word' id='word_1_32' title='bbox 1527 990 1555 1032; x_wconf 88' lang='lat' dir='ltr'>ro</span> 
     </span>
    </p>
   </div>
   <div class='ocr_carea' id='block_1_4' title="bbox 1409 1048 1503 1099">
    <p class='ocr_par' dir='ltr' id='par_1_4' title="bbox 1409 1048 1503 1099">
     <span class='ocr_line' id='line_1_5' title="bbox 1409 1048 1503 1099; baseline -0.032 0"><span class='ocrx_word' id='word_1_33' title='bbox 1409 1057 1462 1099; x_wconf 81' lang='lat' dir='ltr'>east</span> <span class='ocrx_word' id='word_1_34' title='bbox 1490 1048 1503 1096; x_wconf 85' lang='lat' dir='ltr'>l&#39;</span> 
     </span>
    </p>
   </div>
   <div class='ocr_carea' id='block_1_5' title="bbox 245 1064 1521 1165">
    <p class='ocr_par' dir='ltr' id='par_1_5' title="bbox 245 1064 1521 1165">
     <span class='ocr_line' id='line_1_6' title="bbox 245 1064 1521 1165; baseline -0.005 -22"><span class='ocrx_word' id='word_1_35' title='bbox 245 1078 301 1160; x_wconf 89' lang='lat' dir='ltr'>qui</span> <span class='ocrx_word' id='word_1_36' title='bbox 323 1078 475 1144; x_wconf 89' lang='lat' dir='ltr'>solebant</span> <span class='ocrx_word' id='word_1_37' title='bbox 499 1078 671 1142; x_wconf 87' lang='lat' dir='ltr'>comedere</span> <span class='ocrx_word' id='word_1_38' title='bbox 694 1086 849 1160; x_wconf 87' lang='lat' dir='ltr'>parentes</span> <span class='ocrx_word' id='word_1_39' title='bbox 875 1097 953 1141; x_wconf 89' lang='lat' dir='ltr'>suos</span> <span class='ocrx_word' id='word_1_40' title='bbox 978 1096 1078 1141; x_wconf 90' lang='lat' dir='ltr'>causa</span> <span class='ocrx_word' id='word_1_41' title='bbox 1104 1074 1246 1158; x_wconf 91' lang='lat' dir='ltr'>pietatis,</span> <span class='ocrx_word' id='word_1_42' title='bbox 1269 1084 1306 1139; x_wconf 95' lang='lat' dir='ltr'>ut</span> <span class='ocrx_word' id='word_1_43' title='bbox 1330 1094 1395 1138; x_wconf 92' lang='lat' dir='ltr'>non</span> <span class='ocrx_word' id='word_1_44' title='bbox 1410 1064 1521 1165; x_wconf 59' lang='lat' dir='ltr'>Turba</span> 
     </span>
    </p>
   </div>
   <div class='ocr_carea' id='block_1_6' title="bbox 246 1178 1412 3233">
    <p class='ocr_par' dir='ltr' id='par_1_6' title="bbox 246 1178 1412 3233">
     <span class='ocr_line' id='line_1_7' title="bbox 246 1178 1397 1264; baseline -0.002 -20"><span class='ocrx_word' id='word_1_45' title='bbox 246 1181 390 1246; x_wconf 84' lang='lat' dir='ltr'>iacerent</span> <span class='ocrx_word' id='word_1_46' title='bbox 405 1183 451 1245; x_wconf 90' lang='lat' dir='ltr'>eis</span> <span class='ocrx_word' id='word_1_47' title='bbox 465 1182 531 1245; x_wconf 89' lang='lat' dir='ltr'>alia</span> <span class='ocrx_word' id='word_1_48' title='bbox 551 1178 724 1264; x_wconf 88' lang='lat' dir='ltr'>sepulchra</span> <span class='ocrx_word' id='word_1_49' title='bbox 740 1180 802 1244; x_wconf 89' lang='lat' dir='ltr'>nisi</span> <span class='ocrx_word' id='word_1_50' title='bbox 817 1180 944 1244; x_wconf 91' lang='lat' dir='ltr'>viscera</span> <span class='ocrx_word' id='word_1_51' title='bbox 963 1201 1032 1259; x_wconf 90' lang='lat' dir='ltr'>sua,</span> <span class='ocrx_word' id='word_1_52' title='bbox 1048 1180 1091 1244; x_wconf 90' lang='lat' dir='ltr'>de</span> <span class='ocrx_word' id='word_1_53' title='bbox 1111 1181 1231 1263; x_wconf 92' lang='lat' dir='ltr'>quibus</span> <span class='ocrx_word' id='word_1_54' title='bbox 1250 1180 1397 1246; x_wconf 87' lang='lat' dir='ltr'>scribunt</span> 
     </span>
     <span class='ocr_line' id='line_1_8' title="bbox 247 1283 1398 1370; baseline -0.002 -22"><span class='ocrx_word' id='word_1_55' title='bbox 247 1286 445 1370; x_wconf 88' lang='lat' dir='ltr'>philosophi,</span> <span class='ocrx_word' id='word_1_56' title='bbox 460 1295 496 1351; x_wconf 90' lang='lat' dir='ltr'>ut</span> <span class='ocrx_word' id='word_1_57' title='bbox 522 1285 645 1350; x_wconf 88' lang='lat' dir='ltr'>Plinius</span> <span class='ocrx_word' id='word_1_58' title='bbox 667 1295 702 1350; x_wconf 90' lang='lat' dir='ltr'>et</span> <span class='ocrx_word' id='word_1_59' title='bbox 726 1283 867 1362; x_wconf 90' lang='lat' dir='ltr'>Solinus,</span> <span class='ocrx_word' id='word_1_60' title='bbox 885 1295 920 1348; x_wconf 90' lang='lat' dir='ltr'>et</span> <span class='ocrx_word' id='word_1_61' title='bbox 942 1285 1009 1363; x_wconf 88' lang='lat' dir='ltr'>alii,</span> <span class='ocrx_word' id='word_1_62' title='bbox 1024 1295 1059 1350; x_wconf 93' lang='lat' dir='ltr'>et</span> <span class='ocrx_word' id='word_1_63' title='bbox 1080 1284 1179 1349; x_wconf 80' lang='lat' dir='ltr'>frater</span> <span class='ocrx_word' id='word_1_64' title='bbox 1201 1283 1398 1348; x_wconf 91' lang='lat' dir='ltr'>Willielmus</span> 
     </span>
     <span class='ocr_line' id='line_1_9' title="bbox 247 1385 1398 1471; baseline -0.004 -16"><span class='ocrx_word' id='word_1_65' title='bbox 247 1400 389 1455; x_wconf 88' lang='lat' dir='ltr'>testatur</span> <span class='ocrx_word' id='word_1_66' title='bbox 411 1390 444 1453; x_wconf 93' lang='lat' dir='ltr'>in</span> <span class='ocrx_word' id='word_1_67' title='bbox 467 1389 553 1453; x_wconf 91' lang='lat' dir='ltr'>libro</span> <span class='ocrx_word' id='word_1_68' title='bbox 575 1410 646 1466; x_wconf 88' lang='lat' dir='ltr'>suo,</span> <span class='ocrx_word' id='word_1_69' title='bbox 666 1409 706 1453; x_wconf 90' lang='lat' dir='ltr'>ac</span> <span class='ocrx_word' id='word_1_70' title='bbox 729 1387 830 1453; x_wconf 83' lang='lat' dir='ltr'>irater</span> <span class='ocrx_word' id='word_1_71' title='bbox 850 1388 1022 1470; x_wconf 79' lang='lat' dir='ltr'>lohannes</span> <span class='ocrx_word' id='word_1_72' title='bbox 1044 1389 1088 1453; x_wconf 91' lang='lat' dir='ltr'>de</span> <span class='ocrx_word' id='word_1_73' title='bbox 1111 1387 1215 1452; x_wconf 88' lang='lat' dir='ltr'>Plano</span> <span class='ocrx_word' id='word_1_74' title='bbox 1239 1385 1398 1471; x_wconf 88' lang='lat' dir='ltr'>Carpini¹</span> 
     </span>
     <span class='ocr_line' id='line_1_10' title="bbox 248 1491 1400 1577; baseline -0.003 -20"><span class='ocrx_word' id='word_1_75' title='bbox 248 1494 398 1559; x_wconf 88' lang='lat' dir='ltr'>similiter</span> <span class='ocrx_word' id='word_1_76' title='bbox 414 1495 447 1556; x_wconf 94' lang='lat' dir='ltr'>in</span> <span class='ocrx_word' id='word_1_77' title='bbox 463 1493 548 1558; x_wconf 92' lang='lat' dir='ltr'>libro</span> <span class='ocrx_word' id='word_1_78' title='bbox 569 1514 668 1576; x_wconf 87' lang='lat' dir='ltr'>quem</span> <span class='ocrx_word' id='word_1_79' title='bbox 689 1493 876 1577; x_wconf 86' lang='lat' dir='ltr'>composuit</span> <span class='ocrx_word' id='word_1_80' title='bbox 897 1494 940 1556; x_wconf 91' lang='lat' dir='ltr'>dc</span> <span class='ocrx_word' id='word_1_81' title='bbox 955 1493 1114 1574; x_wconf 88' lang='lat' dir='ltr'>Tartaris,</span> <span class='ocrx_word' id='word_1_82' title='bbox 1129 1492 1214 1557; x_wconf 89' lang='lat' dir='ltr'>inter</span> <span class='ocrx_word' id='word_1_83' title='bbox 1233 1513 1318 1576; x_wconf 90' lang='lat' dir='ltr'>quos</span> <span class='ocrx_word' id='word_1_84' title='bbox 1337 1491 1400 1556; x_wconf 84' lang='lat' dir='ltr'>suit</span> 
     </span>
     <span class='ocr_line' id='line_1_11' title="bbox 248 1597 1399 1681; baseline -0.003 -19"><span class='ocrx_word' id='word_1_85' title='bbox 248 1618 334 1662; x_wconf 88' lang='lat' dir='ltr'>anno</span> <span class='ocrx_word' id='word_1_86' title='bbox 362 1597 497 1662; x_wconf 89' lang='lat' dir='ltr'>Domini</span> <span class='ocrx_word' id='word_1_87' title='bbox 528 1598 620 1676; x_wconf 86' lang='lat'>1246,</span> <span class='ocrx_word' id='word_1_88' title='bbox 647 1599 764 1662; x_wconf 88' lang='lat' dir='ltr'>missus</span> <span class='ocrx_word' id='word_1_89' title='bbox 794 1619 814 1664; x_wconf 92' lang='lat' dir='ltr'>a</span> <span class='ocrx_word' id='word_1_90' title='bbox 840 1598 987 1661; x_wconf 89' lang='lat' dir='ltr'>Domino</span> <span class='ocrx_word' id='word_1_91' title='bbox 1017 1618 1105 1681; x_wconf 85' lang='lat' dir='ltr'>papa</span> <span class='ocrx_word' id='word_1_92' title='bbox 1134 1597 1168 1661; x_wconf 94' lang='lat' dir='ltr'>in</span> <span class='ocrx_word' id='word_1_93' title='bbox 1197 1597 1399 1680; x_wconf 85' lang='lat' dir='ltr'>legationem</span> 
     </span>
     <span class='ocr_line' id='line_1_12' title="bbox 248 1700 1400 1786; baseline -0.003 -19"><span class='ocrx_word' id='word_1_94' title='bbox 248 1703 291 1767; x_wconf 89' lang='lat' dir='ltr'>ad</span> <span class='ocrx_word' id='word_1_95' title='bbox 308 1703 539 1786; x_wconf 83' lang='lat' dir='ltr'>imperatorem</span> <span class='ocrx_word' id='word_1_96' title='bbox 555 1702 780 1767; x_wconf 89' lang='lat' dir='ltr'>Tartarorum.</span> <span class='ocrx_word' id='word_1_97' title='bbox 826 1701 894 1767; x_wconf 89' lang='lat' dir='ltr'>Sed</span> <span class='ocrx_word' id='word_1_98' title='bbox 915 1701 993 1784; x_wconf 91' lang='lat' dir='ltr'>quia</span> <span class='ocrx_word' id='word_1_99' title='bbox 1013 1701 1146 1766; x_wconf 84' lang='lat' dir='ltr'>fuerunt</span> <span class='ocrx_word' id='word_1_100' title='bbox 1167 1723 1211 1764; x_wconf 87' lang='lat' dir='ltr'>ex</span> <span class='ocrx_word' id='word_1_101' title='bbox 1232 1701 1295 1764; x_wconf 91' lang='lat' dir='ltr'>hoc</span> <span class='ocrx_word' id='word_1_102' title='bbox 1311 1700 1400 1764; x_wconf 84' lang='lat' dir='ltr'>iacto</span> 
     </span>
     <span class='ocr_line' id='line_1_13' title="bbox 249 1801 1401 1884; baseline -0.001 -19"><span class='ocrx_word' id='word_1_103' title='bbox 249 1802 487 1866; x_wconf 87' lang='lat' dir='ltr'>abominabiles</span> <span class='ocrx_word' id='word_1_104' title='bbox 507 1803 598 1866; x_wconf 92' lang='lat' dir='ltr'>omni</span> <span class='ocrx_word' id='word_1_105' title='bbox 619 1802 755 1880; x_wconf 87' lang='lat' dir='ltr'>nationi,</span> <span class='ocrx_word' id='word_1_106' title='bbox 771 1801 847 1866; x_wconf 86' lang='lat' dir='ltr'>ideo</span> <span class='ocrx_word' id='word_1_107' title='bbox 862 1801 932 1884; x_wconf 87' lang='lat' dir='ltr'>jam</span> <span class='ocrx_word' id='word_1_108' title='bbox 953 1811 1163 1866; x_wconf 83' lang='lat' dir='ltr'>mutavenmt</span> <span class='ocrx_word' id='word_1_109' title='bbox 1182 1801 1268 1865; x_wconf 90' lang='lat' dir='ltr'>hunc</span> <span class='ocrx_word' id='word_1_110' title='bbox 1289 1802 1401 1878; x_wconf 92' lang='lat' dir='ltr'>ritum,</span> 
     </span>
     <span class='ocr_line' id='line_1_14' title="bbox 249 1903 1402 1990; baseline -0.001 -20"><span class='ocrx_word' id='word_1_111' title='bbox 249 1917 410 1970; x_wconf 88' lang='lat' dir='ltr'>ettamen</span> <span class='ocrx_word' id='word_1_112' title='bbox 426 1905 535 1972; x_wconf 92' lang='lat' dir='ltr'>adhuc</span> <span class='ocrx_word' id='word_1_113' title='bbox 550 1908 592 1970; x_wconf 89' lang='lat' dir='ltr'>de</span> <span class='ocrx_word' id='word_1_114' title='bbox 607 1908 736 1972; x_wconf 90' lang='lat' dir='ltr'>ossibus</span> <span class='ocrx_word' id='word_1_115' title='bbox 753 1907 900 1990; x_wconf 91' lang='lat' dir='ltr'>capitum</span> <span class='ocrx_word' id='word_1_116' title='bbox 916 1903 1042 1968; x_wconf 84' lang='lat' dir='ltr'>iaciunt</span> <span class='ocrx_word' id='word_1_117' title='bbox 1056 1905 1212 1987; x_wconf 83' lang='lat' dir='ltr'>scyphos,</span> <span class='ocrx_word' id='word_1_118' title='bbox 1228 1905 1262 1968; x_wconf 90' lang='lat' dir='ltr'>in</span> <span class='ocrx_word' id='word_1_119' title='bbox 1281 1906 1402 1987; x_wconf 91' lang='lat' dir='ltr'>quibus</span> 
     </span>
     <span class='ocr_line' id='line_1_15' title="bbox 249 2007 1401 2094; baseline -0.001 -20"><span class='ocrx_word' id='word_1_120' title='bbox 249 2011 369 2074; x_wconf 90' lang='lat' dir='ltr'>bibunt</span> <span class='ocrx_word' id='word_1_121' title='bbox 391 2022 527 2094; x_wconf 89' lang='lat' dir='ltr'>propter</span> <span class='ocrx_word' id='word_1_122' title='bbox 549 2011 741 2076; x_wconf 86' lang='lat' dir='ltr'>memoriam</span> <span class='ocrx_word' id='word_1_123' title='bbox 764 2019 940 2094; x_wconf 91' lang='lat' dir='ltr'>parentum</span> <span class='ocrx_word' id='word_1_124' title='bbox 966 2029 1106 2072; x_wconf 87' lang='lat' dir='ltr'>suorum</span> <span class='ocrx_word' id='word_1_125' title='bbox 1152 2007 1233 2073; x_wconf 92' lang='lat' dir='ltr'>Post</span> <span class='ocrx_word' id='word_1_126' title='bbox 1254 2010 1335 2072; x_wconf 88' lang='lat' dir='ltr'>istos</span> <span class='ocrx_word' id='word_1_127' title='bbox 1357 2011 1401 2073; x_wconf 90' lang='lat' dir='ltr'>ad</span> 
     </span>
     <span class='ocr_line' id='line_1_16' title="bbox 250 2110 1403 2196; baseline -0.003 -18"><span class='ocrx_word' id='word_1_128' title='bbox 250 2115 410 2178; x_wconf 87' lang='lat' dir='ltr'>orientem</span> <span class='ocrx_word' id='word_1_129' title='bbox 425 2123 501 2178; x_wconf 92' lang='lat' dir='ltr'>sunt</span> <span class='ocrx_word' id='word_1_130' title='bbox 516 2115 608 2196; x_wconf 89' lang='lat' dir='ltr'>parvi</span> <span class='ocrx_word' id='word_1_131' title='bbox 624 2114 774 2177; x_wconf 88' lang='lat' dir='ltr'>homines</span> <span class='ocrx_word' id='word_1_132' title='bbox 789 2122 823 2177; x_wconf 90' lang='lat' dir='ltr'>et</span> <span class='ocrx_word' id='word_1_133' title='bbox 838 2110 918 2178; x_wconf 86' lang='lat' dir='ltr'>lusci</span> <span class='ocrx_word' id='word_1_134' title='bbox 934 2112 1020 2177; x_wconf 91' lang='lat' dir='ltr'>sicut</span> <span class='ocrx_word' id='word_1_135' title='bbox 1037 2111 1188 2194; x_wconf 87' lang='lat' dir='ltr'>Hispani,</span> <span class='ocrx_word' id='word_1_136' title='bbox 1200 2121 1233 2175; x_wconf 91' lang='lat' dir='ltr'>et</span> <span class='ocrx_word' id='word_1_137' title='bbox 1248 2113 1403 2177; x_wconf 89' lang='lat' dir='ltr'>dicuntur</span> 
     </span>
     <span class='ocr_line' id='line_1_17' title="bbox 252 2215 1404 2300; baseline -0.002 -18"><span class='ocrx_word' id='word_1_138' title='bbox 252 2217 401 2300; x_wconf 84' lang='lat' dir='ltr'>Solangi,</span> <span class='ocrx_word' id='word_1_139' title='bbox 428 2237 568 2299; x_wconf 90' lang='lat' dir='ltr'>quorum</span> <span class='ocrx_word' id='word_1_140' title='bbox 594 2217 697 2282; x_wconf 90' lang='lat' dir='ltr'>nuntii</span> <span class='ocrx_word' id='word_1_141' title='bbox 724 2216 860 2300; x_wconf 91' lang='lat' dir='ltr'>quando</span> <span class='ocrx_word' id='word_1_142' title='bbox 884 2215 1021 2280; x_wconf 91' lang='lat' dir='ltr'>veniunt</span> <span class='ocrx_word' id='word_1_143' title='bbox 1046 2217 1090 2280; x_wconf 89' lang='lat' dir='ltr'>ad</span> <span class='ocrx_word' id='word_1_144' title='bbox 1116 2216 1238 2280; x_wconf 91' lang='lat' dir='ltr'>curiam</span> <span class='ocrx_word' id='word_1_145' title='bbox 1264 2215 1404 2298; x_wconf 88' lang='lat' dir='ltr'>alicujus</span> 
     </span>
     <span class='ocr_line' id='line_1_18' title="bbox 250 2320 1403 2403; baseline 0 -19"><span class='ocrx_word' id='word_1_146' title='bbox 250 2322 376 2386; x_wconf 90' lang='lat' dir='ltr'>habent</span> <span class='ocrx_word' id='word_1_147' title='bbox 397 2321 429 2384; x_wconf 90' lang='lat' dir='ltr'>in</span> <span class='ocrx_word' id='word_1_148' title='bbox 451 2341 550 2384; x_wconf 88' lang='lat' dir='ltr'>manu</span> <span class='ocrx_word' id='word_1_149' title='bbox 570 2320 717 2385; x_wconf 89' lang='lat' dir='ltr'>tabulam</span> <span class='ocrx_word' id='word_1_150' title='bbox 736 2323 778 2386; x_wconf 93' lang='lat' dir='ltr'>de</span> <span class='ocrx_word' id='word_1_151' title='bbox 800 2321 910 2399; x_wconf 88' lang='lat' dir='ltr'>ebore,</span> <span class='ocrx_word' id='word_1_152' title='bbox 925 2321 959 2384; x_wconf 93' lang='lat' dir='ltr'>in</span> <span class='ocrx_word' id='word_1_153' title='bbox 982 2341 1047 2403; x_wconf 85' lang='lat' dir='ltr'>qua</span> <span class='ocrx_word' id='word_1_154' title='bbox 1071 2320 1245 2402; x_wconf 90' lang='lat' dir='ltr'>inspiciunt</span> <span class='ocrx_word' id='word_1_155' title='bbox 1267 2321 1403 2403; x_wconf 88' lang='lat' dir='ltr'>quando</span> 
     </span>
     <span class='ocr_line' id='line_1_19' title="bbox 252 2422 1403 2507; baseline 0.001 -19"><span class='ocrx_word' id='word_1_156' title='bbox 252 2434 386 2489; x_wconf 90' lang='lat' dir='ltr'>narrant</span> <span class='ocrx_word' id='word_1_157' title='bbox 408 2445 448 2488; x_wconf 89' lang='lat' dir='ltr'>ea</span> <span class='ocrx_word' id='word_1_158' title='bbox 471 2444 557 2507; x_wconf 88' lang='lat' dir='ltr'>quae</span> <span class='ocrx_word' id='word_1_159' title='bbox 579 2422 695 2489; x_wconf 90' lang='lat' dir='ltr'>volunt</span> <span class='ocrx_word' id='word_1_160' title='bbox 720 2446 759 2490; x_wconf 92' lang='lat' dir='ltr'>ac</span> <span class='ocrx_word' id='word_1_161' title='bbox 785 2425 812 2488; x_wconf 92' lang='lat' dir='ltr'>si</span> <span class='ocrx_word' id='word_1_162' title='bbox 837 2425 950 2489; x_wconf 89' lang='lat' dir='ltr'>omnia</span> <span class='ocrx_word' id='word_1_163' title='bbox 972 2434 1083 2489; x_wconf 88' lang='lat' dir='ltr'>essent</span> <span class='ocrx_word' id='word_1_164' title='bbox 1108 2424 1154 2489; x_wconf 94' lang='lat' dir='ltr'>ibi</span> <span class='ocrx_word' id='word_1_165' title='bbox 1178 2425 1311 2507; x_wconf 89' lang='lat' dir='ltr'>scripta.</span> <span class='ocrx_word' id='word_1_166' title='bbox 1356 2423 1403 2489; x_wconf 90' lang='lat' dir='ltr'>Et</span> 
     </span>
     <span class='ocr_line' id='line_1_20' title="bbox 252 2528 1402 2614; baseline -0.002 -20"><span class='ocrx_word' id='word_1_167' title='bbox 252 2529 337 2594; x_wconf 89' lang='lat' dir='ltr'>ultra</span> <span class='ocrx_word' id='word_1_168' title='bbox 357 2531 438 2594; x_wconf 91' lang='lat' dir='ltr'>istos</span> <span class='ocrx_word' id='word_1_169' title='bbox 459 2540 509 2594; x_wconf 89' lang='lat' dir='ltr'>est</span> <span class='ocrx_word' id='word_1_170' title='bbox 526 2530 663 2612; x_wconf 88' lang='lat' dir='ltr'>quidam</span> <span class='ocrx_word' id='word_1_171' title='bbox 683 2529 835 2614; x_wconf 89' lang='lat' dir='ltr'>populus,</span> <span class='ocrx_word' id='word_1_172' title='bbox 852 2550 993 2612; x_wconf 89' lang='lat' dir='ltr'>quorum</span> <span class='ocrx_word' id='word_1_173' title='bbox 1014 2528 1172 2594; x_wconf 86' lang='lat' dir='ltr'>animalia</span> <span class='ocrx_word' id='word_1_174' title='bbox 1193 2549 1260 2593; x_wconf 94' lang='lat' dir='ltr'>non</span> <span class='ocrx_word' id='word_1_175' title='bbox 1282 2550 1402 2612; x_wconf 90' lang='lat' dir='ltr'>appro-</span> 
     </span>
     <span class='ocr_line' id='line_1_21' title="bbox 253 2632 1404 2720; baseline 0.002 -22"><span class='ocrx_word' id='word_1_176' title='bbox 253 2635 402 2720; x_wconf 89' lang='lat' dir='ltr'>priantur</span> <span class='ocrx_word' id='word_1_177' title='bbox 423 2632 519 2699; x_wconf 88' lang='lat' dir='ltr'>alicui</span> <span class='ocrx_word' id='word_1_178' title='bbox 543 2653 603 2698; x_wconf 92' lang='lat' dir='ltr'>nec</span> <span class='ocrx_word' id='word_1_179' title='bbox 625 2632 750 2700; x_wconf 89' lang='lat' dir='ltr'>habent</span> <span class='ocrx_word' id='word_1_180' title='bbox 772 2635 954 2710; x_wconf 88' lang='lat' dir='ltr'>custodem,</span> <span class='ocrx_word' id='word_1_181' title='bbox 976 2635 1035 2699; x_wconf 90' lang='lat' dir='ltr'>sed</span> <span class='ocrx_word' id='word_1_182' title='bbox 1057 2634 1085 2699; x_wconf 92' lang='lat' dir='ltr'>si</span> <span class='ocrx_word' id='word_1_183' title='bbox 1107 2633 1226 2717; x_wconf 89' lang='lat' dir='ltr'>aliquis</span> <span class='ocrx_word' id='word_1_184' title='bbox 1249 2634 1404 2716; x_wconf 84' lang='lat' dir='ltr'>indigena</span> 
     </span>
     <span class='ocr_line' id='line_1_22' title="bbox 251 2738 1412 2823; baseline 0.001 -19"><span class='ocrx_word' id='word_1_185' title='bbox 251 2739 322 2805; x_wconf 90' lang='lat' dir='ltr'>vult</span> <span class='ocrx_word' id='word_1_186' title='bbox 337 2738 459 2802; x_wconf 87' lang='lat' dir='ltr'>habere</span> <span class='ocrx_word' id='word_1_187' title='bbox 474 2738 609 2821; x_wconf 90' lang='lat' dir='ltr'>aliquod</span> <span class='ocrx_word' id='word_1_188' title='bbox 624 2738 757 2817; x_wconf 89' lang='lat' dir='ltr'>animal,</span> <span class='ocrx_word' id='word_1_189' title='bbox 769 2748 837 2805; x_wconf 88' lang='lat' dir='ltr'>stat</span> <span class='ocrx_word' id='word_1_190' title='bbox 851 2759 950 2823; x_wconf 89' lang='lat' dir='ltr'>super</span> <span class='ocrx_word' id='word_1_191' title='bbox 964 2739 1083 2804; x_wconf 88' lang='lat' dir='ltr'>collem</span> <span class='ocrx_word' id='word_1_192' title='bbox 1097 2750 1132 2804; x_wconf 90' lang='lat' dir='ltr'>et</span> <span class='ocrx_word' id='word_1_193' title='bbox 1145 2739 1305 2804; x_wconf 82' lang='lat' dir='ltr'>vociferat</span> <span class='ocrx_word' id='word_1_194' title='bbox 1319 2739 1412 2805; x_wconf 88' lang='lat' dir='ltr'>sicut-</span> 
     </span>
     <span class='ocr_line' id='line_1_23' title="bbox 252 2843 1404 2928; baseline -0.002 -19"><span class='ocrx_word' id='word_1_195' title='bbox 252 2845 332 2918; x_wconf 61' lang='lat' dir='ltr'>vult,</span> <span class='ocrx_word' id='word_1_196' title='bbox 349 2852 384 2909; x_wconf 90' lang='lat' dir='ltr'>et</span> <span class='ocrx_word' id='word_1_197' title='bbox 402 2843 539 2908; x_wconf 88' lang='lat' dir='ltr'>veniunt</span> <span class='ocrx_word' id='word_1_198' title='bbox 558 2844 601 2907; x_wconf 91' lang='lat' dir='ltr'>ad</span> <span class='ocrx_word' id='word_1_199' title='bbox 619 2863 735 2909; x_wconf 90' lang='lat' dir='ltr'>vocem</span> <span class='ocrx_word' id='word_1_200' title='bbox 756 2864 860 2923; x_wconf 90' lang='lat' dir='ltr'>suam,</span> <span class='ocrx_word' id='word_1_201' title='bbox 875 2852 910 2907; x_wconf 86' lang='lat' dir='ltr'>et</span> <span class='ocrx_word' id='word_1_202' title='bbox 929 2843 1051 2927; x_wconf 90' lang='lat' dir='ltr'>accipit</span> <span class='ocrx_word' id='word_1_203' title='bbox 1069 2844 1160 2927; x_wconf 90' lang='lat' dir='ltr'>quod</span> <span class='ocrx_word' id='word_1_204' title='bbox 1175 2844 1257 2909; x_wconf 90' lang='lat' dir='ltr'>vult.</span> <span class='ocrx_word' id='word_1_205' title='bbox 1304 2844 1404 2928; x_wconf 89' lang='lat' dir='ltr'>Quod</span> 
     </span>
     <span class='ocr_line' id='line_1_24' title="bbox 251 2947 1405 3029; baseline -0.002 -17"><span class='ocrx_word' id='word_1_206' title='bbox 251 2948 279 3013; x_wconf 90' lang='lat' dir='ltr'>si</span> <span class='ocrx_word' id='word_1_207' title='bbox 303 2957 480 3012; x_wconf 87' lang='lat' dir='ltr'>extraneus</span> <span class='ocrx_word' id='word_1_208' title='bbox 502 2949 635 3027; x_wconf 88' lang='lat' dir='ltr'>veniret,</span> <span class='ocrx_word' id='word_1_209' title='bbox 658 2948 761 3013; x_wconf 91' lang='lat' dir='ltr'>odore</span> <span class='ocrx_word' id='word_1_210' title='bbox 783 2968 844 3012; x_wconf 90' lang='lat' dir='ltr'>suo</span> <span class='ocrx_word' id='word_1_211' title='bbox 866 2947 995 3029; x_wconf 81' lang='lat' dir='ltr'>fugaret</span> <span class='ocrx_word' id='word_1_212' title='bbox 1021 2948 1133 3012; x_wconf 90' lang='lat' dir='ltr'>omnia</span> <span class='ocrx_word' id='word_1_213' title='bbox 1159 2958 1193 3013; x_wconf 91' lang='lat' dir='ltr'>et</span> <span class='ocrx_word' id='word_1_214' title='bbox 1216 2947 1338 3013; x_wconf 86' lang='lat' dir='ltr'>iaceret</span> <span class='ocrx_word' id='word_1_215' title='bbox 1364 2968 1405 3011; x_wconf 89' lang='lat' dir='ltr'>ea</span> 
     </span>
     <span class='ocr_line' id='line_1_25' title="bbox 252 3051 1406 3134; baseline 0 -19"><span class='ocrx_word' id='word_1_216' title='bbox 252 3052 435 3134; x_wconf 86' lang='lat' dir='ltr'>sylvestria.</span> <span class='ocrx_word' id='word_1_217' title='bbox 479 3052 525 3115; x_wconf 93' lang='lat' dir='ltr'>Et</span> <span class='ocrx_word' id='word_1_218' title='bbox 549 3051 625 3117; x_wconf 87' lang='lat' dir='ltr'>ideo</span> <span class='ocrx_word' id='word_1_219' title='bbox 646 3052 783 3134; x_wconf 90' lang='lat' dir='ltr'>quando</span> <span class='ocrx_word' id='word_1_220' title='bbox 805 3053 955 3116; x_wconf 90' lang='lat' dir='ltr'>homines</span> <span class='ocrx_word' id='word_1_221' title='bbox 976 3052 1112 3117; x_wconf 91' lang='lat' dir='ltr'>veniunt</span> <span class='ocrx_word' id='word_1_222' title='bbox 1134 3054 1293 3128; x_wconf 87' lang='lat' dir='ltr'>extranei,</span> <span class='ocrx_word' id='word_1_223' title='bbox 1315 3052 1406 3117; x_wconf 88' lang='lat' dir='ltr'>clau·</span> 
     </span>
     <span class='ocr_line' id='line_1_26' title="bbox 253 3155 1406 3233; baseline -0.002 -12"><span class='ocrx_word' id='word_1_224' title='bbox 253 3157 337 3221; x_wconf 91' lang='lat' dir='ltr'>dunt</span> <span class='ocrx_word' id='word_1_225' title='bbox 352 3177 409 3222; x_wconf 89' lang='lat' dir='ltr'>eos</span> <span class='ocrx_word' id='word_1_226' title='bbox 430 3157 464 3221; x_wconf 94' lang='lat' dir='ltr'>in</span> <span class='ocrx_word' id='word_1_227' title='bbox 484 3158 595 3233; x_wconf 84' lang='lat' dir='ltr'>domn,</span> <span class='ocrx_word' id='word_1_228' title='bbox 611 3166 646 3220; x_wconf 90' lang='lat' dir='ltr'>et</span> <span class='ocrx_word' id='word_1_229' title='bbox 660 3157 744 3220; x_wconf 88' lang='lat' dir='ltr'>dant</span> <span class='ocrx_word' id='word_1_230' title='bbox 761 3156 808 3221; x_wconf 89' lang='lat' dir='ltr'>eis</span> <span class='ocrx_word' id='word_1_231' title='bbox 829 3156 1011 3220; x_wconf 81' lang='lat' dir='ltr'>necessaria</span> <span class='ocrx_word' id='word_1_232' title='bbox 1024 3156 1124 3232; x_wconf 88' lang='lat' dir='ltr'>vitae,</span> <span class='ocrx_word' id='word_1_233' title='bbox 1138 3156 1246 3221; x_wconf 90' lang='lat' dir='ltr'>donec</span> <span class='ocrx_word' id='word_1_234' title='bbox 1262 3155 1406 3220; x_wconf 74' lang='lat' dir='ltr'>habeant</span> 
     </span>
    </p>
   </div>
   <div class='ocr_carea' id='block_1_7' title="bbox 254 3337 1412 4529">
    <p class='ocr_par' dir='ltr' id='par_1_7' title="bbox 254 3337 1412 4529">
     <span class='ocr_line' id='line_1_27' title="bbox 287 3337 1411 3401; baseline -0.001 -14"><span class='ocrx_word' id='word_1_235' title='bbox 287 3338 296 3367; x_wconf 88' lang='lat'><strong>¹</strong></span> <span class='ocrx_word' id='word_1_236' title='bbox 316 3337 422 3400; x_wconf 87' lang='lat' dir='ltr'>Carpini</span> <span class='ocrx_word' id='word_1_237' title='bbox 435 3352 491 3387; x_wconf 89' lang='lat' dir='ltr'>was</span> <span class='ocrx_word' id='word_1_238' title='bbox 502 3354 518 3387; x_wconf 83' lang='lat' dir='ltr'>a</span> <span class='ocrx_word' id='word_1_239' title='bbox 529 3340 615 3387; x_wconf 86' lang='lat' dir='ltr'>native</span> <span class='ocrx_word' id='word_1_240' title='bbox 624 3338 656 3387; x_wconf 83' lang='lat' dir='ltr'>ol</span> <span class='ocrx_word' id='word_1_241' title='bbox 668 3338 789 3401; x_wconf 81' lang='lat' dir='ltr'>Perugia,</span> <span class='ocrx_word' id='word_1_242' title='bbox 800 3340 851 3389; x_wconf 89' lang='lat' dir='ltr'>and</span> <span class='ocrx_word' id='word_1_243' title='bbox 862 3354 920 3387; x_wconf 86' lang='lat' dir='ltr'>was</span> <span class='ocrx_word' id='word_1_244' title='bbox 930 3346 1051 3400; x_wconf 75' lang='lat' dir='ltr'>amongst</span> <span class='ocrx_word' id='word_1_245' title='bbox 1066 3338 1112 3386; x_wconf 87' lang='lat' dir='ltr'>the</span> <span class='ocrx_word' id='word_1_246' title='bbox 1128 3338 1233 3387; x_wconf 74' lang='lat' dir='ltr'>earliest</span> <span class='ocrx_word' id='word_1_247' title='bbox 1247 3338 1370 3400; x_wconf 89' lang='lat' dir='ltr'>disciples</span> <span class='ocrx_word' id='word_1_248' title='bbox 1381 3340 1411 3388; x_wconf 84' lang='lat' dir='ltr'>oi</span> 
     </span>
     <span class='ocr_line' id='line_1_28' title="bbox 256 3416 1406 3479; baseline -0.001 -12"><span class='ocrx_word' id='word_1_249' title='bbox 256 3417 293 3467; x_wconf 85' lang='lat' dir='ltr'>St.</span> <span class='ocrx_word' id='word_1_250' title='bbox 308 3416 423 3477; x_wconf 84' lang='lat' dir='ltr'>Francis,</span> <span class='ocrx_word' id='word_1_251' title='bbox 440 3418 503 3465; x_wconf 86' lang='lat' dir='ltr'>who</span> <span class='ocrx_word' id='word_1_252' title='bbox 520 3424 580 3465; x_wconf 87' lang='lat' dir='ltr'>sent</span> <span class='ocrx_word' id='word_1_253' title='bbox 592 3416 645 3465; x_wconf 85' lang='lat' dir='ltr'>him</span> <span class='ocrx_word' id='word_1_254' title='bbox 660 3418 686 3465; x_wconf 94' lang='lat' dir='ltr'>in</span> <span class='ocrx_word' id='word_1_255' title='bbox 705 3432 765 3465; x_wconf 86' lang='lat' dir='ltr'>raar</span> <span class='ocrx_word' id='word_1_256' title='bbox 782 3426 811 3466; x_wconf 92' lang='lat' dir='ltr'>to</span> <span class='ocrx_word' id='word_1_257' title='bbox 825 3418 957 3479; x_wconf 84' lang='lat' dir='ltr'>Germany</span> <span class='ocrx_word' id='word_1_258' title='bbox 975 3425 1002 3466; x_wconf 91' lang='lat' dir='ltr'>to</span> <span class='ocrx_word' id='word_1_259' title='bbox 1018 3417 1096 3465; x_wconf 84' lang='lat' dir='ltr'>assist</span> <span class='ocrx_word' id='word_1_260' title='bbox 1113 3416 1211 3465; x_wconf 73' lang='lat' dir='ltr'>Caesar</span> <span class='ocrx_word' id='word_1_261' title='bbox 1226 3416 1257 3465; x_wconf 84' lang='lat' dir='ltr'>of</span> <span class='ocrx_word' id='word_1_262' title='bbox 1270 3417 1361 3478; x_wconf 86' lang='lat' dir='ltr'>Spires</span> <span class='ocrx_word' id='word_1_263' title='bbox 1376 3432 1406 3466; x_wconf 89' lang='lat' dir='ltr'>as</span> 
     </span>
     <span class='ocr_line' id='line_1_29' title="bbox 254 3477 1407 3557; baseline 0 -14"><span class='ocrx_word' id='word_1_264' title='bbox 254 3494 395 3557; x_wconf 85' lang='lat' dir='ltr'>provincial</span> <span class='ocrx_word' id='word_1_265' title='bbox 406 3494 436 3543; x_wconf 86' lang='lat' dir='ltr'>os</span> <span class='ocrx_word' id='word_1_266' title='bbox 443 3495 500 3543; x_wconf 85' lang='lat' dir='ltr'>that</span> <span class='ocrx_word' id='word_1_267' title='bbox 510 3502 628 3557; x_wconf 84' lang='lat' dir='ltr'>country.</span> <span class='ocrx_word' id='word_1_268' title='bbox 657 3496 693 3544; x_wconf 83' lang='lat' dir='ltr'>At</span> <span class='ocrx_word' id='word_1_269' title='bbox 704 3497 749 3544; x_wconf 87' lang='lat' dir='ltr'>the</span> <span class='ocrx_word' id='word_1_270' title='bbox 763 3495 871 3544; x_wconf 88' lang='lat' dir='ltr'>Couucil</span> <span class='ocrx_word' id='word_1_271' title='bbox 882 3496 913 3543; x_wconf 87' lang='lat' dir='ltr'>ol</span> <span class='ocrx_word' id='word_1_272' title='bbox 921 3496 1019 3556; x_wconf 85' lang='lat' dir='ltr'>Lyons,</span> <span class='ocrx_word' id='word_1_273' title='bbox 1031 3494 1093 3543; x_wconf 87' lang='lat' dir='ltr'>held</span> <span class='ocrx_word' id='word_1_274' title='bbox 1104 3477 1139 3556; x_wconf 79' lang='lat' dir='ltr'>by</span> <span class='ocrx_word' id='word_1_275' title='bbox 1148 3494 1220 3556; x_wconf 86' lang='lat' dir='ltr'>Pope</span> <span class='ocrx_word' id='word_1_276' title='bbox 1230 3494 1358 3544; x_wconf 86' lang='lat' dir='ltr'>Innocent</span> <span class='ocrx_word' id='word_1_277' title='bbox 1370 3494 1407 3543; x_wconf 90' lang='lat' dir='ltr'>lV</span> 
     </span>
     <span class='ocr_line' id='line_1_30' title="bbox 254 3572 1408 3635; baseline -0.001 -13"><span class='ocrx_word' id='word_1_278' title='bbox 254 3576 282 3622; x_wconf 93' lang='lat' dir='ltr'>in</span> <span class='ocrx_word' id='word_1_279' title='bbox 295 3588 367 3634; x_wconf 78' lang='lat'>1245,</span> <span class='ocrx_word' id='word_1_280' title='bbox 380 3573 400 3621; x_wconf 91' lang='lat' dir='ltr'>it</span> <span class='ocrx_word' id='word_1_281' title='bbox 417 3588 473 3621; x_wconf 88' lang='lat' dir='ltr'>was</span> <span class='ocrx_word' id='word_1_282' title='bbox 488 3574 597 3622; x_wconf 88' lang='lat' dir='ltr'>decided</span> <span class='ocrx_word' id='word_1_283' title='bbox 614 3582 641 3621; x_wconf 90' lang='lat' dir='ltr'>to</span> <span class='ocrx_word' id='word_1_284' title='bbox 655 3574 720 3621; x_wconf 89' lang='lat' dir='ltr'>send</span> <span class='ocrx_word' id='word_1_285' title='bbox 735 3590 750 3622; x_wconf 90' lang='lat' dir='ltr'>a</span> <span class='ocrx_word' id='word_1_286' title='bbox 766 3573 873 3621; x_wconf 88' lang='lat' dir='ltr'>mission</span> <span class='ocrx_word' id='word_1_287' title='bbox 888 3580 917 3622; x_wconf 92' lang='lat' dir='ltr'>to</span> <span class='ocrx_word' id='word_1_288' title='bbox 930 3574 975 3621; x_wconf 89' lang='lat' dir='ltr'>the</span> <span class='ocrx_word' id='word_1_289' title='bbox 986 3572 1078 3620; x_wconf 83' lang='lat' dir='ltr'>Tartar</span> <span class='ocrx_word' id='word_1_290' title='bbox 1093 3588 1213 3635; x_wconf 84' lang='lat' dir='ltr'>emperor</span> <span class='ocrx_word' id='word_1_291' title='bbox 1226 3575 1264 3635; x_wconf 89' lang='lat' dir='ltr'>(at</span> <span class='ocrx_word' id='word_1_292' title='bbox 1275 3574 1331 3622; x_wconf 85' lang='lat' dir='ltr'>that</span> <span class='ocrx_word' id='word_1_293' title='bbox 1344 3574 1408 3623; x_wconf 91' lang='lat' dir='ltr'>time</span> 
     </span>
     <span class='ocr_line' id='line_1_31' title="bbox 255 3650 1407 3715; baseline 0 -14"><span class='ocrx_word' id='word_1_294' title='bbox 255 3653 359 3715; x_wconf 81' lang='lat' dir='ltr'>Kuyuk,</span> <span class='ocrx_word' id='word_1_295' title='bbox 369 3653 415 3701; x_wconf 91' lang='lat' dir='ltr'>the</span> <span class='ocrx_word' id='word_1_296' title='bbox 423 3653 554 3714; x_wconf 75' lang='lat' dir='ltr'>grandson</span> <span class='ocrx_word' id='word_1_297' title='bbox 566 3651 596 3700; x_wconf 88' lang='lat' dir='ltr'>ol</span> <span class='ocrx_word' id='word_1_298' title='bbox 601 3650 740 3713; x_wconf 82' lang='lat' dir='ltr'>Chinghis)</span> <span class='ocrx_word' id='word_1_299' title='bbox 749 3651 859 3713; x_wconf 79' lang='lat' dir='ltr'>inviting</span> <span class='ocrx_word' id='word_1_300' title='bbox 868 3650 922 3699; x_wconf 90' lang='lat' dir='ltr'>him</span> <span class='ocrx_word' id='word_1_301' title='bbox 930 3660 957 3699; x_wconf 87' lang='lat' dir='ltr'>to</span> <span class='ocrx_word' id='word_1_302' title='bbox 965 3666 1041 3699; x_wconf 86' lang='lat' dir='ltr'>eease</span> <span class='ocrx_word' id='word_1_303' title='bbox 1050 3650 1116 3699; x_wconf 84' lang='lat' dir='ltr'>from</span> <span class='ocrx_word' id='word_1_304' title='bbox 1125 3651 1259 3713; x_wconf 78' lang='lat' dir='ltr'>slsughter</span> <span class='ocrx_word' id='word_1_305' title='bbox 1267 3653 1319 3701; x_wconf 88' lang='lat' dir='ltr'>and</span> <span class='ocrx_word' id='word_1_306' title='bbox 1327 3654 1407 3714; x_wconf 77' lang='lat' dir='ltr'>adopt</span> 
     </span>
     <span class='ocr_line' id='line_1_32' title="bbox 255 3729 1408 3794; baseline -0.001 -14"><span class='ocrx_word' id='word_1_307' title='bbox 255 3730 434 3791; x_wconf 85' lang='lat' dir='ltr'>Christianity.</span> <span class='ocrx_word' id='word_1_308' title='bbox 467 3730 571 3791; x_wconf 85' lang='lat' dir='ltr'>Carpini</span> <span class='ocrx_word' id='word_1_309' title='bbox 583 3745 639 3778; x_wconf 88' lang='lat' dir='ltr'>was</span> <span class='ocrx_word' id='word_1_310' title='bbox 656 3730 769 3791; x_wconf 83' lang='lat' dir='ltr'>charged</span> <span class='ocrx_word' id='word_1_311' title='bbox 785 3729 849 3779; x_wconf 84' lang='lat' dir='ltr'>with</span> <span class='ocrx_word' id='word_1_312' title='bbox 866 3730 911 3778; x_wconf 90' lang='lat' dir='ltr'>the</span> <span class='ocrx_word' id='word_1_313' title='bbox 926 3729 1042 3779; x_wconf 85' lang='lat' dir='ltr'>mission.</span> <span class='ocrx_word' id='word_1_314' title='bbox 1078 3730 1195 3792; x_wconf 77' lang='lat' dir='ltr'>suning</span> <span class='ocrx_word' id='word_1_315' title='bbox 1211 3731 1237 3778; x_wconf 92' lang='lat' dir='ltr'>in</span> <span class='ocrx_word' id='word_1_316' title='bbox 1255 3733 1300 3780; x_wconf 88' lang='lat' dir='ltr'>the</span> <span class='ocrx_word' id='word_1_317' title='bbox 1317 3733 1408 3794; x_wconf 81' lang='lat' dir='ltr'>spring</span> 
     </span>
     <span class='ocr_line' id='line_1_33' title="bbox 256 3810 1406 3875; baseline 0.001 -13"><span class='ocrx_word' id='word_1_318' title='bbox 256 3814 287 3862; x_wconf 86' lang='lat' dir='ltr'>os</span> <span class='ocrx_word' id='word_1_319' title='bbox 297 3816 361 3875; x_wconf 82' lang='lat'>1246</span> <span class='ocrx_word' id='word_1_320' title='bbox 376 3813 441 3861; x_wconf 83' lang='lat' dir='ltr'>lronr</span> <span class='ocrx_word' id='word_1_321' title='bbox 463 3812 568 3870; x_wconf 89' lang='lat' dir='ltr'>Poland‚</span> <span class='ocrx_word' id='word_1_322' title='bbox 581 3812 615 3860; x_wconf 92' lang='lat' dir='ltr'>he</span> <span class='ocrx_word' id='word_1_323' title='bbox 631 3812 743 3861; x_wconf 84' lang='lat' dir='ltr'>reached</span> <span class='ocrx_word' id='word_1_324' title='bbox 759 3812 804 3860; x_wconf 89' lang='lat' dir='ltr'>the</span> <span class='ocrx_word' id='word_1_325' title='bbox 820 3810 923 3860; x_wconf 82' lang='lat' dir='ltr'>Khan&#39;s</span> <span class='ocrx_word' id='word_1_326' title='bbox 938 3812 1125 3873; x_wconf 80' lang='lat' dir='ltr'>headquarters</span> <span class='ocrx_word' id='word_1_327' title='bbox 1140 3827 1204 3861; x_wconf 84' lang='lat' dir='ltr'>near</span> <span class='ocrx_word' id='word_1_328' title='bbox 1217 3812 1289 3862; x_wconf 84' lang='lat' dir='ltr'>Kara</span> <span class='ocrx_word' id='word_1_329' title='bbox 1306 3813 1406 3863; x_wconf 84' lang='lat' dir='ltr'>Korurn</span> 
     </span>
     <span class='ocr_line' id='line_1_34' title="bbox 255 3889 1408 3955; baseline 0.003 -16"><span class='ocrx_word' id='word_1_330' title='bbox 255 3907 290 3940; x_wconf 93' lang='lat' dir='ltr'>on</span> <span class='ocrx_word' id='word_1_331' title='bbox 301 3892 364 3953; x_wconf 89' lang='lat' dir='ltr'>July</span> <span class='ocrx_word' id='word_1_332' title='bbox 375 3906 414 3940; x_wconf 81' lang='lat' dir='ltr'>aa.</span> <span class='ocrx_word' id='word_1_333' title='bbox 450 3890 506 3939; x_wconf 83' lang='lat' dir='ltr'>lhe</span> <span class='ocrx_word' id='word_1_334' title='bbox 522 3897 594 3952; x_wconf 80' lang='lat' dir='ltr'>story</span> <span class='ocrx_word' id='word_1_335' title='bbox 610 3890 641 3938; x_wconf 84' lang='lat' dir='ltr'>os</span> <span class='ocrx_word' id='word_1_336' title='bbox 654 3890 695 3939; x_wconf 88' lang='lat' dir='ltr'>bis</span> <span class='ocrx_word' id='word_1_337' title='bbox 705 3891 820 3951; x_wconf 86' lang='lat' dir='ltr'>journey</span> <span class='ocrx_word' id='word_1_338' title='bbox 837 3890 859 3939; x_wconf 88' lang='lat' dir='ltr'>is</span> <span class='ocrx_word' id='word_1_339' title='bbox 874 3889 919 3938; x_wconf 86' lang='lat' dir='ltr'>lull</span> <span class='ocrx_word' id='word_1_340' title='bbox 937 3889 967 3939; x_wconf 86' lang='lat' dir='ltr'>os</span> <span class='ocrx_word' id='word_1_341' title='bbox 981 3890 1099 3949; x_wconf 77' lang='lat' dir='ltr'>interest,</span> <span class='ocrx_word' id='word_1_342' title='bbox 1108 3890 1209 3953; x_wconf 81' lang='lat' dir='ltr'>though</span> <span class='ocrx_word' id='word_1_343' title='bbox 1226 3900 1272 3942; x_wconf 90' lang='lat' dir='ltr'>not</span> <span class='ocrx_word' id='word_1_344' title='bbox 1289 3893 1364 3955; x_wconf 76' lang='lat' dir='ltr'>eqrul</span> <span class='ocrx_word' id='word_1_345' title='bbox 1379 3902 1408 3942; x_wconf 87' lang='lat' dir='ltr'>to</span> 
     </span>
     <span class='ocr_line' id='line_1_35' title="bbox 255 3972 1408 4035; baseline 0.003 -12"><span class='ocrx_word' id='word_1_346' title='bbox 255 3975 311 4023; x_wconf 85' lang='lat' dir='ltr'>that</span> <span class='ocrx_word' id='word_1_347' title='bbox 334 3973 365 4022; x_wconf 84' lang='lat' dir='ltr'>of</span> <span class='ocrx_word' id='word_1_348' title='bbox 384 3973 540 4035; x_wconf 89' lang='lat' dir='ltr'>Rubruquis.</span> <span class='ocrx_word' id='word_1_349' title='bbox 576 3973 598 4021; x_wconf 86' lang='lat' dir='ltr'>lt</span> <span class='ocrx_word' id='word_1_350' title='bbox 615 3973 637 4021; x_wconf 86' lang='lat' dir='ltr'>is</span> <span class='ocrx_word' id='word_1_351' title='bbox 654 3980 681 4021; x_wconf 91' lang='lat' dir='ltr'>to</span> <span class='ocrx_word' id='word_1_352' title='bbox 699 3974 731 4021; x_wconf 89' lang='lat' dir='ltr'>be</span> <span class='ocrx_word' id='word_1_353' title='bbox 749 3973 827 4021; x_wconf 79' lang='lat' dir='ltr'>found</span> <span class='ocrx_word' id='word_1_354' title='bbox 845 3972 974 4035; x_wconf 87' lang='lat' dir='ltr'>complete</span> <span class='ocrx_word' id='word_1_355' title='bbox 991 3974 1018 4021; x_wconf 88' lang='lat' dir='ltr'>in</span> <span class='ocrx_word' id='word_1_356' title='bbox 1035 3974 1080 4023; x_wconf 87' lang='lat' dir='ltr'>the</span> <span class='ocrx_word' id='word_1_357' title='bbox 1097 3973 1182 4023; x_wconf 79' lang='lat' dir='ltr'>fourth</span> <span class='ocrx_word' id='word_1_358' title='bbox 1200 3975 1304 4023; x_wconf 87' lang='lat' dir='ltr'>volume</span> <span class='ocrx_word' id='word_1_359' title='bbox 1322 3976 1408 4026; x_wconf 81' lang='lat' dir='ltr'>nithe</span> 
     </span>
     <span class='ocr_line' id='line_1_36' title="bbox 256 4050 1409 4115; baseline 0.001 -13"><span class='ocrx_word' id='word_1_360' title='bbox 256 4052 379 4103; x_wconf 80' lang='lat' dir='ltr'>Memoirs</span> <span class='ocrx_word' id='word_1_361' title='bbox 400 4051 430 4101; x_wconf 84' lang='lat' dir='ltr'>ol</span> <span class='ocrx_word' id='word_1_362' title='bbox 449 4052 493 4101; x_wconf 85' lang='lat' dir='ltr'>the</span> <span class='ocrx_word' id='word_1_363' title='bbox 516 4050 589 4099; x_wconf 87' lang='lat' dir='ltr'>Paris</span> <span class='ocrx_word' id='word_1_364' title='bbox 611 4050 798 4114; x_wconf 81' lang='lat' dir='ltr'>Geographical</span> <span class='ocrx_word' id='word_1_365' title='bbox 817 4051 934 4114; x_wconf 89' lang='lat' dir='ltr'>Society,</span> <span class='ocrx_word' id='word_1_366' title='bbox 955 4052 1028 4113; x_wconf 77' lang='lat'><strong>1839.</strong></span> <span class='ocrx_word' id='word_1_367' title='bbox 1075 4051 1182 4115; x_wconf 82' lang='lat' dir='ltr'>Carpini</span> <span class='ocrx_word' id='word_1_368' title='bbox 1204 4055 1312 4103; x_wconf 72' lang='lat' dir='ltr'>devote·</span> <span class='ocrx_word' id='word_1_369' title='bbox 1332 4055 1409 4104; x_wconf 90' lang='lat' dir='ltr'>much</span> 
     </span>
     <span class='ocr_line' id='line_1_37' title="bbox 254 4133 1409 4199; baseline -0.001 -13"><span class='ocrx_word' id='word_1_370' title='bbox 254 4137 381 4187; x_wconf 84' lang='lat' dir='ltr'>attention</span> <span class='ocrx_word' id='word_1_371' title='bbox 394 4144 422 4185; x_wconf 91' lang='lat' dir='ltr'>to</span> <span class='ocrx_word' id='word_1_372' title='bbox 434 4136 478 4183; x_wconf 86' lang='lat' dir='ltr'>the</span> <span class='ocrx_word' id='word_1_373' title='bbox 490 4134 602 4196; x_wconf 77' lang='lat' dir='ltr'>military</span> <span class='ocrx_word' id='word_1_374' title='bbox 614 4134 729 4197; x_wconf 88' lang='lat' dir='ltr'>problem</span> <span class='ocrx_word' id='word_1_375' title='bbox 739 4133 769 4184; x_wconf 85' lang='lat' dir='ltr'>ol</span> <span class='ocrx_word' id='word_1_376' title='bbox 777 4136 904 4197; x_wconf 72' lang='lat' dir='ltr'>arreating</span> <span class='ocrx_word' id='word_1_377' title='bbox 911 4134 1003 4183; x_wconf 83' lang='lat' dir='ltr'>Tartar</span> <span class='ocrx_word' id='word_1_378' title='bbox 1011 4136 1150 4186; x_wconf 80' lang='lat' dir='ltr'>invasions.</span> <span class='ocrx_word' id='word_1_379' title='bbox 1193 4136 1245 4185; x_wconf 88' lang='lat' dir='ltr'>His</span> <span class='ocrx_word' id='word_1_380' title='bbox 1252 4136 1409 4199; x_wconf 71' lang='lat' dir='ltr'>description</span> 
     </span>
     <span class='ocr_line' id='line_1_38' title="bbox 257 4215 1409 4279; baseline 0.003 -12"><span class='ocrx_word' id='word_1_381' title='bbox 257 4219 289 4268; x_wconf 82' lang='lat' dir='ltr'>oi</span> <span class='ocrx_word' id='word_1_382' title='bbox 301 4220 346 4269; x_wconf 85' lang='lat' dir='ltr'>the</span> <span class='ocrx_word' id='word_1_383' title='bbox 363 4217 517 4266; x_wconf 86' lang='lat' dir='ltr'>marvellous</span> <span class='ocrx_word' id='word_1_384' title='bbox 534 4216 714 4277; x_wconf 81' lang='lat' dir='ltr'>manoeuvring</span> <span class='ocrx_word' id='word_1_385' title='bbox 733 4215 763 4265; x_wconf 85' lang='lat' dir='ltr'>oi</span> <span class='ocrx_word' id='word_1_386' title='bbox 779 4216 847 4265; x_wconf 91' lang='lat' dir='ltr'>their</span> <span class='ocrx_word' id='word_1_387' title='bbox 857 4218 928 4279; x_wconf 73' lang='lat' dir='ltr'>huge</span> <span class='ocrx_word' id='word_1_388' title='bbox 944 4218 1040 4267; x_wconf 87' lang='lat' dir='ltr'>bordes</span> <span class='ocrx_word' id='word_1_389' title='bbox 1058 4218 1089 4267; x_wconf 82' lang='lat' dir='ltr'>ol</span> <span class='ocrx_word' id='word_1_390' title='bbox 1104 4217 1208 4279; x_wconf 76' lang='lat' dir='ltr'>cavalry</span> <span class='ocrx_word' id='word_1_391' title='bbox 1219 4219 1242 4266; x_wconf 89' lang='lat' dir='ltr'>is</span> <span class='ocrx_word' id='word_1_392' title='bbox 1253 4228 1321 4267; x_wconf 85' lang='lat' dir='ltr'>most</span> <span class='ocrx_word' id='word_1_393' title='bbox 1331 4220 1409 4270; x_wconf 89' lang='lat' dir='ltr'>vivid.</span> 
     </span>
     <span class='ocr_line' id='line_1_39' title="bbox 256 4299 1409 4361; baseline 0.002 -11"><span class='ocrx_word' id='word_1_394' title='bbox 256 4300 300 4350; x_wconf 84' lang='lat' dir='ltr'>He</span> <span class='ocrx_word' id='word_1_395' title='bbox 310 4317 366 4351; x_wconf 84' lang='lat' dir='ltr'>was</span> <span class='ocrx_word' id='word_1_396' title='bbox 377 4302 451 4349; x_wconf 90' lang='lat' dir='ltr'>much</span> <span class='ocrx_word' id='word_1_397' title='bbox 464 4299 552 4347; x_wconf 83' lang='lat' dir='ltr'>struck</span> <span class='ocrx_word' id='word_1_398' title='bbox 565 4300 600 4361; x_wconf 92' lang='lat' dir='ltr'>by</span> <span class='ocrx_word' id='word_1_399' title='bbox 611 4299 679 4347; x_wconf 87' lang='lat' dir='ltr'>their</span> <span class='ocrx_word' id='word_1_400' title='bbox 690 4299 826 4361; x_wconf 83' lang='lat' dir='ltr'>discipline</span> <span class='ocrx_word' id='word_1_401' title='bbox 842 4300 893 4349; x_wconf 85' lang='lat' dir='ltr'>and</span> <span class='ocrx_word' id='word_1_402' title='bbox 909 4300 1019 4361; x_wconf 84' lang='lat' dir='ltr'>loyalty,</span> <span class='ocrx_word' id='word_1_403' title='bbox 1031 4302 1084 4350; x_wconf 86' lang='lat' dir='ltr'>aod</span> <span class='ocrx_word' id='word_1_404' title='bbox 1100 4301 1166 4350; x_wconf 86' lang='lat' dir='ltr'>their</span> <span class='ocrx_word' id='word_1_405' title='bbox 1180 4301 1330 4351; x_wconf 86' lang='lat' dir='ltr'>abstinence</span> <span class='ocrx_word' id='word_1_406' title='bbox 1343 4302 1409 4353; x_wconf 76' lang='lat' dir='ltr'>from</span> 
     </span>
     <span class='ocr_line' id='line_1_40' title="bbox 256 4381 1412 4447; baseline 0.002 -15"><span class='ocrx_word' id='word_1_407' title='bbox 256 4383 367 4433; x_wconf 88' lang='lat' dir='ltr'>internal</span> <span class='ocrx_word' id='word_1_408' title='bbox 379 4382 502 4443; x_wconf 81' lang='lat' dir='ltr'>quarrels</span> <span class='ocrx_word' id='word_1_409' title='bbox 523 4381 606 4431; x_wconf 85' lang='lat' dir='ltr'>‘Sunt</span> <span class='ocrx_word' id='word_1_410' title='bbox 618 4381 699 4442; x_wconf 75' lang='lat' dir='ltr'>magis</span> <span class='ocrx_word' id='word_1_411' title='bbox 711 4382 864 4430; x_wconf 84' lang='lat' dir='ltr'>obedientes</span> <span class='ocrx_word' id='word_1_412' title='bbox 875 4382 988 4431; x_wconf 89' lang='lat' dir='ltr'>dominis</span> <span class='ocrx_word' id='word_1_413' title='bbox 999 4383 1054 4431; x_wconf 91' lang='lat' dir='ltr'>suis</span> <span class='ocrx_word' id='word_1_414' title='bbox 1064 4398 1140 4445; x_wconf 86' lang='lat' dir='ltr'>quam</span> <span class='ocrx_word' id='word_1_415' title='bbox 1151 4382 1229 4445; x_wconf 87' lang='lat' dir='ltr'>aliqui</span> <span class='ocrx_word' id='word_1_416' title='bbox 1236 4384 1354 4433; x_wconf 86' lang='lat' dir='ltr'>homines</span> <span class='ocrx_word' id='word_1_417' title='bbox 1365 4387 1412 4447; x_wconf 91' lang='lat' dir='ltr'>qui</span> 
     </span>
     <span class='ocr_line' id='line_1_41' title="bbox 255 4465 1410 4529; baseline 0.001 -13"><span class='ocrx_word' id='word_1_418' title='bbox 255 4474 316 4515; x_wconf 87' lang='lat' dir='ltr'>sunt</span> <span class='ocrx_word' id='word_1_419' title='bbox 328 4467 354 4513; x_wconf 90' lang='lat' dir='ltr'>in</span> <span class='ocrx_word' id='word_1_420' title='bbox 366 4466 462 4513; x_wconf 91' lang='lat' dir='ltr'>mundo</span> <span class='ocrx_word' id='word_1_421' title='bbox 472 4465 527 4513; x_wconf 89' lang='lat' dir='ltr'>sive</span> <span class='ocrx_word' id='word_1_422' title='bbox 539 4465 654 4527; x_wconf 81' lang='lat' dir='ltr'>religiosi</span> <span class='ocrx_word' id='word_1_423' title='bbox 666 4465 721 4513; x_wconf 90' lang='lat' dir='ltr'>sive</span> <span class='ocrx_word' id='word_1_424' title='bbox 732 4466 885 4525; x_wconf 84' lang='lat' dir='ltr'>saeculares,</span> <span class='ocrx_word' id='word_1_425' title='bbox 898 4473 925 4515; x_wconf 93' lang='lat' dir='ltr'>et</span> <span class='ocrx_word' id='word_1_426' title='bbox 935 4467 1018 4527; x_wconf 75' lang='lat' dir='ltr'>magis</span> <span class='ocrx_word' id='word_1_427' title='bbox 1026 4474 1179 4516; x_wconf 84' lang='lat' dir='ltr'>reverentur</span> <span class='ocrx_word' id='word_1_428' title='bbox 1185 4468 1291 4515; x_wconf 88' lang='lat' dir='ltr'>eosdem</span> <span class='ocrx_word' id='word_1_429' title='bbox 1302 4484 1309 4525; x_wconf 87' lang='grc'><strong>;</strong></span> <span class='ocrx_word' id='word_1_430' title='bbox 1326 4483 1410 4529; x_wconf 85' lang='lat' dir='ltr'>neque</span> 
     </span>
    </p>
   </div>
   <div class='ocr_carea' id='block_1_8' title="bbox 255 4546 1412 4691">
    <p class='ocr_par' dir='ltr' id='par_1_8' title="bbox 255 4546 1412 4691">
     <span class='ocr_line' id='line_1_42' title="bbox 256 4546 1412 4613; baseline 0.002 -15"><span class='ocrx_word' id='word_1_431' title='bbox 256 4550 289 4598; x_wconf 89' lang='lat' dir='ltr'>de</span> <span class='ocrx_word' id='word_1_432' title='bbox 310 4548 377 4597; x_wconf 81' lang='lat' dir='ltr'>facili</span> <span class='ocrx_word' id='word_1_433' title='bbox 396 4546 554 4596; x_wconf 89' lang='lat' dir='ltr'>mentiuntur</span> <span class='ocrx_word' id='word_1_434' title='bbox 572 4548 618 4598; x_wconf 88' lang='lat' dir='ltr'>eis.</span> <span class='ocrx_word' id='word_1_435' title='bbox 657 4546 751 4597; x_wconf 90' lang='lat' dir='ltr'>Verbis</span> <span class='ocrx_word' id='word_1_436' title='bbox 770 4548 803 4597; x_wconf 83' lang='lat' dir='ltr'>ad</span> <span class='ocrx_word' id='word_1_437' title='bbox 822 4548 931 4598; x_wconf 89' lang='lat' dir='ltr'>invicem</span> <span class='ocrx_word' id='word_1_438' title='bbox 949 4564 1007 4597; x_wconf 82' lang='lat' dir='ltr'>raro</span> <span class='ocrx_word' id='word_1_439' title='bbox 1022 4555 1067 4596; x_wconf 86' lang='lat' dir='ltr'>aut</span> <span class='ocrx_word' id='word_1_440' title='bbox 1084 4564 1215 4610; x_wconf 89' lang='lat' dir='ltr'>nunquam</span> <span class='ocrx_word' id='word_1_441' title='bbox 1235 4553 1412 4613; x_wconf 75' lang='lat' dir='ltr'>contendunt3</span> 
     </span>
     <span class='ocr_line' id='line_1_43' title="bbox 255 4626 569 4691; baseline -0.006 -14"><span class='ocrx_word' id='word_1_442' title='bbox 255 4627 330 4677; x_wconf 82' lang='lat' dir='ltr'>iactis</span> <span class='ocrx_word' id='word_1_443' title='bbox 340 4640 404 4674; x_wconf 87' lang='lat' dir='ltr'>vero</span> <span class='ocrx_word' id='word_1_444' title='bbox 416 4626 569 4691; x_wconf 86' lang='lat' dir='ltr'>nunquam.&#39;</span> 
     </span>
    </p>
   </div>
   <div class='ocr_carea' id='block_1_9' title="bbox 781 4706 878 4775">
    <p class='ocr_par' dir='ltr' id='par_1_9' title="bbox 781 4706 878 4775">
     <span class='ocr_line' id='line_1_44' title="bbox 781 4706 878 4775; baseline 0.021 -3"><span class='ocrx_word' id='word_1_445' title='bbox 781 4706 878 4775; x_wconf 79' lang='lat' dir='ltr'>aba</span> 
     </span>
    </p>
   </div>
   <div class='ocr_carea' id='block_1_10' title="bbox 0 0 1807 5375">
    <p class='ocr_par' dir='ltr' id='par_1_10' title="bbox 0 0 1807 5375">
     <span class='ocr_line' id='line_1_45' title="bbox 0 0 1807 5375; baseline 0 0"><span class='ocrx_word' id='word_1_446' title='bbox 0 0 1807 5375; x_wconf 95' lang='lat' dir='ltr'> </span> 
     </span>
    </p>
   </div>
  </div>
 </body>
</html>
