3575 5375
367 617 425 662 112
577 600 733 660 OPERIS
757 599 946 671 MAJORIS
970 599 1086 659 PARS
1110 589 1296 674 QUARTA.

194 779 310 832 Foroein
408 763 530 829 Omnis
554 775 667 829 autem
699 763 931 847 multiplicatio
956 763 1010 827 vel
1034 772 1085 828 est
1115 763 1299 827 secundum
1329 762 1440 841 lineas,
1466 761 1519 826 vel

193 848 310 977 {effi-
363 868 513 953 angulos,
538 868 590 933 vel
618 867 750 953 figuras.
796 868 888 931 Dum
915 888 994 931 vero
1019 867 1147 949 species
1174 869 1207 930 in
1234 866 1346 931 medio
1376 868 1520 932 raritatis

193 979 304 1027 medium
364 975 460 1037 unius
480 973 614 1052 incedit,
630 983 668 1038 ut
683 973 715 1036 in
733 983 806 1037 toto
821 973 925 1051 coelo,
941 983 975 1037 et
996 973 1030 1036 in
1046 983 1120 1037 toto
1137 973 1222 1057 igne,
1238 983 1273 1036 et
1294 973 1327 1036 in
1341 981 1416 1036 toto
1434 993 1520 1051 aere,

192 1042 348 1174 ffipffitd
363 1078 417 1142 vel
440 1079 473 1141 in
498 1087 570 1143 tota
595 1097 692 1161 aqua,
715 1098 846 1159 semper
868 1088 962 1143 tenet
983 1078 1053 1142 vias
1076 1087 1191 1154 rectas,
1214 1078 1295 1159 quia
1321 1075 1519 1141 Aristoteles

193 1175 264 1226 ΗΜ·
362 1181 445 1246 dicit
455 1183 573 1265 quinto
586 1182 840 1265 Metaphysicae
851 1182 941 1265 quod
958 1191 1077 1246 natura
1092 1190 1249 1264 operatur
1260 1180 1401 1245 breviori
1418 1181 1517 1244 modo

362 1307 430 1369 quo
445 1296 567 1368 potest,
576 1297 610 1351 et
624 1287 713 1351 linea
728 1297 818 1350 recta
832 1295 883 1350 est
897 1286 1046 1350 omnium
1062 1286 1266 1349 brevissima.
1299 1284 1402 1367 Quod
1417 1285 1517 1348 etiam

364 1399 457 1472 patet
484 1411 544 1472 per
569 1391 763 1454 vicesimum
788 1390 886 1472 primi
917 1390 1156 1454 elementorum
1187 1386 1338 1453 Euclidis
1367 1389 1518 1468 dicentis,

362 1495 396 1556 in
412 1496 502 1558 omni
518 1495 685 1578 triangulo
700 1497 768 1560 duo
785 1495 888 1558 latera
902 1505 980 1558 sunt
995 1494 1095 1558 tertio
1109 1493 1271 1576 longiora.

192 1611 247 1661 The
259 1611 308 1662 law
319 1612 348 1663 or
408 1598 475 1664 Sed
488 1618 564 1663 cum
576 1619 698 1682 corpus
713 1599 896 1664 secundum
908 1609 959 1663 est
974 1599 1110 1664 alterius
1124 1598 1268 1662 raritatis
1283 1606 1317 1660 et
1332 1597 1518 1673 densitatis,

191 1679 330 1729 “mm
364 1704 411 1768 ita
436 1715 566 1768 utnon
592 1705 635 1768 sit
664 1704 800 1768 omnino
827 1704 979 1782 densum,
1000 1704 1059 1767 sed
1086 1711 1255 1786 permutat
1279 1702 1393 1785 aliquo
1415 1702 1518 1766 modo

363 1807 538 1874 transitum
558 1808 686 1892 speciei,
705 1809 790 1871 sicut
809 1829 906 1891 aqua,
920 1828 1009 1890 quae
1026 1794 1079 1872 est
1095 1807 1243 1889 quodam
1265 1808 1366 1871 modo
1386 1827 1468 1884 rara,
1483 1817 1517 1872 et

363 1914 509 1997 quodam
525 1913 625 1977 modo
637 1914 751 1990 densa,
761 1923 795 1977 et
809 1912 987 1996 crystallus
1002 1912 1152 1976 similiter
1168 1920 1202 1975 et
1213 1912 1346 1988 vitrum,
1356 1923 1390 1975 et
1404 1910 1518 1993 hujus·

364 2019 456 2083 modi
480 2037 539 2100 per
560 2037 701 2101 quorum
725 2017 836 2082 media
862 2037 1040 2100 possumus
1061 2017 1183 2096 videre,
1205 2027 1283 2081 tunc
1309 2013 1437 2100 species
1457 2025 1518 2080 aut

362 2123 452 2187 venit
484 2121 795 2206 perpendiculariter
826 2142 928 2206 super
957 2143 1078 2206 corpus
1114 2122 1308 2198 secundum,
1337 2133 1372 2187 et
1408 2121 1518 2186 adhuc

363 2227 486 2292 incedit
507 2247 566 2309 per
589 2227 710 2291 lineam
734 2238 857 2292 rectam
878 2227 963 2290 sicut
986 2227 1096 2312 prius;
1118 2238 1178 2292 aut
1198 2227 1225 2289 si
1245 2246 1311 2290 non
1327 2227 1426 2290 cadat
1444 2246 1517 2307 per-

363 2332 628 2416 pendiculariter,
642 2342 723 2394 tunc
744 2331 787 2395 de
808 2332 1004 2397 necessitate
1024 2341 1132 2395 mutat
1153 2331 1315 2395 incessum
1332 2339 1466 2404 rectum,
1482 2339 1518 2394 et

362 2435 442 2500 facit
471 2435 631 2518 angulum
663 2436 696 2498 in
727 2435 863 2501 introitu
894 2438 1042 2520 corporis
1071 2436 1218 2500 secundi.
1263 2435 1311 2499 Et
1336 2435 1434 2516 hujus
1458 2436 1515 2498 de·

362 2540 496 2604 clinatio
511 2541 554 2604 ab
576 2541 704 2603 incessu
721 2549 811 2604 recto
826 2553 964 2605 vocatur
983 2540 1099 2606 fractio
1117 2541 1199 2603 radii
1220 2550 1255 2605 et
1274 2539 1394 2622 speciei
1404 2538 1426 2602 ¹.
1471 2539 1518 2603 Et

362 2645 445 2708 haec
466 2664 565 2710 causa
585 2654 646 2718 est,
661 2645 739 2728 quia
763 2645 1045 2729 perpendicularis
1067 2645 1184 2709 fortior
1203 2654 1253 2709 est
1274 2654 1309 2708 et
1331 2643 1469 2723 brevior,
1484 2653 1518 2709 et

363 2749 439 2813 ideo
462 2760 579 2813 natura
602 2759 758 2833 operatur
780 2750 906 2814 meliori
932 2750 1034 2814 modo
1056 2770 1156 2833 super
1178 2769 1261 2822 eam,
1284 2749 1370 2814 sicut
1396 2750 1518 2814 docent

363 2854 584 2935 geometricae
610 2854 923 2930 demonstrationes,
949 2854 1137 2937 dequibus
1165 2863 1282 2936 postea
1309 2852 1367 2916 fiet
1390 2855 1518 2917 mentio

363 2958 470 3041 magis
499 2976 560 3021 suo
591 2957 672 3021 locu.
719 2957 786 3022 Sed
813 2958 896 3022 haec
922 2958 1040 3024 fractio
1066 2966 1117 3021 est
1143 2956 1280 3040 duplex,
1305 2958 1461 3040 quoniam
1487 2956 1517 3020 si

363 3082 483 3146 corpus
509 3062 690 3126 secundum
717 3073 769 3125 est
795 3063 936 3137 densius,
966 3074 1064 3145 prout
1090 3063 1211 3127 accidit
1237 3063 1470 3127 descendendo
1495 3082 1517 3125 a

362 3166 457 3231 coelo
480 3166 513 3230 in
537 3166 618 3231 haec
642 3165 803 3240 inferiora,
827 3177 908 3232 tunc
931 3187 1049 3231 omnes
1072 3168 1211 3231 virtutes
1235 3166 1406 3230 stellarum
1430 3187 1515 3250 quae

361 3291 427 3334 non
457 3271 582 3335 cadunt
612 3271 927 3355 perpendiculariter
963 3292 1063 3353 super
1096 3271 1232 3354 globum
1263 3270 1514 3344 elementorum,

361 3374 558 3458 franguntur
587 3376 673 3440 inter
702 3378 866 3441 incessum
898 3386 1025 3441 rectum
1057 3386 1091 3440 et
1121 3375 1425 3458 perpendicularem
1455 3376 1517 3439 du·

361 3481 499 3543 cendam
523 3501 543 3543 a
568 3479 642 3544 loco
665 3481 844 3545 fractionis.
892 3480 939 3545 Et
962 3482 990 3543 si
1015 3500 1135 3563 corpus
1158 3480 1340 3543 secundum
1364 3488 1415 3543 est
1437 3480 1516 3542 sub·

360 3582 452 3647 tilius
485 3584 569 3648 sicut
600 3594 651 3648 est
680 3585 891 3649 ascendendo
920 3586 965 3649 ab
1001 3605 1089 3668 aqua
1126 3585 1286 3668 superius,
1315 3594 1396 3648 tunc
1432 3584 1518 3647 inter

362 3686 555 3752 fractionem
584 3699 618 3751 et
643 3689 950 3771 perpendicularem
977 3690 1166 3753 ducendam
1196 3709 1218 3752 a
1243 3688 1319 3752 loco
1348 3688 1517 3752 fractionis

395 3852 404 3881 ¹
422 3852 569 3902 Retractiou
592 3853 615 3902 is
630 3853 764 3903 described
783 3854 823 3904 sor
838 3855 883 3903 the
900 3856 956 3904 first
971 3854 1034 3903 time
1050 3855 1076 3903 in
1091 3855 1136 3903 the
1152 3854 1245 3916 optical
1261 3854 1336 3902 work
1348 3853 1378 3903 of
1386 3853 1515 3917 Ptolemy,

361 3932 407 3979 the
418 3930 506 3980 Greek
522 3931 620 3979 textos
632 3932 718 3981 which
731 3932 752 3981 is
764 3932 821 3988 lost,
834 3934 879 3981 but
896 3933 926 3983 os
933 3934 1021 3982 which
1032 3950 1066 3982 an
1078 3933 1172 3982 Arabic
1187 3932 1293 3982 version
1308 3948 1364 3981 was
1376 3932 1518 3983 translated

361 4010 419 4057 into
437 4010 512 4058 Latin
530 4009 556 4057 in
574 4010 619 4058 the
637 4010 738 4059 twelsth
755 4019 863 4073 century
875 4012 911 4073 by
923 4013 967 4060 the
983 4012 1092 4060 admirul
1104 4012 1232 4073 Eugeuio,
1244 4011 1307 4059 who
1322 4011 1415 4059 served
1434 4011 1519 4060 under

362 4088 461 4151 Roget,
479 4089 542 4150 king
560 4088 590 4136 os
603 4088 693 4151 Sicily.
726 4089 790 4138 This
806 4090 960 4140 translation
977 4091 1025 4139 has
1046 4091 1112 4139 been
1137 4089 1255 4151 recently
1271 4090 1358 4137 edited
1378 4088 1467 4153 (1885)
1483 4090 1519 4152 by

361 4166 477 4216 Gllberto
493 4166 559 4216 Govi
575 4166 605 4215 os
617 4167 706 4217 Turin.
740 4168 796 4216 The
813 4176 924 4217 account
943 4169 973 4216 os
987 4169 1124 4218 refraction
1140 4168 1195 4217 will
1212 4168 1245 4216 be
1264 4168 1345 4216 found
1361 4167 1387 4214 in
1402 4166 1519 4215 thelisth

360 4246 460 4295 section
473 4246 503 4293 os
516 4246 561 4295 the
576 4246 651 4294 work
664 4246 700 4309 (p.
715 4260 761 4306 14²
772 4253 799 4295 et
810 4256 887 4307 seq.t.
922 4245 1040 4308 Ptolemy
1051 4247 1095 4295 did
1112 4262 1186 4295 more
1204 4248 1266 4294 than
1283 4253 1351 4294 state
1368 4246 1413 4294 the
1424 4245 1476 4294 fact
1491 4245 1523 4294 os

361 4324 507 4375 refractior.
542 4324 586 4373 He
607 4326 742 4373 measured
765 4325 810 4374 the
832 4331 939 4373 amount
961 4325 992 4373 oi
1009 4325 1141 4374 deviation
1160 4324 1191 4373 οἱ
1208 4326 1253 4373 the
1270 4324 1398 4372 refracted
1414 4340 1462 4385 ray
1478 4324 1520 4372 sor

361 4402 479 4451 different
491 4402 582 4464 angles
594 4402 623 4452 ol
632 4403 776 4463 incidence,
786 4402 813 4451 in
826 4403 869 4452 the
881 4403 955 4452 three
967 4404 1053 4452 media
1064 4403 1095 4451 oi
1102 4405 1147 4464 air,
1160 4410 1253 4462 water,
1263 4403 1314 4451 and
1326 4402 1404 4464 gluss
1436 4402 1475 4450 As
1483 4402 1518 4450 he

360 4480 450 4529 shows
467 4480 574 4528 himself
585 4486 613 4529 to
627 4480 660 4528 be
676 4496 762 4529 aware
780 4479 811 4528 os
825 4480 871 4529 the
890 4496 965 4529 error
983 4480 1077 4529 caused
1094 4481 1129 4542 by
1141 4480 1278 4529 refraction
1290 4479 1317 4528 in
1335 4479 1518 4528 astronomical

361 4558 539 4607 observatione
555 4563 592 4619 (p.
605 4560 672 4621 151),
685 4559 704 4607 it
717 4558 739 4606 is
750 4566 856 4620 strange
868 4560 924 4609 that
935 4574 970 4607 no
981 4560 1097 4609 mention
1109 4560 1140 4608 oi
1146 4559 1166 4608 it
1177 4559 1272 4608 should
1282 4558 1348 4606 have
1363 4558 1430 4606 been
1442 4557 1518 4607 made

361 4636 387 4683 in
399 4636 443 4684 the
454 4636 595 4700 Almagest.
