3575 5375
220 1897 351 1960 Difficulty

220 1963 248 2010 ol
256 1963 366 2027 explain-

219 2029 263 2093 ing
274 2029 300 2078 it.

392 613 454 674 322
615 595 771 654 OPERIS
795 593 985 663 MAJORIS
1008 593 1123 652 PARS
1148 591 1332 666 QUARTA.

391 755 501 820 modis
516 765 689 819 revocatur
702 755 789 817 intra
807 753 894 838 ripas
910 755 990 817 dum
1006 752 1054 816 sol
1075 762 1126 817 est
1142 753 1173 816 in
1191 752 1293 817 Libra
1307 762 1341 817 et
1362 748 1555 815 centesimo

392 860 447 922 die
473 879 494 922 a
521 859 683 942 principio
710 859 829 922 fluxus.
877 856 1003 922 Causas
1027 877 1107 921 vero
1135 856 1234 939 hujus
1262 853 1492 920 inundationis
1515 859 1553 912 et

391 965 550 1028 crementi
574 963 708 1027 difficile
735 972 786 1026 est
813 962 990 1045 assignare,
1012 961 1090 1043 quia
1112 961 1209 1025 valde
1232 959 1392 1023 mirabilis
1421 965 1483 1034 est,
1507 975 1553 1018 eo

391 1067 480 1149 quod
510 1067 546 1131 fit
571 1067 604 1130 in
630 1067 756 1131 fervore
783 1066 928 1140 aestatis,
951 1085 1054 1146 quum
1077 1085 1184 1148 aquae
1207 1065 1282 1147 plus
1303 1071 1551 1127 consumuntur

390 1191 490 1254 quam
508 1172 539 1234 in
556 1171 628 1236 aliis
645 1172 857 1253 temporibus.
890 1168 1068 1234 Caeterum
1084 1168 1193 1233 nullus
1208 1167 1327 1232 fluvius
1342 1167 1390 1231 sic
1406 1165 1551 1263 ipundat

391 1277 572 1339 secundum
588 1275 807 1340 Aristotelem
829 1275 861 1337 in
877 1284 1023 1338 tractatu
1039 1274 1081 1337 de
1096 1274 1127 1337 N
1132 1273 1185 1347 ilo,
1200 1272 1382 1337 secundum
1400 1269 1548 1334 Plinium

390 1381 452 1443 nisi
490 1379 680 1463 Euphrates
689 1405 699 1456 ;
738 1399 916 1462 possumus
945 1389 1058 1441 tamen
1088 1379 1221 1442 tertium
1253 1378 1386 1449 addere,
1417 1374 1550 1437 scilicet

390 1483 560 1559 Ethiliam,
577 1485 633 1567 qui
658 1496 708 1548 est
732 1483 837 1566 major
860 1482 1033 1564 Euphrate
1056 1481 1179 1546 faciens
1200 1501 1292 1545 mare
1315 1479 1487 1563 Caspium,
1502 1478 1549 1541 de

387 1609 454 1671 quo
470 1589 619 1671 superius
639 1596 765 1652 tactum
787 1597 846 1650 est.
892 1586 988 1650 Istud
1004 1588 1126 1650 docent
1142 1585 1189 1649 illi
1205 1586 1261 1667 qui
1277 1584 1367 1667 apud
1384 1582 1549 1646 Tartaros

387 1691 529 1766 fuemnt,
559 1701 596 1759 ut
626 1693 727 1755 frater
750 1689 951 1754 Willielmus
980 1700 1014 1754 et
1040 1691 1107 1754 alii.
1174 1689 1376 1755 Aristoteles
1400 1708 1483 1752 vero
1510 1695 1547 1750 et

389 1796 513 1860 Plinius
529 1795 630 1860 locuti
647 1805 725 1859 sunt
739 1797 921 1859 secundum
937 1815 1014 1860 suas
1029 1795 1263 1877 experientias

435 1897 635 1982 Hujusmodi
667 1900 766 1983 igitur
796 1910 913 1964 natura
939 1898 1124 1982 singularis,
1149 1919 1238 1980 quae
1267 1898 1301 1961 in
1325 1897 1400 1961 aliis
1427 1896 1546 1962 mundi

387 2003 578 2068 fluminibus
600 2004 806 2086 paucissimis
827 2004 999 2086 reperitur,
1013 2012 1065 2067 est
1088 2002 1169 2066 satis
1193 2001 1362 2065 mirabilis.
1408 1999 1546 2064 Deinde

387 2110 575 2192 sapientum
598 2108 763 2171 discordia
786 2108 818 2169 in
842 2107 949 2170 causis
972 2106 1065 2171 istius
1084 2106 1277 2170 incrementi
1297 2105 1394 2189 quasi
1412 2102 1546 2170 infinita

386 2213 513 2277 inducit
535 2213 567 2275 in
591 2213 686 2275 nobis
710 2210 976 2294 perplexitatem,
992 2221 1031 2274 ut
1053 2212 1088 2274 in
1105 2231 1204 2293 quam
1227 2219 1357 2292 partem
1373 2219 1546 2272 vertamur

387 2316 521 2380 nonsit
547 2314 780 2398 perspicuum;
812 2315 989 2398 praecipue
1018 2334 1094 2377 cum
1126 2315 1222 2377 multi
1251 2323 1321 2377 tam
1351 2313 1546 2395 probabiles

386 2420 565 2485 sententias
587 2420 765 2503 reprobent
780 2438 881 2500 quam
903 2429 979 2481 sunt
1000 2417 1076 2482 illae
1091 2438 1173 2500 quas
1189 2417 1364 2482 affirmant.
1412 2415 1544 2481 Seneca

386 2525 486 2587 etiam
517 2525 672 2588 omnibus
702 2522 901 2598 auctoribus,
928 2533 1074 2604 excepto
1104 2522 1132 2585 si
1160 2520 1314 2585 volumus
1345 2520 1544 2598 Aristotele,

388 2627 576 2710 ubicunque
614 2627 687 2712 figit
724 2627 940 2691 intentionem
978 2627 1108 2704 certior,
1141 2636 1253 2691 tamen
1295 2625 1327 2689 in
1365 2626 1544 2709 proposito

386 2733 494 2797 solum
517 2742 623 2798 certas
647 2734 705 2794 dat
728 2729 976 2814 reprobationes
999 2732 1032 2793 in
1055 2731 1140 2794 libro
1158 2752 1220 2795 suo
1237 2732 1279 2795 de
1301 2730 1391 2809 Nilo,
1406 2731 1465 2813 qui
1488 2742 1542 2794 est

384 2846 522 2899 octavus
545 2835 766 2910 Naturalium,
788 2833 914 2898 nullam
938 2855 1151 2917 praesumens
1174 2836 1305 2899 firmare
1328 2836 1542 2913 sententiam,

384 2940 491 3003 victus
516 2938 712 3003 difficultate
741 2938 814 3015 hac,
842 2938 919 3001 licet
945 2939 1027 3003 alias
1050 2940 1156 3002 victor
1185 2940 1348 3024 gloriosus
1378 2941 1545 3004 existens.

382 3041 583 3107 Aristoteles
606 3044 707 3106 etiam
731 3042 883 3125 quamvis
907 3044 1097 3125 opinionem
1120 3054 1264 3127 spargat,
1287 3043 1401 3107 multis
1424 3055 1542 3107 tamen

384 3147 702 3212 contradictionibus
724 3166 857 3227 semper
878 3148 1004 3209 turbari
1032 3158 1154 3230 potest.
1199 3147 1296 3230 Quae
1322 3167 1402 3211 vero
1432 3149 1543 3230 magis

383 3252 524 3315 aestimo
553 3253 654 3334 digna
685 3251 789 3315 relatu
821 3260 958 3333 propter
982 3252 1068 3315 hanc
1092 3254 1339 3334 persuasionem
1367 3272 1474 3335 usque
1496 3252 1543 3314 ad

382 3366 563 3420 tractatum
578 3356 793 3439 principalem
810 3355 946 3418 inferam
962 3355 1124 3420 tolerabili
1140 3356 1308 3420 brevitate

428 3458 603 3542 Sapientes
616 3480 693 3524 vero
709 3460 820 3523 Latini
838 3458 1043 3542 negligentes
1059 3460 1302 3542 experientiam
1316 3460 1348 3523 in
1364 3460 1427 3523 hac
1443 3471 1542 3543 parte

274 3561 302 3609 Ὗ
383 3562 566 3627 adhaerent
599 3564 748 3646 opinioni
779 3561 937 3636 Thaletis,
967 3565 1025 3645 qui
1062 3563 1125 3627 tuit
1162 3564 1288 3646 primus
1324 3564 1368 3628 de
1406 3575 1539 3648 septem

382 3667 587 3749 sapientibus
603 3666 749 3745 famosis,
760 3688 845 3749 quae
860 3668 1012 3732 consistit
1027 3668 1060 3731 in
1075 3668 1149 3745 hoc,
1164 3670 1254 3750 quod
1271 3668 1361 3732 venti
1378 3670 1541 3733 annuales

382 3771 593 3834 determinati
624 3767 705 3833 flant
738 3782 852 3833 contra
883 3771 970 3834 ostia
999 3769 1069 3835 Nili
1107 3772 1315 3837 revolventes
1346 3772 1466 3837 fluctus
1504 3784 1541 3840 et

382 3892 500 3935 arenas
516 3873 624 3949 maris,
639 3873 760 3954 quibus
780 3872 996 3936 obstruuntur
1010 3876 1105 3949 ostIa,
1124 3886 1159 3938 et
1181 3895 1291 3958 aquae
1310 3874 1380 3939 Nili
1402 3878 1541 3959 penitus

382 3976 531 4052 redeunt,
551 3985 585 4038 et
612 3976 658 4039 sic
684 3976 755 4039 exit
778 3996 854 4039 suas
881 3976 980 4058 ripas.
1026 3976 1094 4042 Sed
1118 3978 1318 4042 auctoritate
1341 3988 1376 4044 et
1402 3981 1539 4063 experi-

382 4088 496 4143 mento
512 4078 681 4143 refellitur.
727 4079 817 4143 Nam
832 4080 1014 4144 secundum
1032 4081 1248 4146 Aristotelem
1266 4091 1301 4146 et
1322 4082 1485 4149 Senecam
1504 4096 1540 4151 et

380 4184 562 4247 secundum
593 4184 684 4266 quod
714 4182 813 4247 docet
843 4183 1051 4265 experientia
1076 4204 1191 4249 eorum
1221 4186 1278 4268 qui
1308 4188 1341 4251 in
1371 4188 1540 4272 Aegypto

379 4287 520 4367 luerunt,
543 4307 649 4369 aquae
669 4284 738 4349 Nili
758 4286 918 4368 incipiunt
932 4286 1034 4350 fluere
1051 4310 1072 4352 a
1091 4289 1252 4369 superiori
1270 4300 1367 4371 parte
1382 4290 1539 4378 Aegypti

380 4393 423 4456 ab
449 4390 642 4474 Aethiopia.
689 4390 777 4453 Nam
809 4401 842 4453 et
876 4389 1038 4472 Aegyptii
1070 4412 1149 4473 prae
1178 4394 1304 4475 gaudio
1342 4394 1539 4463 exultantes

380 4494 564 4559 ascendunt
581 4514 680 4557 naves
696 4504 730 4557 et
744 4491 878 4556 obviam
894 4493 974 4557 Nilo
986 4494 1145 4557 defluenti
1158 4506 1334 4561 occurrunt
1345 4518 1422 4564 cum
1434 4512 1539 4566 cantu

380 4610 414 4663 et
447 4600 742 4663 instmmentorum
773 4596 980 4660 musicalium
1003 4617 1123 4679 genere
1145 4599 1339 4683 multiplici;
1377 4606 1470 4669 unde
1492 4606 1539 4670 ab
