3575 5375
398 613 749 673 MATHEMAYICAE
772 613 823 672 IN
845 613 1049 674 PHYSICIS
1076 615 1284 674 UTILITAS.
1360 630 1416 673 111

264 779 443 843 efficientis.
458 772 588 845 [Omne
603 777 689 841 enim
706 775 852 842 efficiens
866 776 938 857 agit
961 798 1021 860 per
1034 797 1130 840 suam
1146 779 1302 843 virtutem
1314 798 1415 861 quam
1431 787 1540 838 Whatis

265 882 343 949 facit
366 885 399 946 in
418 883 589 946 materiam
611 881 804 964 subjectam,
820 891 857 946 ut
879 880 939 945 lux
959 882 1037 945 solis
1058 882 1137 947 lacit
1152 902 1246 946 suam
1261 882 1415 946 virtutem
1431 855 1557 984 ἓξὲξ]

265 987 298 1052 iu
321 1007 404 1078 aere,
420 1007 507 1068 quae
526 995 577 1050 est
600 985 712 1050 lumen
739 985 896 1050 diffusum
919 1006 976 1069 per
991 995 1099 1049 totum
1121 989 1284 1051 mundum
1308 1008 1329 1050 a
1346 987 1420 1050 luce

266 1091 380 1156 solari:
420 1091 464 1154 Et
480 1091 562 1155 haec
571 1091 673 1154 virtus
688 1099 826 1154 vocatur
840 1090 1031 1168 similitudo,
1041 1099 1075 1153 et
1091 1091 1213 1175 imago,
1222 1102 1255 1155 et
1269 1090 1418 1174 species1

266 1206 317 1261 et·
332 1182 444 1259 multis
476 1193 672 1284 nominibus,
704 1204 738 1258 et
768 1195 854 1258 hanc
886 1195 964 1259 facit
993 1204 1064 1259 tam
1099 1195 1286 1260 substantia
1317 1215 1419 1279 quam

266 1299 428 1390 accidens,
451 1309 486 1363 et
508 1308 578 1363 tam
601 1298 781 1381 spiritualis
804 1319 906 1381 quam
929 1299 1119 1381 corporalis.
1165 1299 1211 1363 Et
1234 1300 1420 1390 substantia

268 1403 463 1487 plusquam
485 1403 646 1480 accidens,
667 1412 701 1466 et
719 1402 900 1486 spiritualis
920 1402 994 1486 plus
1016 1424 1117 1486 quarn
1138 1403 1326 1486 corporalis.
1342 1404 1419 1476 AEt

268 1508 350 1571 baec
377 1509 504 1591 species
529 1506 608 1571 facit
638 1527 772 1571 omnem
799 1507 1027 1591 operationem
1051 1507 1150 1590 hujus
1172 1511 1311 1587 mundi;
1340 1529 1419 1572 nam

268 1621 424 1695 operatur
438 1612 470 1674 in
493 1632 637 1689 sensum,
653 1611 688 1674 in
705 1611 921 1692 intellectum,
935 1621 970 1675 et
993 1613 1026 1675 in
1046 1621 1152 1676 totam
1177 1613 1293 1676 muudi
1317 1623 1421 1677 mate·

269 1717 350 1780 riam
377 1689 441 1798 per
462 1736 572 1779 rerum
602 1717 858 1799 generationem,
887 1716 966 1799 quia
997 1736 1100 1780 unum
1131 1727 1165 1782 et
1196 1718 1285 1781 idem
1312 1716 1351 1782 fit
1376 1718 1420 1781 ab

270 1809 390 1904 agente
422 1820 563 1884 naturali
595 1820 627 1882 in
658 1821 883 1902 quodcunque
913 1830 1076 1904 operetur,
1106 1821 1186 1904 quia
1214 1840 1283 1886 non
1319 1822 1421 1885 habet

269 1925 561 1998 deliberationem
578 1935 611 1988 et
633 1925 708 1989 ideo
728 1925 885 2008 quicquid
901 1925 931 1987 ei
947 1936 1098 1989 occurrat
1112 1924 1193 1990 lacit
1208 1926 1305 1989 idem.
1352 1925 1421 1990 Sed

270 2029 297 2090 si
312 2029 345 2091 in
359 2048 493 2092 sensum
510 2037 544 2092 et
565 2028 769 2091 intellectum
790 2037 880 2112 agat,
897 2028 935 2092 fit
956 2029 1093 2110 species,
1112 2040 1150 2093 ut
1168 2051 1282 2094 omnes
1303 2031 1421 2094 sciunt.

272 2133 363 2215 Ergo
387 2133 421 2196 in
444 2133 659 2208 contrarium,
684 2133 774 2196 etin
798 2133 972 2197 materiam
1001 2132 1039 2197 fit
1062 2135 1197 2216 species.
1244 2134 1290 2198 Et
1316 2136 1349 2196 in
1371 2134 1422 2196 his

271 2257 357 2320 quae
386 2236 509 2300 babent
541 2237 702 2300 rationem
733 2246 768 2300 et
797 2235 1012 2310 intellectum,
1049 2237 1126 2301 licet
1161 2238 1266 2302 multa
1299 2236 1423 2302 faciant

271 2342 455 2405 secundum
491 2339 761 2404 deliberationem
792 2349 826 2402 et
855 2339 1052 2404 electionem
1081 2341 1272 2417 voluntatis,
1309 2353 1422 2406 tamen

271 2445 353 2508 haec
371 2446 530 2529 operatio,
545 2465 632 2527 quae
652 2455 702 2508 est
724 2444 893 2526 generatio
916 2446 1048 2526 speciei,
1069 2454 1119 2510 est
1141 2446 1302 2510 naturalis
1323 2447 1355 2508 iu
1376 2447 1423 2511 eis

272 2551 357 2614 sicut
387 2550 419 2612 in
450 2549 532 2614 aliis.
593 2550 694 2615 Unde
723 2549 910 2615 substantia
939 2551 1069 2614 animae
1099 2550 1297 2633 multiplicat
1325 2571 1421 2614 suam

271 2655 426 2720 virtutem
457 2655 490 2719 in
522 2673 659 2737 corpore
689 2665 723 2720 et
752 2664 849 2719 extra
878 2674 1009 2737 corpus,
1040 2665 1074 2720 et
1103 2655 1275 2736 quodlibet
1304 2676 1423 2741 corpus

274 2770 370 2825 extra
384 2782 421 2823 se
441 2759 521 2823 facit
543 2780 637 2823 suam
654 2762 819 2832 virtutem,
841 2769 875 2823 et
893 2759 1003 2843 angeli
1026 2771 1161 2825 movent
1185 2762 1347 2826 mundum
1366 2780 1424 2843 per
1537 2840 1541 2847 .

273 2862 464 2946 hujusmodi
488 2865 636 2929 virtutes.
683 2863 750 2929 Sed
778 2863 872 2928 Deus
893 2864 973 2928 lacit
990 2866 1129 2929 virtutes
1149 2867 1191 2930 de
1214 2865 1326 2944 nihilo,
1340 2886 1424 2949 quas

275 2968 471 3053 multiplicat
486 2970 519 3033 in
534 2968 650 3045 rebus3
673 2969 806 3051 agentia
820 2982 931 3033 creata
945 2991 1013 3035 non
1027 2970 1085 3047 sic,
1101 2974 1158 3036 sed
1180 2971 1247 3036 alio
1263 2973 1365 3036 modo
1382 2974 1426 3037 de

273 3093 340 3155 quo
355 3093 421 3137 non
436 3082 486 3136 est
501 3073 543 3136 ad
561 3092 715 3155 praesens
730 3075 922 3138 curandum.
968 3074 1172 3157 Hujusmodi
1191 3095 1273 3159 ergo
1287 3076 1425 3140 virtutes

273 3178 441 3261 agentium
472 3179 506 3241 in
530 3177 594 3241 hoc
622 3177 747 3241 mundo
773 3178 893 3242 iaciunt
920 3199 1052 3243 omnem
1076 3180 1310 3262 operationem.
1356 3178 1424 3245 Sed

274 3284 342 3346 duo
360 3293 439 3346 sunt
462 3282 565 3345 modo
588 3283 792 3346 attendenda
810 3283 896 3346 circa
915 3282 998 3347 ista:
1025 3303 1126 3347 unum
1145 3295 1197 3347 est
1219 3284 1292 3366 ipsa
1313 3283 1426 3347 multi·

275 3386 411 3469 plicatio
426 3386 547 3467 speciei
570 3394 604 3449 et
624 3385 754 3449 virtutis
775 3407 796 3449 a
819 3386 893 3449 loco
917 3406 996 3450 suae
1014 3387 1254 3470 generationis3
1281 3396 1315 3451 et
1336 3387 1426 3452 aliud

275 3500 325 3554 est
341 3490 491 3573 operatio
507 3490 597 3553 varia
612 3490 646 3552 in
664 3488 728 3553 hoc
750 3491 877 3554 mundo
900 3502 1036 3573 propter
1050 3511 1158 3554 rerum
1177 3491 1426 3574 generationem

275 3604 311 3659 et
325 3594 578 3676 corruptionem.
624 3592 814 3658 Secundum
832 3594 906 3658 sciri
922 3614 989 3658 non
1006 3606 1115 3678 potest
1131 3595 1202 3659 sine
1217 3596 1334 3677 primo.
1380 3596 1427 3660 Et

275 3698 352 3763 ideo
367 3707 501 3783 oportet
516 3699 624 3781 primo
638 3700 745 3781 ipsam
763 3698 1071 3783 multiplicationem
1086 3701 1238 3765 describi.

706 4050 933 4119 Cnnruwu
958 4052 1004 4116 11.

322 4216 361 4280 In
393 4236 461 4298 quo
492 4236 637 4281 canones
668 4216 953 4300 multiplicationis
981 4218 1141 4282 virtutum
1170 4219 1341 4303 agentium
1378 4240 1429 4283 se-

279 4322 422 4386 cundum
446 4321 549 4386 lineas
571 4332 607 4386 et
627 4321 766 4405 angulos
788 4322 1008 4406 explicantur.

312 4488 320 4518 ¹
337 4491 380 4541 ml
403 4492 458 4542 that
480 4493 503 4543 is
518 4494 575 4542 said
593 4493 619 4541 in
638 4493 689 4542 this
706 4493 791 4543 fourth
807 4500 864 4556 part
879 4492 910 4541 ol
922 4492 966 4542 the
984 4493 1056 4556 Opus
1072 4493 1161 4556 Hujus
1173 4508 1207 4541 on
1225 4492 1270 4541 the
1288 4492 1388 4553 subject
1403 4492 1434 4540 ol

278 4570 365 4633 vraks
381 4580 449 4621 must
469 4572 502 4621 be
518 4572 620 4621 studied
639 4573 666 4620 in
686 4573 834 4621 connexion
852 4573 917 4622 with
937 4572 982 4621 the
999 4572 1077 4621 much
1093 4571 1170 4619 fuller
1186 4577 1324 4620 treatment
1342 4570 1430 4620 nithe

280 4649 379 4710 subject
395 4650 422 4699 in
434 4652 478 4699 the
489 4650 596 4699 trectise
608 4649 647 4698 De
657 4649 859 4714 Mulnplrbrtrbm
868 4651 1015 4713 Spea'emm.
