3575 5375
369 609 429 672 288
593 607 748 669 OPERIS
772 607 961 678 MAJORIS
985 605 1100 665 PARS
1125 605 1311 678 QUARTA.

371 779 458 835 recte
482 769 663 852 generatis,
678 769 736 834 scd
760 768 793 831 in
822 769 967 850 peccatis
995 777 1133 832 naturae
1156 777 1190 832 et
1214 767 1378 834 monstris.
1432 769 1523 831 Nam

371 873 547 940 Avicenna
558 873 688 939 decimo
705 883 823 939 octavo
839 874 924 937 libro
938 874 980 938 de
991 872 1205 937 Animalibus
1219 874 1318 952 dicit;
1334 875 1370 940 Si
1383 876 1524 958 embryo

371 999 440 1043 non
455 988 567 1062 potest
589 980 732 1061 recipere
751 979 1006 1056 humanitatem,
1020 977 1157 1061 recipiet
1177 979 1418 1044 animalitatem
1440 981 1526 1044 sicut

372 1084 407 1147 in
424 1083 520 1148 rebus
541 1084 778 1148 monstruosis:
796 1094 839 1176 ,ut
858 1084 994 1167 quando
1013 1083 1099 1148 filius
1117 1083 1264 1148 hominis
1286 1084 1403 1149 habuit
1423 1094 1525 1168 caput

371 1187 491 1266 arietis,
514 1197 548 1253 et
571 1209 678 1272 agnus
701 1188 820 1253 habuit
846 1199 947 1270 caput
971 1188 1077 1254 tauri:
1106 1189 1262 1272 quoniam
1284 1188 1389 1254 virtus
1421 1190 1453 1253 in
1484 1208 1525 1253 eo

372 1293 506 1357 induxit
529 1291 669 1358 sormam
701 1295 881 1358 secundum
913 1292 1035 1377 figuras
1064 1291 1231 1371 coelestes,
1253 1315 1341 1377 quae
1370 1295 1524 1360 accidunt

373 1398 558 1480 unicuique.
614 1398 660 1464 Et
690 1399 716 1463 si
752 1397 889 1463 ulterius
918 1398 1167 1475 descendamus,
1197 1418 1374 1480 possumus
1409 1420 1524 1463 causas

373 1521 482 1565 rerum
500 1502 688 1567 inferiorum
702 1504 808 1585 magis
819 1522 924 1586 prope
935 1503 1131 1587 investigare
1142 1522 1202 1585 per
1212 1502 1378 1568 coelestia.
1413 1502 1525 1567 Primo

372 1626 449 1670 vero
465 1608 621 1671 articulus
640 1607 695 1672 hic
715 1617 774 1684 est,
789 1609 879 1691 quod
900 1606 1040 1690 quilibet
1058 1617 1200 1691 punctus
1222 1618 1328 1671 terrae
1349 1616 1403 1672 est
1423 1627 1525 1672 conus

374 1710 471 1774 unius
487 1712 669 1793 pyramidis
684 1713 852 1776 virtuosae
866 1711 959 1776 coeli.

205 1824 312 1902 Gi¹¹⁰f²¹
420 1815 469 1880 Ut
488 1816 551 1882 hoc
566 1827 678 1882 autem
697 1816 816 1881 certius
829 1814 1025 1900 planiusque
1037 1817 1187 1881 videatur
1200 1817 1292 1900 quod
1313 1817 1525 1893 intendimus,

203 1890 339 2020 pppecples
377 1939 509 1984 necesse
524 1932 575 1986 est
590 1922 796 1986 considerare
810 1940 898 2004 quae
912 1920 956 1984 sit
970 1920 1144 1986 diversitas
1159 1922 1331 2003 regionum
1354 1922 1478 1999 mundi,
1491 1929 1526 1984 et

204 2022 308 2087 graphy.
376 2027 546 2106 quomodo
578 2027 696 2092 eadem
726 2026 818 2108 regio
850 2025 883 2088 in
913 2025 1049 2090 diversis
1072 2025 1278 2108 temporibus
1307 2028 1461 2103 variatur,
1491 2033 1526 2089 et

376 2131 545 2212 quomodo
576 2151 627 2196 res
658 2130 808 2195 diversae
841 2129 992 2213 ejusdem
1022 2130 1166 2212 regionis
1195 2130 1342 2195 diversas
1365 2132 1526 2214 recipiunt

377 2235 548 2318 passiones
560 2235 592 2298 in
609 2235 727 2300 eodem
743 2244 903 2315 tempore.
950 2233 1016 2298 Sed
1031 2233 1113 2298 hacc
1127 2235 1203 2298 sciri
1219 2255 1286 2299 non
1302 2246 1449 2317 possunt,
1462 2236 1523 2299 nisi

374 2341 596 2423 quantitatem
626 2351 660 2405 et
694 2337 832 2422 figuram
863 2337 1054 2403 habitabilis
1084 2347 1191 2403 terrae
1220 2348 1255 2403 et
1283 2340 1417 2404 climata
1454 2342 1525 2423 ejus

375 2445 625 2528 distinguamus,
670 2442 844 2526 Quatenus
866 2463 945 2507 vero
968 2443 1011 2506 ad
1042 2443 1123 2507 haec
1146 2443 1370 2520 deveniamus
1392 2455 1527 2529 oportet

376 2569 436 2614 nos
451 2567 635 2632 supponere
652 2549 813 2612 mundum
830 2567 902 2612 esse
916 2547 1107 2629 sphaericae
1123 2547 1255 2630 figurae,
1272 2549 1356 2614 sicut
1376 2550 1526 2632 superius

376 2662 427 2717 est
456 2653 729 2719 demonstratum.
775 2651 821 2718 Et
852 2651 1109 2736 imaginabinrur
1129 2661 1198 2718 tres
1228 2653 1331 2719 lineas
1360 2677 1381 2719 a
1411 2655 1527 2721 mundi

376 2758 528 2821 terminis
549 2759 666 2823 ductas
690 2758 925 2821 intersecantes
941 2777 976 2820 se
997 2757 1030 2820 in
1052 2768 1166 2822 centro
1187 2758 1301 2822 mundi
1320 2760 1363 2823 ad
1386 2760 1527 2843 angulos

378 2872 494 2938 rectos,
509 2870 546 2925 ut
569 2882 634 2927 una
657 2861 700 2925 sit
723 2882 743 2925 a
764 2861 887 2924 dextro
910 2860 944 2925 in
966 2860 1134 2925 sinistrum
1158 2862 1190 2926 in
1213 2862 1316 2936 coelo,
1332 2874 1366 2929 et
1388 2863 1452 2929 hoc
1475 2876 1527 2932 est

378 2966 469 3047 quod
484 2966 528 3029 ab
543 2966 670 3031 oriente
687 2966 718 3029 in
734 2964 888 3029 occidens
907 2986 966 3048 per
980 2974 1130 3029 centrum
1146 2967 1261 3031 mundi
1281 2968 1439 3046 ducatur3
1462 2970 1527 3035 alia

378 3089 398 3132 a
413 3090 542 3133 sursum
558 3069 590 3133 in
605 3070 767 3147 deorsum,
780 3069 814 3132 id
829 3079 880 3134 est
896 3089 915 3131 a
931 3070 1069 3133 meridie
1085 3071 1118 3133 in
1133 3073 1401 3153 septentrionem,
1412 3084 1447 3137 et
1462 3075 1527 3139 hoc

378 3183 431 3238 est
453 3193 473 3236 a
494 3173 571 3258 polo
591 3174 775 3239 antarctico
792 3174 835 3237 ad
851 3173 966 3255 polum
989 3175 1157 3253 arcticum,
1173 3185 1208 3238 et
1226 3176 1323 3241 tertia
1342 3177 1386 3239 ab
1401 3188 1479 3242 ante
1494 3190 1528 3243 et

379 3288 477 3356 retro,
494 3281 527 3343 id
544 3288 594 3342 est
610 3299 630 3342 a
645 3287 768 3360 puncto
785 3278 885 3343 medii
901 3276 983 3341 coeli
998 3298 1098 3361 supra
1113 3298 1174 3343 nos
1188 3300 1292 3362 usque
1307 3281 1350 3344 ad
1367 3292 1528 3364 punctum

378 3383 568 3467 oppositum
593 3382 625 3446 in
649 3381 742 3447 coelo
764 3383 826 3447 sub
848 3390 945 3447 terra.
993 3382 1038 3445 Et
1060 3403 1119 3465 per
1141 3385 1309 3464 quandam
1339 3393 1530 3471 transump-

379 3488 504 3551 tionem
541 3484 692 3551 vocabuli
725 3496 864 3551 vocatur
900 3486 1041 3569 angulus
1077 3496 1194 3551 terrae.
1240 3486 1297 3552 Sic
1334 3490 1433 3555 docet
1469 3512 1529 3557 nos

379 3588 580 3655 Aristoteles
610 3590 782 3673 imaginari
811 3610 871 3653 sex
902 3591 1049 3655 diversas
1085 3592 1267 3674 positiones
1303 3593 1337 3657 in
1369 3594 1462 3659 coelo
1495 3596 1530 3659 in

379 3696 524 3759 secundo
541 3693 633 3759 Coeli
650 3702 684 3759 et
703 3694 833 3759 Mundi.

211 3816 330 3868 Celeriter
424 3796 460 3861 Si
485 3798 585 3879 igitur
614 3797 869 3881 imaginabimur
896 3818 999 3862 unum
1030 3798 1186 3864 circulum
1217 3809 1441 3867 transeuntem
1473 3825 1532 3886 per

210 3883 260 3932 ²¹¹⁶
380 3900 495 3978 oriens,
518 3911 552 3965 et
576 3902 721 3965 medium
744 3902 836 3979 coeli,
859 3911 892 3965 et
916 3902 1078 3979 occidens,
1101 3913 1134 3966 et
1157 3904 1315 3986 angulum
1337 3914 1455 3985 terrae,
1477 3908 1532 3971 hic

210 3947 346 4079 {eqiireiiiml
381 4006 498 4070 dividit
521 4004 651 4070 coelum
673 4006 706 4068 in
730 4006 813 4070 duas
834 4016 947 4089 partes
976 4006 1140 4089 aequales,
1174 4008 1207 4069 in
1238 4009 1349 4074 medio
1378 4011 1450 4093 ejus
1481 4032 1531 4074 re-

211 4079 340 4195 :pptfflut-
381 4110 534 4192 linquens
572 4130 671 4173 unam
711 4110 923 4175 medietatem
954 4121 1104 4193 respectu
1135 4112 1231 4175 unius
1260 4111 1338 4194 poli,
1367 4124 1401 4178 et
1431 4115 1531 4178 aliam

211 4209 302 4263 ⁰⁰¹³oe
384 4225 534 4298 respectu
554 4213 697 4291 alterius,
712 4225 747 4279 et
762 4224 899 4278 vocatur
921 4214 1178 4297 aequinoctialis,
1194 4225 1228 4278 et
1248 4216 1325 4299 quia
1342 4216 1532 4284 habitantes

380 4320 443 4383 sub
473 4339 513 4383 eo
542 4319 666 4383 habent
696 4328 893 4401 perpetuum
927 4319 1182 4400 aequinoctium,
1206 4330 1240 4383 et
1270 4320 1349 4403 quia
1378 4323 1532 4386 omnibus

381 4421 623 4487 habitatoribus
650 4431 756 4487 terrae
782 4433 833 4485 est
857 4421 1102 4504 aequinoctium
1130 4423 1265 4503 quando
1295 4424 1343 4487 sol
1369 4426 1458 4489 venit
1488 4426 1531 4490 ad

381 4527 473 4591 illurn
495 4526 652 4591 circulum
673 4537 708 4591 et
727 4525 883 4589 describit
908 4545 982 4589 eam
1007 4525 1040 4588 in
1069 4525 1124 4589 die
1155 4526 1316 4592 naturali:
1338 4538 1374 4593 et
1395 4530 1459 4594 hoc
1481 4539 1533 4595 est

381 4630 415 4695 in
451 4631 612 4715 principio
649 4630 734 4695 veris
770 4640 804 4696 et
841 4630 874 4693 in
913 4628 1076 4713 principio
1113 4631 1274 4711 autumni,
1311 4634 1445 4714 quando
1482 4634 1533 4700 sol
