3575 5375
375 639 437 701 332
599 621 754 681 opanrs
778 621 970 691 MAJORJS
993 620 1108 680 Pras
1133 619 1317 693 Quarum.

377 783 466 848 Nam
481 783 528 846 sic
544 782 576 847 in
593 791 743 866 tempore
754 781 952 864 Hieronymi
965 792 999 846 et
1011 783 1167 864 deinceps
1179 792 1318 864 accepta
1329 791 1379 844 est
1389 778 1533 857 Arabia,

375 886 535 969 quoniam
558 885 632 968 ipse
653 885 734 950 dicit
752 884 786 948 in
805 883 890 948 libro
913 883 1079 948 Locorum
1099 884 1230 949 Pharan
1253 894 1344 946 trans
1365 881 1532 946 Arabiam

376 1010 466 1068 esse3
489 999 608 1073 quarto
617 1000 651 1053 et
663 989 792 1053 decimo
804 989 944 1072 septimo
955 988 1040 1052 libro
1052 1009 1152 1071 super
1163 988 1284 1052 lsaiam
1297 985 1378 1050 dicit
1392 985 1532 1049 Madian

376 1104 409 1156 et
426 1093 526 1176 Epha
547 1104 580 1157 et
596 1091 704 1157 Cedat
718 1102 753 1156 et
770 1093 981 1157 Nabatheam
998 1093 1148 1175 regiones
1162 1112 1235 1156 esse
1250 1101 1340 1155 trans
1355 1088 1532 1153 Arabiam.

377 1197 478 1280 Quod
504 1217 583 1262 vero
610 1196 701 1262 Saba
727 1197 845 1261 thurea
873 1197 1070 1260 Eudaemon
1096 1207 1132 1259 et
1157 1205 1230 1259 tota
1256 1195 1348 1277 regio
1372 1193 1465 1259 Saba
1487 1194 1533 1257 sit

376 1303 534 1367 distincta
560 1301 711 1364 similiter
736 1312 852 1365 contra
877 1301 1040 1365 Arabiam
1068 1301 1132 1364 isto
1158 1301 1258 1364 tertio
1280 1289 1383 1363 modo
1405 1297 1532 1361 dictam

377 1415 469 1489 patet
500 1425 558 1489 per
590 1405 835 1487 Hieronymum
862 1405 896 1469 in
931 1405 1107 1470 Hebraicis
1136 1403 1393 1487 quaestionibus.
1438 1401 1531 1464 Nam

374 1511 454 1574 dicit
471 1510 648 1592 quodcum
665 1509 699 1573 in
711 1509 851 1573 Psalmis
866 1510 993 1588 dicitur,
1003 1529 1097 1592 reges
1106 1508 1260 1573 Arabum
1273 1517 1307 1571 et
1320 1505 1430 1571 Sabae
1441 1505 1532 1568 dona

375 1615 550 1688 adducent,
566 1613 622 1676 illa
645 1624 696 1677 est
720 1614 810 1679 Saba
833 1613 950 1677 thurea
968 1623 1002 1677 et
1025 1613 1183 1678 thurifera
1203 1611 1379 1695 praedicta,
1398 1609 1441 1674 de
1463 1629 1533 1691 qua

375 1718 511 1782 adducit
533 1717 766 1782 auctoritatem
791 1716 933 1800 Virgilii,
957 1717 1044 1783 Solis
1066 1727 1126 1797 est,
1149 1718 1267 1800 inquit,
1291 1714 1415 1779 thureis
1437 1713 1532 1793 virga

376 1819 523 1886 Sabaeis.
569 1821 668 1902 Nam,
687 1831 724 1885 ut
743 1821 969 1903 Hieronymus
986 1823 1067 1886 dicit
1084 1831 1118 1886 et
1139 1830 1232 1905 patet
1255 1818 1389 1884 cuilibet
1411 1817 1531 1881 scienti

376 1924 581 2004 Hebraeum,
597 1925 630 1989 in
648 1925 803 1989 Hebraeo
826 1926 956 2004 dicitur,
972 1946 1066 2008 reges
1083 1924 1174 1991 Saba
1197 1935 1231 1989 et
1249 1922 1340 1988 Saba
1362 1923 1449 1986 dona
1470 1921 1532 1984 ad·

374 2029 517 2105 ducent3
539 2028 598 2092 sed
611 2027 754 2109 primurn
768 2027 859 2093 Saba
874 2028 1109 2110 interpretatur
1116 2026 1245 2092 Arabia
1256 2036 1290 2090 et
1301 2024 1455 2089 scribitur
1471 2042 1532 2104 per

375 2131 425 2195 sin
448 2130 604 2206 litteram,
627 2133 810 2196 secundum
833 2131 987 2194 scribitur
1010 2151 1069 2214 per
1091 2151 1212 2209 samec,
1230 2142 1264 2194 et
1285 2138 1336 2192 est
1358 2126 1414 2191 illa
1436 2125 1531 2190 Saba

376 2235 544 2313 thurifera,
570 2246 604 2300 et
630 2236 673 2298 de
702 2234 764 2298 hac
792 2234 883 2299 Saba
913 2244 1073 2298 venerunt
1104 2234 1193 2317 magi
1223 2232 1279 2316 qui
1308 2232 1532 2297 adoraverunt

377 2338 557 2416 Christum,
581 2358 647 2402 non
665 2337 709 2402 de
732 2337 823 2403 Saba
842 2357 930 2420 quae
952 2348 1002 2402 est
1025 2339 1059 2402 iu
1079 2337 1246 2421 Ethiopia.
1291 2335 1381 2400 Nam
1404 2332 1461 2397 illa
1476 2343 1530 2395 est
1576 2335 1582 2345 '

377 2443 410 2504 in
427 2443 572 2506 meridie.
614 2441 673 2506 Ab
690 2442 816 2506 oriente
831 2443 921 2505 enirn
936 2442 1117 2507 secundum
1134 2439 1354 2524 Evangelium
1369 2447 1531 2502 venerunt

377 2548 474 2629 magi.
522 2547 567 2610 Et
586 2547 639 2610 isti
654 2557 733 2611 sunt
747 2564 840 2627 reges
857 2545 977 2623 Sabae,
992 2549 1064 2612 sive
1082 2566 1173 2630 reges
1189 2546 1342 2610 Arabum
1358 2553 1393 2607 et
1408 2540 1530 2606 Sabae.

422 2651 502 2716 Post
524 2651 606 2716 haec
629 2650 776 2735 sequitur
798 2650 891 2733 regio
915 2651 1128 2735 praegrandis
1151 2670 1238 2734 quae
1260 2658 1399 2714 vocatur
1422 2645 1530 2727 Syria,

378 2775 472 2838 quae,
488 2755 671 2819 secundum
692 2753 900 2837 Scripturam
924 2765 959 2820 et
974 2755 1120 2819 Plinium
1142 2765 1176 2819 et
1199 2754 1356 2836 antiquos
1376 2763 1528 2815 auctores

378 2860 527 2922 continet
541 2878 657 2921 omues
673 2858 859 2940 provincias
873 2880 895 2923 a
906 2859 999 2943 Tigri
1015 2859 1151 2924 flumine
1165 2860 1210 2923 ab
1224 2860 1351 2922 oriente
1366 2876 1470 2939 usque
1484 2856 1529 2919 ad

379 2962 541 3026 Arabiam
556 2984 577 3026 a
594 2962 731 3026 meridie
751 2972 785 3026 et
809 2983 913 3045 usque
931 2964 972 3027 ad
1000 2984 1091 3027 mare
1109 2973 1259 3027 nostrum
1277 2982 1335 3026 seu
1358 2977 1528 3043 magnum,

378 3067 469 3151 quod
492 3065 612 3130 dividit
638 3064 771 3130 Italiam
795 3077 828 3131 et
849 3066 983 3148 Syriam
1006 3078 1041 3132 et
1063 3067 1261 3151 Aegyptum
1288 3067 1334 3131 ab
1357 3064 1530 3130 occidente

378 3182 412 3237 et
429 3193 451 3236 a
468 3169 584 3235 Cilicia
606 3181 639 3235 et
654 3169 767 3234 Tauro
788 3171 1081 3236 montealtissimo
1099 3194 1119 3236 a
1136 3171 1370 3256 septentrione.
1415 3167 1528 3231 Prima

377 3274 447 3357 ejus
470 3285 504 3339 et
526 3274 719 3358 principalis
742 3274 832 3356 regio
854 3285 905 3339 est
928 3275 1173 3359 Mesopotamia
1196 3296 1253 3339 seu
1276 3272 1427 3354 Assyria,
1449 3290 1530 3333 nam

377 3380 465 3443 idem
479 3389 555 3444 sunt
567 3378 749 3443 secundum
762 3378 903 3444 Plinium
915 3402 923 3457 ;
946 3390 979 3443 et
993 3379 1221 3461 Hieronymus
1235 3379 1316 3443 dicit
1332 3376 1428 3441 tertio
1443 3373 1530 3438 libro

376 3503 475 3567 super
491 3482 623 3559 Isaiam,
637 3482 728 3566 quod
744 3492 816 3548 tota
831 3483 923 3565 regio
945 3483 1032 3547 iuter
1047 3484 1176 3567 Tigrim
1197 3494 1232 3546 et
1248 3480 1457 3563 Euphratem
1478 3490 1531 3543 est

378 3587 468 3669 regio
496 3585 722 3669 Assyriorum.
780 3586 942 3652 Similiter
966 3587 1212 3669 Mesopotamia
1234 3587 1321 3649 inter
1343 3583 1471 3668 Tigrim
1495 3593 1531 3646 et

379 3690 588 3773 Euphratem
618 3692 814 3755 continetur.
875 3689 976 3756 Unde
1005 3691 1127 3755 dicitur
1156 3711 1177 3754 a
1207 3710 1330 3762 meson,
1360 3688 1451 3772 quod
1478 3697 1531 3751 est

378 3794 536 3869 medium,
551 3805 586 3859 et
601 3804 763 3876 potamus,
779 3795 869 3877 quod
886 3804 938 3859 est
953 3794 1081 3875 fluvius,
1097 3796 1189 3879 quasi
1211 3797 1296 3859 inter
1311 3794 1396 3857 duos
1411 3791 1531 3856 fluvios

378 3906 544 3971 contenta,
560 3897 689 3979 Tigrim
715 3898 842 3964 scilicet
866 3909 900 3963 et
924 3899 1141 3983 Euphratem.
1187 3900 1234 3964 Et
1255 3898 1332 3962 ideo
1355 3898 1444 3961 idem
1468 3894 1530 3959 fuit

377 4002 562 4085 antiquitus
586 4002 832 4087 Mesopotamia
854 4015 888 4069 et
911 4004 1063 4086 Assyria.
1109 4004 1155 4068 Et
1179 4003 1261 4068 haec
1283 4000 1531 4086 Mesopotamia

377 4128 435 4171 seu
454 4106 596 4189 Assyria
618 4109 662 4172 ab
683 4109 809 4172 oriente
830 4106 933 4172 habet
949 4108 1087 4191 Tigrim,
1102 4108 1147 4173 ab
1168 4128 1288 4173 occasu
1311 4106 1531 4190 Euphratem,

378 4232 398 4275 a
414 4211 550 4275 meridie
567 4230 657 4275 mare
675 4212 853 4291 Persicum,
864 4214 956 4296 quod
971 4223 1022 4276 est
1034 4213 1124 4275 sinus
1137 4212 1286 4277 Persicus
1300 4211 1400 4273 maris
1413 4208 1531 4289 Rubri,

378 4336 400 4379 a
420 4315 647 4397 septentrione
670 4316 816 4379 Taurum
837 4327 998 4390 montem,
1013 4315 1106 4398 cujus
1129 4314 1304 4397 longitudo
1326 4322 1377 4377 est
1399 4312 1531 4375 circiter

378 4420 571 4501 octingenta
586 4417 746 4493 milliaria,
763 4416 908 4484 latitudo
923 4428 1079 4494 trecenta,
1095 4420 1277 4483 secundum
1294 4416 1448 4481 Plinium.
1490 4415 1530 4478 In

378 4522 441 4587 hac
458 4523 704 4607 Mesopotamia
719 4534 798 4589 sunt
815 4523 936 4587 Ninive
957 4533 992 4587 et
1008 4523 1170 4606 Babylon,
1186 4532 1220 4586 et
1235 4532 1308 4585 tota
1325 4530 1413 4585 terra
1429 4518 1530 4584 Chal·

378 4628 550 4707 daeorum,
565 4639 600 4694 et
616 4627 719 4697 Babel
739 4628 837 4693 turris
857 4636 1047 4693 constructa
1068 4628 1101 4691 in
1122 4636 1209 4693 terra
1225 4625 1360 4692 Senaar.
1406 4624 1447 4689 Iu
1467 4622 1531 4691 hac
