3575 5375
642 629 813 691 crusna
836 629 1035 687 sunonis.
1373 646 1413 707 23

260 803 420 868 scientia?
465 803 543 867 Non
566 802 653 878 dico,
675 801 811 884 quidam
834 800 1000 883 sapientes
1022 810 1057 865 et
1080 802 1209 883 experti
1232 812 1412 883 potuerunt

260 928 320 990 per
341 929 436 973 suam
455 910 613 972 virtutem
637 908 804 991 propriam
825 904 954 969 facilius
976 914 1010 970 et
1031 906 1129 970 citius
1149 926 1283 971 cernere
1306 906 1412 971 multa

259 1022 385 1077 secreta
406 1012 598 1095 sapientiae,
616 1032 717 1094 quam
740 1010 794 1074 hic
815 1031 899 1093 puer
920 1030 979 1093 per
1000 1010 1155 1093 seipsum,
1172 1012 1249 1093 quia
1272 1031 1337 1075 non
1361 1023 1412 1077 est

259 1129 417 1201 expertus
446 1118 531 1182 vires
556 1136 644 1193 suas,
670 1135 730 1180 nec
760 1116 901 1197 percipit
928 1124 1091 1196 quantum
1121 1116 1213 1180 novit
1240 1135 1300 1178 nec
1328 1117 1411 1197 quid

258 1232 370 1306 potest
400 1221 509 1285 facere
536 1220 637 1304 juxta
666 1220 884 1285 fundamenta
913 1218 976 1282 sibi
1005 1219 1140 1296 tradita,
1170 1220 1229 1283 sed
1262 1221 1346 1284 sicut
1377 1220 1411 1283 in

259 1326 425 1390 radicibus
448 1326 582 1389 excedit
604 1324 695 1397 alios,
714 1333 751 1387 ut
774 1326 901 1388 dictum
925 1332 986 1401 est,
1006 1324 1051 1386 sic
1075 1325 1102 1387 si
1125 1344 1206 1387 sano
1228 1334 1262 1387 et
1284 1323 1410 1388 efficaci

258 1430 395 1494 consilio
412 1430 513 1513 juxta
533 1428 692 1493 fontalem
714 1428 954 1510 plenitudinem
971 1447 1071 1509 quam
1090 1428 1191 1491 habet
1206 1428 1411 1511 dirigeretur,

257 1536 368 1599 nullus
382 1536 549 1599 seniorum
564 1543 819 1616 consequeretur
834 1552 911 1596 eum
932 1532 965 1595 in
984 1531 1226 1615 sapientialium
1242 1532 1410 1616 profluviis

258 1641 410 1703 rivorum
455 1638 501 1703 Et
531 1639 689 1721 quoniam
719 1638 886 1720 sapientes
911 1656 949 1700 se
973 1636 1118 1699 sentiunt
1149 1638 1255 1717 magis
1285 1658 1409 1702 vacuos

257 1764 358 1825 quam
380 1743 580 1826 insipientes,
595 1742 649 1805 vel
669 1743 727 1824 qui
750 1740 865 1805 nolunt
886 1742 929 1804 de
950 1740 1029 1823 ipsis
1049 1740 1209 1819 confiteri,
1225 1742 1301 1804 ideo
1317 1744 1409 1806 vide·

257 1868 331 1910 mus
360 1847 512 1911 homines
540 1855 667 1929 quanto
697 1846 915 1927 sapientiores
945 1854 1033 1919 sunt,
1062 1854 1157 1908 tanto
1186 1844 1342 1909 humilius
1372 1866 1408 1911 se

256 1951 410 2016 inclinare
424 1952 467 2015 ad
483 1950 669 2015 doctrinam
690 1950 826 2013 alterius
842 1948 1095 2031 suscipiendam,
1111 1968 1170 2013 nec
1186 1949 1408 2032 dedignantur

255 2056 499 2139 simplicitatem
515 2055 678 2132 docentis,
689 2055 748 2117 sed
764 2054 806 2117 ad
821 2055 971 2131 rusticos,
981 2062 1016 2117 et
1029 2054 1073 2116 ad
1087 2052 1223 2128 vetulas,
1237 2063 1271 2117 et
1287 2074 1406 2137 pueros

254 2180 291 2223 se
309 2159 495 2224 humiliant.
540 2158 707 2242 Quoniam
728 2158 898 2241 simplices
918 2169 951 2221 et
973 2158 1097 2221 idiotae
1117 2158 1284 2221 aestimati
1300 2159 1407 2223 sciunt

255 2264 425 2329 multoties
439 2284 560 2347 magna
574 2284 661 2345 quae
679 2263 785 2326 latent
801 2262 978 2345 sapientes
993 2262 1078 2326 sicut
1097 2260 1293 2325 Aristoteles
1308 2261 1407 2327 docet

253 2369 296 2432 de
311 2388 429 2432 somno
444 2378 477 2432 et
492 2367 604 2451 vigilia
615 2365 637 2443 ¹,
648 2367 797 2430 secundo
812 2366 907 2429 libro.
939 2365 1028 2429 Nam
1044 2384 1120 2429 cum
1135 2364 1339 2447 simplicibus
1355 2378 1406 2431 est

253 2473 485 2539 sermocinatio
501 2473 565 2536 Dei
585 2473 768 2537 secundum
791 2471 998 2555 scripturam,
1013 2478 1048 2533 et
1069 2470 1274 2553 experientia
1297 2472 1406 2537 reddit

254 2596 315 2640 nos
344 2587 454 2641 certos
483 2577 517 2640 in
542 2576 605 2641 hac
633 2588 736 2659 parte,
760 2577 919 2657 quoniam
950 2574 1045 2659 plura
1071 2586 1197 2639 secreta
1223 2576 1406 2657 sapientiae

251 2702 385 2766 semper
405 2682 539 2746 inventa
560 2692 636 2746 sunt
656 2680 745 2766 apud
768 2680 937 2765 simplices
952 2692 987 2745 et
1007 2678 1176 2763 neglectos
1191 2700 1292 2762 quam
1313 2680 1403 2765 apud

251 2786 397 2851 famosos
420 2788 455 2850 in
476 2786 588 2870 vulgo.
633 2785 723 2870 Quia
745 2785 899 2851 homines
922 2785 1039 2850 lamosi
1063 2787 1096 2849 in
1119 2786 1165 2850 eis
1191 2798 1405 2868 occupantur,

252 2911 338 2973 quae
366 2890 552 2974 vulgantur,
575 2900 610 2956 et
638 2889 720 2955 haec
750 2911 817 2955 non
850 2900 990 2974 possunt
1017 2911 1088 2954 esse
1118 2888 1292 2972 magnalia,
1321 2891 1406 2954 sicut

251 2995 361 3077 patuit
379 2997 411 3059 in
430 2995 613 3080 prioribus3
637 2996 733 3079 plura
748 2997 850 3059 etiam
865 2995 962 3059 utilia
976 3005 1010 3058 ct
1025 2996 1127 3077 digna
1147 2996 1217 3057 sine
1233 3014 1404 3077 compara-

250 3099 342 3165 tione
367 3100 468 3165 didici
495 3099 538 3163 ab
564 3098 755 3164 hominibus
782 3101 927 3163 detentis
954 3119 1076 3182 magna
1102 3098 1321 3179 simplicitate,
1343 3118 1404 3162 nec

250 3205 429 3268 nominatis
444 3205 476 3266 in
487 3204 607 3282 studio,
617 3225 718 3288 quam
730 3206 774 3269 ab
785 3205 939 3268 omnibus
954 3202 1145 3267 doctoribus
1161 3201 1243 3265 meis
1258 3201 1401 3265 famosis.

251 3309 412 3391 Proposui
428 3308 528 3392 igitur
541 3307 733 3393 Sapientiae
741 3308 882 3372 Vestrae
898 3308 962 3371 hoc
973 3306 1176 3391 exemplum,
1185 3317 1220 3370 et
1235 3307 1401 3369 transmisi

249 3433 310 3494 per
328 3432 417 3490 eum,
430 3433 498 3477 non
518 3412 626 3476 solum
650 3422 786 3496 propter
804 3414 886 3477 duas
904 3430 1021 3477 causas
1043 3411 1194 3494 superius
1216 3421 1402 3489 annotatas

247 3517 307 3581 sed
323 3517 356 3580 in
371 3528 604 3600 argumentum
620 3516 814 3601 perlectum,
826 3526 862 3579 ut
878 3515 987 3579 nullus
1002 3515 1161 3598 glorietur
1172 3514 1216 3578 de
1230 3514 1401 3598 sapientia,

249 3639 311 3685 nec
331 3622 491 3704 despiciat
510 3622 676 3705 simplices
692 3621 749 3704 qui
770 3622 878 3686 sciunt
898 3640 1083 3704 proponere
1102 3639 1142 3683 ea
1158 3639 1244 3701 quae
1264 3618 1400 3682 famosis

248 3725 439 3789 hominibus
460 3727 494 3789 in
517 3726 654 3791 scientia
670 3727 763 3790 Deus
783 3745 849 3789 non
868 3725 1040 3801 concessit,
1057 3733 1091 3788 et
1112 3724 1220 3787 sciunt
1241 3743 1400 3789 renovare

248 3838 282 3893 et
311 3829 457 3894 revelare
485 3829 591 3896 multa
619 3841 755 3908 secreta,
780 3849 867 3912 quae
897 3830 1063 3913 sapientes
1092 3828 1218 3910 vulgati
1251 3828 1397 3891 nondum

246 3943 472 4018 perceperunt.

664 4088 890 4156 Csetrucuu
915 4088 978 4152 XI.

289 4242 480 4308 Secundum
502 4244 628 4318 vitium,
644 4244 735 4328 quod
758 4243 813 4309 hic
835 4243 1005 4326 reperitur,
1021 4253 1080 4318 est,
1098 4243 1189 4326 quod
1212 4243 1397 4326 ignorantia
1409 4246 1547 4312 Ignomnoe

245 4349 364 4412 retinet
385 4348 495 4416 locum
515 4349 745 4433 persuasionis,
759 4349 818 4413 sed
833 4368 909 4413 cum
925 4350 1046 4411 veritas
1065 4348 1288 4432 impugnatur,
1305 4347 1396 4413 nefas
1409 4315 1541 4430 31⁴3le

277 4533 358 4588 ¹Tl1e
377 4537 513 4587 reference
533 4551 618 4588 seems
637 4545 665 4586 to
686 4539 720 4586 be
739 4545 767 4588 to
788 4537 828 4588 Dr
848 4536 924 4587 uun.
944 4544 992 4600 prr
1010 4551 1140 4598 mum,
1160 4551 1214 4598 cap
1236 4551 1251 4584 a
1270 4532 1330 4583 πάνυ
1350 4533 1399 4600 γὰρ

244 4615 354 4663 εὐτελεῖς
374 4616 493 4679 ἅνθρωποι
516 4615 668 4679 spoopurraeoi
691 4617 737 4666 slot
758 4616 799 4664 nul
822 4615 973 4677 εὐθυόνειροι,
996 4615 1048 4664 and
1072 4615 1155 4676 again,
1180 4613 1209 4662 τὸ
1232 4613 1304 4662 πόθος
1324 4613 1399 4664 τοῦτο

244 4692 371 4755 dandulus
383 4694 435 4743 sois
445 4693 557 4757 τυχοῦσι.
567 4694 608 4742 nul
619 4693 648 4744 od
658 4693 710 4744 sois
719 4691 916 4758 φρονιμωτάτοις.
