3575 5375
401 631 462 692 340
621 615 777 674 opaars
802 613 991 684 nasonis
1016 611 1130 671 PARS
1155 611 1341 685 Qunam.

402 778 546 842 fluminis
571 778 645 861 jura
668 777 847 841 defendens
870 798 906 840 se
928 789 1045 861 postea
1068 775 1265 842 transmittit
1289 775 1323 837 in
1356 774 1466 838 lacum
1498 774 1558 856 qui

404 881 551 946 Genesar
574 883 694 949 dicitur
715 882 768 946 cui
795 883 1007 964 contignatur
1037 881 1127 944 lacus
1157 881 1346 946 Tiberiadis
1372 889 1406 944 et
1435 880 1560 943 deinde

402 986 567 1068 Jordanes
590 1007 767 1069 erumpens
790 987 934 1051 decurrit
957 987 999 1049 ad
1023 987 1183 1051 orientem
1207 984 1341 1068 Jericho
1366 995 1401 1049 et
1424 984 1498 1047 fluit
1524 984 1559 1046 in

405 1091 577 1155 Mortuum
612 1112 703 1155 mare
734 1111 833 1174 supra
870 1092 1008 1154 dictum.
1065 1089 1132 1154 Sed
1164 1100 1272 1155 totum
1306 1089 1386 1154 illud
1425 1096 1560 1171 praeter

402 1206 513 1259 ortum
537 1196 608 1278 ejus
623 1207 748 1260 certum
771 1204 831 1258 est.
877 1195 981 1260 Ortus
1005 1195 1106 1260 etiam
1130 1195 1324 1259 manifestus
1344 1203 1377 1256 et
1399 1192 1558 1274 vulgatus

403 1320 438 1362 se
460 1299 570 1372 habet,
587 1309 623 1364 ut
646 1301 771 1364 dictum
795 1307 855 1378 est,
870 1319 889 1362 a
905 1300 1035 1364 duobus
1054 1298 1208 1363 fontibus.
1255 1297 1323 1362 Sed
1343 1297 1559 1379 Hegesippus

403 1406 524 1486 probat
546 1406 636 1487 quod
660 1404 705 1468 ibi
729 1424 794 1467 non
818 1413 870 1467 est
892 1403 1018 1486 primus
1040 1404 1112 1486 ejus
1135 1414 1236 1481 ortus,
1261 1404 1364 1466 immo
1389 1423 1407 1465 a
1439 1400 1557 1464 Phiala

403 1507 504 1580 sonte,
520 1510 575 1590 qui
592 1517 642 1570 est
657 1527 701 1570 ex
721 1507 825 1572 altera
847 1518 941 1590 parte
958 1507 1114 1588 Jordanis
1130 1508 1164 1570 in
1184 1506 1399 1571 Traconitide
1420 1505 1557 1586 regione

402 1613 531 1675 distans
547 1611 590 1674 ab
606 1612 686 1674 urbe
702 1610 863 1675 Caesarea
878 1629 948 1673 cxx
965 1611 1232 1692 interjacentibus
1248 1610 1373 1674 stadiis.
1419 1608 1475 1671 Ab
1491 1607 1557 1670 hoc

403 1716 503 1797 igitur
527 1714 626 1790 ¹sonte
664 1715 786 1779 labitur
826 1733 912 1796 aqua
952 1715 1174 1779 subterraneis
1213 1717 1388 1791 meatibus,
1424 1723 1459 1777 et
1496 1711 1557 1776 ubi

404 1818 566 1882 Caesarea
603 1827 653 1883 est
691 1838 818 1881 rursum
857 1817 983 1883 ebullit.
1031 1819 1119 1883 Nam
1160 1818 1332 1903 Philippus
1372 1817 1558 1882 tetrarches

404 1923 626 1987 Traconitidis
663 1923 807 2004 regionis
845 1924 937 1988 misit
973 1923 1086 2005 paleas
1125 1925 1157 1987 in
1198 1923 1355 2002 Phialam,
1389 1942 1474 2005 quas
1511 1921 1557 1984 ad

405 2027 602 2092 Caesaream
633 2026 752 2091 fluvius
783 2026 1018 2092 subterraneus
1044 2027 1213 2106 ebullivit;
1244 2029 1332 2091 unde
1362 2027 1465 2110 liquet
1486 2046 1556 2089 non

403 2133 580 2196 exordium
604 2132 746 2215 primum
770 2151 841 2194 esse
863 2130 1018 2212 Jordanis
1044 2132 1077 2195 in
1101 2131 1273 2205 Caesarea,
1296 2134 1354 2195 sed
1382 2131 1557 2207 fluentum,
1584 2167 1589 2176 ·

403 2249 440 2301 ut
464 2237 566 2318 paleis
591 2235 838 2320 resurgentibus
866 2236 1115 2300 manifestatum
1142 2249 1202 2300 est.
1247 2236 1356 2301 Addit
1381 2236 1482 2301 etiam
1511 2236 1555 2297 ad

404 2344 579 2406 decursum
596 2341 676 2423 ejus,
693 2342 818 2423 quoda
836 2340 987 2404 Paneade
1002 2359 1059 2404 seu
1077 2340 1249 2420 Caesarea,
1265 2362 1329 2404 non
1346 2339 1470 2404 latente
1482 2339 1556 2422 jam

405 2466 512 2528 neque
534 2447 652 2510 abdito
674 2465 733 2527 per
756 2465 835 2508 cava
858 2454 966 2508 terrae
990 2453 1113 2519 meatu,
1136 2446 1194 2508 sed
1224 2444 1344 2508 visibili
1368 2465 1428 2528 per
1450 2454 1555 2509 terras

402 2563 504 2633 atque
524 2560 640 2632 aperto
664 2549 797 2612 flumine
823 2549 983 2631 incipiens
1006 2569 1042 2612 se
1057 2549 1292 2632 superfundere
1315 2548 1555 2613 Semeconitim

403 2653 522 2731 lacum,
537 2654 740 2739 paludesque
760 2653 830 2736 ejus
855 2655 1040 2719 intersecat.
1089 2655 1172 2718 lude
1190 2674 1324 2738 quoque
1347 2674 1459 2720 cursus
1474 2673 1555 2717 suos

403 2760 547 2843 dirigens
568 2768 700 2823 centum
723 2759 839 2839 viginti
858 2760 975 2823 stadiis
997 2760 1208 2842 progreditur
1233 2759 1399 2840 usquead
1423 2758 1554 2833 urbem,

403 2863 454 2927 cui
470 2862 576 2943 Julias
591 2882 711 2925 nomen
728 2872 787 2925 est.
824 2862 945 2925 Postea
961 2862 1070 2927 lacum
1083 2864 1183 2926 istum
1198 2864 1255 2944 qui
1272 2862 1420 2927 Genesar
1434 2864 1557 2926 dicitur

403 2969 435 3031 in
464 2967 575 3031 medio
604 2966 721 3030 transit
747 2965 880 3044 fluento,
904 2967 1024 3049 quibus
1051 2986 1094 3029 ex
1122 2967 1203 3031 locis
1228 2967 1370 3049 plurima
1393 2976 1556 3050 evagatus

402 3073 532 3135 deserta
549 3070 680 3135 Allacio
696 3070 873 3152 suscipitur
888 3070 961 3135 lacu
977 3083 1077 3154 atque
1093 3073 1125 3133 in
1142 3093 1219 3135 eum
1236 3073 1393 3136 conditur.
1434 3072 1554 3153 Itaque

403 3178 487 3241 duos
503 3175 594 3240 lacus
608 3176 712 3239 victor
727 3194 876 3258 egressus
892 3176 993 3239 tertio
1007 3175 1132 3239 haeret.

234 3288 373 3337 eitiesand
446 3279 630 3345 Notificato
652 3278 799 3361 Jordane
821 3280 919 3343 urbes
941 3289 975 3343 et
1005 3281 1157 3361 regiones
1180 3280 1435 3364 distinguendae
1465 3290 1554 3345 sunt.

233 3354 382 3471 &1⁸23ss
404 3384 492 3449 Nam
523 3385 643 3448 vicinia
672 3384 804 3464 Jericho
827 3404 862 3448 se
885 3384 1039 3447 extendit
1061 3384 1103 3447 ad
1135 3385 1250 3448 urbem
1276 3385 1510 3469 Scythopolim
1533 3409 1554 3450 a

403 3502 497 3573 parte
526 3489 775 3572 septentrionali
806 3487 941 3570 Jericho
978 3490 1160 3552 secundum
1192 3490 1434 3574 Hegesippum,
1465 3511 1553 3573 quae

402 3594 517 3659 civitas
533 3596 565 3657 in
581 3592 684 3656 biblia
698 3602 837 3656 vocatur
853 3592 1010 3670 Bethsan,
1026 3601 1063 3655 ut
1079 3593 1161 3656 dicit
1180 3593 1405 3675 Hieronymus
1420 3595 1453 3657 in
1470 3594 1554 3659 libro

403 3698 580 3773 Locorum,
602 3708 636 3760 et
663 3707 712 3759 est
742 3696 904 3780 oppidum
932 3698 964 3758 in
989 3697 1076 3760 tribu
1101 3696 1267 3773 Manasse‚
1290 3719 1400 3780 aquo
1423 3700 1555 3763 accolas

404 3802 559 3883 pristinos
575 3820 640 3862 non
653 3810 831 3882 potuerunt
845 3800 903 3863 filii
917 3800 1074 3864 Manasse
1086 3800 1262 3883 expellere.
1308 3802 1555 3866 Descendendo

314 3949 316 3953 .
402 3926 480 3968 vero
503 3902 544 3967 ad
569 3904 774 3967 occidentem
798 3924 901 3986 usque
932 3905 964 3967 in
996 3906 1256 3987 septentrionem
1288 3904 1472 3986 Jerusalem
1502 3918 1555 3971 est

402 4010 518 4073 civitas
539 4007 753 4071 sacerdotalis
772 4017 806 4070 et
827 4008 964 4091 insignis
980 4019 1053 4073 ortu
1074 4008 1239 4089 Jeremiae
1261 4010 1452 4093 prophetae,
1466 4030 1556 4092 quae

402 4123 539 4178 vocatur
554 4110 740 4188 Anathoth,
752 4113 858 4175 tribus
871 4112 1066 4176 milliaribus
1076 4113 1119 4175 ab
1133 4111 1380 4195 Hierosolymis
1391 4125 1555 4196 separata,

403 4220 487 4282 sicut
502 4216 583 4281 dicit
598 4216 824 4296 Hieronymus
840 4218 957 4299 quinto
972 4217 1058 4279 libro
1072 4237 1172 4299 super
1186 4215 1374 4298 Jeremiam.
1421 4219 1555 4283 Deinde

404 4323 511 4403 magis
526 4322 568 4385 ad
581 4322 838 4404 septentrionem
854 4341 913 4402 per
927 4321 975 4383 xii
988 4321 1127 4384 leucasa
1140 4320 1333 4401 Jerusalem,
1343 4331 1378 4385 et
1393 4342 1452 4405 per
1470 4323 1518 4384 xii
1534 4344 1555 4385 a

405 4426 567 4491 Caesarea
582 4422 789 4488 Palaestinae
806 4424 838 4487 in
855 4425 982 4488 directo
999 4424 1181 4488 Caesareae
1196 4435 1248 4489 est
1267 4423 1418 4489 Samaria
1438 4427 1555 4490 civitas

401 4529 537 4605 famosa,
555 4527 746 4610 metropolis
762 4529 877 4591 decern
896 4528 1050 4603 tribuum,
1062 4549 1148 4610 quae
1163 4549 1250 4593 nunc
1267 4527 1407 4593 Sebaste
1422 4530 1554 4593 dicitur.

403 4635 511 4715 Super
529 4644 641 4695 autem
658 4632 826 4715 regionem
844 4630 1028 4696 Caesareae
1044 4631 1262 4708 Palaestinae,
1277 4643 1313 4697 et
1327 4634 1409 4697 mari
1430 4654 1553 4719 magno
