3575 5375
607 647 871 706 LINGUARUM
894 646 1104 707 COGNITIO.
1390 644 1431 721 67

279 831 345 875 non
375 819 425 875 est
447 810 607 894 possibile
637 822 674 875 ut
703 809 919 876 transferatur
949 810 982 874 in
1013 811 1112 875 aliam
1146 810 1328 874 secundum
1359 808 1432 892 ejus

279 916 517 999 proprietatem
534 936 635 998 quam
650 915 803 979 habuerit
819 915 853 979 in
868 916 981 999 priori.

325 1020 426 1085 Unde
449 1020 686 1101 Hieronymus,
709 1020 743 1081 in
773 1018 916 1102 epistola
946 1019 989 1083 de
1019 1018 1149 1101 optimo
1179 1038 1298 1099 genere
1327 1018 1429 1081 inter·

280 1124 442 1207 pretandi,
475 1125 522 1187 sic
553 1124 645 1196 dicit,
676 1122 736 1187 ‘Si
766 1123 808 1187 ad
842 1123 980 1187 verbum
1013 1122 1221 1205 interpretor,
1247 1120 1428 1186 absurdum

280 1226 431 1292 resonat'
478 1227 578 1311 Quod
605 1228 633 1289 si
660 1226 814 1310 cuiquam
841 1227 995 1291 videatur
1015 1226 1146 1311 linguae
1166 1226 1308 1309 gratiam
1330 1226 1429 1289 inter-

281 1332 466 1415 pretatione
489 1351 555 1394 non
581 1331 712 1408 mutari,
737 1332 925 1394 Homemm
955 1332 1122 1415 exprimat
1145 1331 1179 1393 in
1204 1330 1364 1395 Latinum
1386 1331 1429 1393 ad

280 1437 429 1501 verbum.
474 1432 511 1499 Si
527 1435 601 1517 quis
617 1443 730 1499 autem
754 1436 897 1499 eundem
919 1436 950 1498 in
976 1456 1035 1499 sua
1055 1435 1170 1518 lingua
1193 1455 1252 1518 per
1274 1456 1309 1498 se
1330 1434 1430 1499 inter-

280 1548 439 1624 pretetur,
453 1539 580 1603 videbit
597 1540 748 1603 ordinem
769 1539 997 1614 ridiculosum,
1013 1549 1046 1602 et
1070 1548 1204 1624 poetam
1229 1539 1432 1622 eloquentis-

282 1644 402 1707 simum
421 1643 481 1706 vix
504 1643 704 1725 loquentem.
750 1643 949 1727 Quicunque
974 1644 1063 1707 enim
1087 1644 1233 1726 aliquam
1259 1643 1431 1708 scientiam

282 1759 319 1812 ut
348 1748 490 1831 logicam
521 1749 575 1813 vel
610 1749 709 1811 aliam
741 1768 976 1831 quamcunque
1008 1750 1095 1813 bene
1128 1749 1221 1826 sciat,
1255 1768 1341 1826 eam,
1369 1747 1431 1811 etsi

281 1854 407 1916 nitatur
431 1853 465 1916 in
490 1853 637 1937 linguam
657 1863 849 1916 convertere
871 1862 1065 1929 maternam,
1084 1852 1212 1915 videbit
1233 1871 1300 1914 non
1323 1852 1431 1914 solum

282 1957 316 2019 in
337 1957 512 2021 sententiis
534 1958 644 2021 sedin
665 1956 775 2020 verbis
795 1956 944 2020 deficere.
992 1956 1036 2019 Et
1059 1956 1134 2019 ideo
1158 1956 1268 2020 nullus
1292 1955 1433 2019 Latinus

281 2061 476 2144 sapientiam
491 2082 601 2126 sacrae
616 2061 798 2143 scripturae
813 2070 847 2125 et
862 2060 1092 2143 philosophiae
1108 2060 1230 2144 poterit
1249 2071 1285 2126 ut
1300 2069 1433 2143 oportet

283 2164 477 2248 intelligere,
493 2166 553 2228 nisi
570 2165 734 2248 intelligat
749 2165 880 2248 linguas
895 2185 915 2227 a
930 2164 1050 2247 quibus
1066 2175 1142 2227 suut
1157 2164 1344 2229 translatae.

328 2270 374 2332 Et
411 2272 556 2334 secundo
600 2269 874 2334 considerandum
914 2279 965 2333 est
1001 2268 1092 2350 quod
1131 2268 1327 2351 interpretes
1363 2287 1430 2331 non
1447 2277 1525 2340 Many

282 2375 470 2439 habuerunt
485 2374 647 2439 vocabula
662 2374 695 2437 in
711 2373 834 2437 Latino
850 2394 909 2456 pro
928 2374 1073 2437 scientiis
1092 2372 1338 2450 transferendis
1353 2372 1431 2457 quia
1444 2343 1602 2458 ggrldjfiqave

283 2498 349 2542 non
365 2478 496 2542 fuerunt
516 2479 624 2561 primo
642 2478 846 2561 compositae
868 2476 902 2539 in
926 2475 1040 2560 lingua
1057 2477 1189 2542 Latina.
1236 2477 1281 2541 Et
1297 2488 1432 2561 propter
1445 2476 1593 2541 equitarent.

284 2582 348 2647 hoc
362 2593 543 2666 posuerunt
560 2582 687 2646 infinita
703 2583 746 2646 de
759 2582 880 2663 linguis
896 2582 1020 2659 alienis,
1032 2602 1119 2662 quae
1134 2582 1219 2647 sicut
1235 2602 1295 2645 nec
1312 2581 1432 2644 intelli-

283 2697 407 2770 guntur
420 2689 465 2752 ab
485 2688 533 2753 eis
553 2689 610 2770 qui
631 2685 760 2769 linguas
780 2686 947 2770 ignorant,
966 2686 1014 2750 sic
1035 2707 1094 2751 nec
1118 2697 1207 2752 recte
1225 2688 1434 2772 proferuntur

283 2812 344 2856 nec
377 2792 564 2856 scribuntur
595 2802 632 2856 ut
668 2793 785 2870 decet;
822 2801 935 2874 atque,
970 2793 1060 2874 quod
1098 2792 1163 2856 vile
1199 2802 1259 2866 est,
1298 2802 1435 2875 propter

284 2897 505 2978 ignorantiam
529 2896 662 2979 linguae
685 2895 826 2960 Latinae
847 2905 1028 2979 posuerunt
1048 2896 1275 2978 Hispanicam‚
1295 2905 1329 2959 et
1352 2897 1434 2961 alias

285 3000 415 3084 linguas
430 3011 605 3072 maternas,
621 3001 715 3084 quasi
730 3000 886 3065 infinities
907 3022 968 3084 pro
986 2999 1115 3064 Latino.
1160 3001 1248 3064 Nam
1266 3021 1325 3082 pro
1342 3000 1433 3064 mille

286 3105 436 3169 millibus
475 3105 641 3189 exemplis
677 3124 777 3168 unum
816 3117 961 3188 ponatur
997 3105 1039 3168 de
1077 3105 1161 3168 libro
1196 3104 1433 3187 vegetabilium

285 3207 487 3282 Aristotelis,
510 3209 565 3272 ubi
582 3209 673 3286 dicit,
693 3209 871 3273 ‘Belenum
897 3208 931 3270 in
954 3208 1089 3271 Perside
1111 3208 1433 3291 pernitiosissimum,

284 3314 344 3378 sed
354 3311 824 3396 transplantatumJerusalem
837 3311 875 3376 fit
887 3309 1110 3375 comestibile.'
1148 3310 1224 3377 Hoc
1233 3312 1431 3377 vocabulum

286 3437 352 3481 non
374 3428 425 3482 est
447 3416 617 3482 scientiale
640 3417 725 3482 laico
743 3417 1005 3500 Hispanicorum.
1052 3417 1139 3480 Nam
1153 3416 1362 3499 jusquiamus
1381 3417 1432 3481 vel

284 3541 398 3584 semen
420 3520 625 3605 cassilaginis
654 3529 705 3585 est
734 3540 856 3584 nomen
886 3519 958 3601 ejus
991 3521 1023 3582 in
1047 3519 1179 3584 Latino.
1225 3521 1322 3604 Quae
1347 3521 1432 3586 sicut

285 3625 392 3690 multa
413 3625 479 3689 alia
501 3625 591 3708 prius
612 3625 656 3688 ab
680 3624 839 3707 Hispanis
869 3623 1076 3688 scholaribus
1106 3625 1230 3688 derisus
1260 3645 1335 3688 cum
1365 3645 1432 3689 non

285 3729 513 3812 intelligebam
528 3730 620 3812 quod
643 3729 806 3810 legebam,
825 3729 906 3811 ipsis
928 3728 1090 3793 vocabula
1109 3729 1242 3812 linguae
1265 3739 1435 3794 maternae

285 3834 475 3911 scientibus,
491 3834 626 3898 tandem
641 3833 744 3897 didici
762 3833 806 3896 ab
822 3833 958 3896 eisdem.

328 3939 454 4014 Tertio,
470 3947 602 4022 oportet
616 3938 706 4022 quod
723 3937 884 4020 interpres
899 3937 1027 4022 optime
1041 3937 1124 4000 sciat
1143 3937 1315 4002 scientiam
1333 3960 1432 4020 quarn
1448 3956 1472 4004 Α
1483 3963 1561 4005 trans

284 4041 357 4107 vult
371 4040 557 4117 transferre,
572 4052 606 4105 et
622 4043 706 4105 duas
724 4041 854 4124 linguas
869 4042 1024 4124 aquibus
1040 4051 1072 4104 et
1091 4041 1125 4103 in
1147 4063 1229 4124 quas
1248 4043 1432 4108 transierat.
1447 4020 1539 4135 ἔξω

286 4145 385 4212 Solus
408 4146 568 4210 Boethius
591 4145 717 4229 primus
747 4146 910 4230 interpres
944 4145 1036 4209 novit
1065 4145 1210 4229 plenarie
1232 4156 1433 4227 potestatem
1448 4152 1573 4228 kuowln

285 4251 484 4334 linguarum.
530 4250 577 4313 Et
606 4249 697 4314 solus
731 4251 889 4315 dominus
926 4249 1104 4326 Robertus,
1135 4252 1243 4315 dictus
1274 4250 1433 4315 Grossum
1448 4217 1605 4338 lffiffi,

285 4354 406 4439 Caput,
430 4354 523 4419 novit
550 4353 705 4418 scientias
715 4352 738 4417 ¹.
784 4354 854 4418 Alii
880 4353 1016 4437 quidem
1047 4357 1190 4418 mendici
1220 4355 1436 4420 translatores
1448 4347 1600 4462 fflffi

319 4516 326 4545 ¹
343 4517 382 4566 Ot'
388 4517 442 4565 this
451 4515 513 4564 bold
524 4515 649 4565 reformer-
657 4515 687 4564 ot*
694 4515 874 4566 ecdoeinstical
885 4517 988 4574 abusos,
997 4517 1049 4564 and
1058 4516 1195 4578 champion
1207 4516 1236 4564 ol
1243 4515 1302 4564 civil
1312 4515 1435 4575 liberales,
1447 4477 1510 4542 ling·

284 4595 374 4645 Bucon
390 4596 412 4644 is
428 4609 511 4644 never
526 4595 592 4644 tired
609 4593 639 4643 ot'
651 4595 786 4656 speaking.
822 4594 866 4642 lle
883 4594 943 4642 held
960 4595 1004 4642 the
1021 4609 1067 4642 see
1079 4594 1109 4642 ol
1124 4595 1232 4643 lincoln
1245 4594 1309 4642 from
1324 4608 1387 4654 1⁹35
1398 4595 1436 4642 till

284 4675 327 4725 his
345 4675 424 4725 death
444 4673 471 4724 in
493 4685 563 4734 1253.
598 4673 718 4734 ‘Quietis
735 4673 843 4730 nescius,
861 4673 947 4720 multis
964 4673 1112 4732 adversans,
1130 4687 1205 4734 quam
1224 4673 1391 4736 plurimisque
1412 4674 1437 4722 ei

828 4769 889 4819 Μ
