<?xml version="1.0" encoding="UTF-8"?>
<!DOCTYPE html PUBLIC "-//W3C//DTD XHTML 1.0 Transitional//EN"
    "http://www.w3.org/TR/xhtml1/DTD/xhtml1-transitional.dtd">
<html xmlns="http://www.w3.org/1999/xhtml" xml:lang="en" lang="en">
 <head>
  <title>
</title>
<meta http-equiv="Content-Type" content="text/html;charset=utf-8" />
  <meta name='ocr-system' content='tesseract 3.04.00' />
  <meta name='ocr-capabilities' content='ocr_page ocr_carea ocr_par ocr_line ocrx_word'/>
</head>
<body>
  <div class='ocr_page' id='page_1' title='image "./opusmajusrogerb01bridgoog/opusmajusrogerb01bridgoog_0214.png"; bbox 0 0 3575 5375; ppageno 0'>
   <div class='ocr_carea' id='block_1_1' title="bbox 640 630 1411 705">
    <p class='ocr_par' dir='ltr' id='par_1_1' title="bbox 640 630 1411 705">
     <span class='ocr_line' id='line_1_1' title="bbox 640 630 1411 705; baseline -0.004 -15"><span class='ocrx_word' id='word_1_1' title='bbox 640 630 810 704; x_wconf 66' lang='lat' dir='ltr'>causus</span> <span class='ocrx_word' id='word_1_2' title='bbox 834 630 1033 690; x_wconf 71' lang='lat' dir='ltr'>annonis.</span> <span class='ocrx_word' id='word_1_3' title='bbox 1373 644 1411 705; x_wconf 87' lang='lat'>17</span> 
     </span>
    </p>
   </div>
   <div class='ocr_carea' id='block_1_2' title="bbox 257 800 1410 1510">
    <p class='ocr_par' dir='ltr' id='par_1_2' title="bbox 257 800 1410 1510">
     <span class='ocr_line' id='line_1_2' title="bbox 258 800 1408 885; baseline 0.001 -21"><span class='ocrx_word' id='word_1_4' title='bbox 258 801 383 885; x_wconf 87' lang='lat' dir='ltr'>sophos</span> <span class='ocrx_word' id='word_1_5' title='bbox 397 800 527 885; x_wconf 75' lang='lat' dir='ltr'>dignos</span> <span class='ocrx_word' id='word_1_6' title='bbox 540 810 577 865; x_wconf 94' lang='lat' dir='ltr'>ut</span> <span class='ocrx_word' id='word_1_7' title='bbox 591 821 705 865; x_wconf 90' lang='lat' dir='ltr'>eorum</span> <span class='ocrx_word' id='word_1_8' title='bbox 720 801 810 866; x_wconf 89' lang='lat' dir='ltr'>dicta</span> <span class='ocrx_word' id='word_1_9' title='bbox 826 810 991 865; x_wconf 90' lang='lat' dir='ltr'>mutemus</span> <span class='ocrx_word' id='word_1_10' title='bbox 1007 801 1082 865; x_wconf 90' lang='lat' dir='ltr'>loco</span> <span class='ocrx_word' id='word_1_11' title='bbox 1097 812 1131 865; x_wconf 90' lang='lat' dir='ltr'>et</span> <span class='ocrx_word' id='word_1_12' title='bbox 1146 810 1305 884; x_wconf 89' lang='lat' dir='ltr'>tempore.</span> <span class='ocrx_word' id='word_1_13' title='bbox 1315 809 1349 865; x_wconf 93' lang='lat' dir='ltr'>et</span> <span class='ocrx_word' id='word_1_14' title='bbox 1364 803 1408 865; x_wconf 91' lang='lat' dir='ltr'>ad</span> 
     </span>
     <span class='ocr_line' id='line_1_3' title="bbox 258 904 1409 980; baseline -0.001 -11"><span class='ocrx_word' id='word_1_15' title='bbox 258 926 373 969; x_wconf 90' lang='lat' dir='ltr'>eorum</span> <span class='ocrx_word' id='word_1_16' title='bbox 396 906 577 969; x_wconf 87' lang='lat' dir='ltr'>sententias</span> <span class='ocrx_word' id='word_1_17' title='bbox 596 905 760 969; x_wconf 90' lang='lat' dir='ltr'>addamus</span> <span class='ocrx_word' id='word_1_18' title='bbox 774 928 782 980; x_wconf 92' lang='lat'>;</span> <span class='ocrx_word' id='word_1_19' title='bbox 804 906 911 969; x_wconf 92' lang='lat' dir='ltr'>multo</span> <span class='ocrx_word' id='word_1_20' title='bbox 930 904 1047 969; x_wconf 88' lang='lat' dir='ltr'>lortius</span> <span class='ocrx_word' id='word_1_21' title='bbox 1062 905 1271 970; x_wconf 90' lang='lat' dir='ltr'>licentiamur</span> <span class='ocrx_word' id='word_1_22' title='bbox 1286 906 1328 970; x_wconf 88' lang='lat' dir='ltr'>ad</span> <span class='ocrx_word' id='word_1_23' title='bbox 1344 905 1409 969; x_wconf 93' lang='lat' dir='ltr'>hoc</span> 
     </span>
     <span class='ocr_line' id='line_1_4' title="bbox 257 1008 1409 1093; baseline -0.001 -20"><span class='ocrx_word' id='word_1_24' title='bbox 257 1018 292 1073; x_wconf 88' lang='lat' dir='ltr'>et</span> <span class='ocrx_word' id='word_1_25' title='bbox 306 1010 498 1093; x_wconf 85' lang='lat' dir='ltr'>cogimurin</span> <span class='ocrx_word' id='word_1_26' title='bbox 513 1010 572 1086; x_wconf 90' lang='lat' dir='ltr'>eis,</span> <span class='ocrx_word' id='word_1_27' title='bbox 585 1030 672 1091; x_wconf 86' lang='lat' dir='ltr'>quae</span> <span class='ocrx_word' id='word_1_28' title='bbox 685 1008 775 1093; x_wconf 85' lang='lat' dir='ltr'>vulgi</span> <span class='ocrx_word' id='word_1_29' title='bbox 791 1020 868 1074; x_wconf 91' lang='lat' dir='ltr'>sunt</span> <span class='ocrx_word' id='word_1_30' title='bbox 883 1018 917 1073; x_wconf 90' lang='lat' dir='ltr'>et</span> <span class='ocrx_word' id='word_1_31' title='bbox 932 1030 1045 1072; x_wconf 91' lang='lat' dir='ltr'>eorum</span> <span class='ocrx_word' id='word_1_32' title='bbox 1062 1011 1120 1091; x_wconf 91' lang='lat' dir='ltr'>qui</span> <span class='ocrx_word' id='word_1_33' title='bbox 1135 1010 1237 1092; x_wconf 86' lang='lat' dir='ltr'>vulgo</span> <span class='ocrx_word' id='word_1_34' title='bbox 1253 1019 1409 1093; x_wconf 86' lang='lat' dir='ltr'>praesunt</span> 
     </span>
     <span class='ocr_line' id='line_1_5' title="bbox 258 1113 1410 1197; baseline 0.003 -23"><span class='ocrx_word' id='word_1_35' title='bbox 258 1114 423 1197; x_wconf 89' lang='lat' dir='ltr'>imperito,</span> <span class='ocrx_word' id='word_1_36' title='bbox 446 1114 622 1197; x_wconf 90' lang='lat' dir='ltr'>praecipue</span> <span class='ocrx_word' id='word_1_37' title='bbox 643 1134 719 1177; x_wconf 90' lang='lat' dir='ltr'>cum</span> <span class='ocrx_word' id='word_1_38' title='bbox 746 1114 856 1195; x_wconf 89' lang='lat' dir='ltr'>capita</span> <span class='ocrx_word' id='word_1_39' title='bbox 881 1113 1100 1178; x_wconf 85' lang='lat' dir='ltr'>multitudinis</span> <span class='ocrx_word' id='word_1_40' title='bbox 1125 1114 1219 1181; x_wconf 92' lang='lat' dir='ltr'>istius</span> <span class='ocrx_word' id='word_1_41' title='bbox 1249 1115 1410 1196; x_wconf 90' lang='lat' dir='ltr'>temporis</span> 
     </span>
     <span class='ocr_line' id='line_1_6' title="bbox 258 1218 1408 1302; baseline 0 -21"><span class='ocrx_word' id='word_1_42' title='bbox 258 1238 324 1281; x_wconf 89' lang='lat' dir='ltr'>non</span> <span class='ocrx_word' id='word_1_43' title='bbox 343 1218 513 1300; x_wconf 86' lang='lat' dir='ltr'>attingunt</span> <span class='ocrx_word' id='word_1_44' title='bbox 531 1219 574 1281; x_wconf 88' lang='lat' dir='ltr'>ad</span> <span class='ocrx_word' id='word_1_45' title='bbox 596 1218 792 1299; x_wconf 85' lang='lat' dir='ltr'>dignitatem</span> <span class='ocrx_word' id='word_1_46' title='bbox 813 1218 1021 1282; x_wconf 87' lang='lat' dir='ltr'>auctoritatis</span> <span class='ocrx_word' id='word_1_47' title='bbox 1037 1229 1225 1283; x_wconf 89' lang='lat' dir='ltr'>sanctorum</span> <span class='ocrx_word' id='word_1_48' title='bbox 1247 1228 1280 1282; x_wconf 94' lang='lat' dir='ltr'>et</span> <span class='ocrx_word' id='word_1_49' title='bbox 1301 1218 1408 1302; x_wconf 89' lang='lat' dir='ltr'>philo-</span> 
     </span>
     <span class='ocr_line' id='line_1_7' title="bbox 258 1321 1407 1406; baseline 0.001 -21"><span class='ocrx_word' id='word_1_50' title='bbox 258 1321 439 1404; x_wconf 90' lang='lat' dir='ltr'>sophorum</span> <span class='ocrx_word' id='word_1_51' title='bbox 470 1342 665 1405; x_wconf 88' lang='lat' dir='ltr'>magnomm</span> <span class='ocrx_word' id='word_1_52' title='bbox 695 1343 755 1387; x_wconf 92' lang='lat' dir='ltr'>nec</span> <span class='ocrx_word' id='word_1_53' title='bbox 790 1322 979 1404; x_wconf 88' lang='lat' dir='ltr'>sapientum</span> <span class='ocrx_word' id='word_1_54' title='bbox 1010 1322 1231 1405; x_wconf 88' lang='lat' dir='ltr'>antiquorum,</span> <span class='ocrx_word' id='word_1_55' title='bbox 1268 1343 1407 1406; x_wconf 90' lang='lat' dir='ltr'>quorum</span> 
     </span>
     <span class='ocr_line' id='line_1_8' title="bbox 259 1427 969 1510; baseline -0.003 -19"><span class='ocrx_word' id='word_1_56' title='bbox 259 1427 388 1509; x_wconf 89' lang='lat' dir='ltr'>aliquos</span> <span class='ocrx_word' id='word_1_57' title='bbox 410 1435 525 1490; x_wconf 92' lang='lat' dir='ltr'>nostro</span> <span class='ocrx_word' id='word_1_58' title='bbox 546 1437 699 1509; x_wconf 89' lang='lat' dir='ltr'>tempore</span> <span class='ocrx_word' id='word_1_59' title='bbox 722 1427 969 1510; x_wconf 88' lang='lat' dir='ltr'>conspeximus.</span> 
     </span>
    </p>
   </div>
   <div class='ocr_carea' id='block_1_3' title="bbox 660 1667 1010 1732">
    <p class='ocr_par' dir='ltr' id='par_1_3' title="bbox 660 1667 1010 1732">
     <span class='ocr_line' id='line_1_9' title="bbox 660 1667 1010 1732; baseline -0.006 -1"><span class='ocrx_word' id='word_1_60' title='bbox 660 1667 888 1732; x_wconf 76' lang='lat' dir='ltr'>Cmuruuuu</span> <span class='ocrx_word' id='word_1_61' title='bbox 910 1667 1010 1731; x_wconf 92' lang='lat' dir='ltr'>VIII.</span> 
     </span>
    </p>
   </div>
   <div class='ocr_carea' id='block_1_4' title="bbox 162 1806 1553 3871">
    <p class='ocr_par' dir='ltr' id='par_1_4' title="bbox 258 1806 1553 2306">
     <span class='ocr_line' id='line_1_10' title="bbox 308 1806 1549 1885; baseline 0.002 -16"><span class='ocrx_word' id='word_1_62' title='bbox 308 1806 506 1871; x_wconf 87' lang='lat' dir='ltr'>Remedium</span> <span class='ocrx_word' id='word_1_63' title='bbox 535 1828 615 1871; x_wconf 90' lang='lat' dir='ltr'>vero</span> <span class='ocrx_word' id='word_1_64' title='bbox 644 1817 758 1871; x_wconf 91' lang='lat' dir='ltr'>contra</span> <span class='ocrx_word' id='word_1_65' title='bbox 788 1807 869 1871; x_wconf 90' lang='lat' dir='ltr'>haec</span> <span class='ocrx_word' id='word_1_66' title='bbox 900 1808 962 1870; x_wconf 91' lang='lat' dir='ltr'>tria</span> <span class='ocrx_word' id='word_1_67' title='bbox 992 1826 1059 1869; x_wconf 95' lang='lat' dir='ltr'>non</span> <span class='ocrx_word' id='word_1_68' title='bbox 1092 1817 1151 1885; x_wconf 88' lang='lat' dir='ltr'>est,</span> <span class='ocrx_word' id='word_1_69' title='bbox 1175 1806 1237 1869; x_wconf 89' lang='lat' dir='ltr'>nisi</span> <span class='ocrx_word' id='word_1_70' title='bbox 1269 1817 1305 1869; x_wconf 96' lang='lat' dir='ltr'>ut</span> <span class='ocrx_word' id='word_1_71' title='bbox 1336 1813 1407 1872; x_wconf 90' lang='lat' dir='ltr'>tota</span> <span class='ocrx_word' id='word_1_72' title='bbox 1421 1823 1498 1874; x_wconf 82' lang='lat' dir='ltr'>Their</span> <span class='ocrx_word' id='word_1_73' title='bbox 1508 1840 1549 1874; x_wconf 82' lang='lat' dir='ltr'>ex·-</span> 
     </span>
     <span class='ocr_line' id='line_1_11' title="bbox 258 1890 1553 2005; baseline 0.001 -31"><span class='ocrx_word' id='word_1_74' title='bbox 258 1910 380 1975; x_wconf 92' lang='lat' dir='ltr'>virtute</span> <span class='ocrx_word' id='word_1_75' title='bbox 395 1920 545 1976; x_wconf 87' lang='lat' dir='ltr'>auctores</span> <span class='ocrx_word' id='word_1_76' title='bbox 557 1911 686 1976; x_wconf 86' lang='lat' dir='ltr'>validos</span> <span class='ocrx_word' id='word_1_77' title='bbox 703 1910 882 1995; x_wconf 82' lang='lat' dir='ltr'>fragilibus,</span> <span class='ocrx_word' id='word_1_78' title='bbox 897 1911 1126 1975; x_wconf 90' lang='lat' dir='ltr'>consuetudini</span> <span class='ocrx_word' id='word_1_79' title='bbox 1146 1911 1318 1989; x_wconf 90' lang='lat' dir='ltr'>rationem,</span> <span class='ocrx_word' id='word_1_80' title='bbox 1334 1931 1407 1975; x_wconf 91' lang='lat' dir='ltr'>sen·</span> <span class='ocrx_word' id='word_1_81' title='bbox 1420 1890 1553 2005; x_wconf 60' lang='lat' dir='ltr'>fflffiwe</span> 
     </span>
     <span class='ocr_line' id='line_1_12' title="bbox 259 2015 1526 2099; baseline 0.002 -22"><span class='ocrx_word' id='word_1_82' title='bbox 259 2015 350 2078; x_wconf 90' lang='lat' dir='ltr'>sibus</span> <span class='ocrx_word' id='word_1_83' title='bbox 370 2016 460 2098; x_wconf 89' lang='lat' dir='ltr'>vulgi</span> <span class='ocrx_word' id='word_1_84' title='bbox 482 2016 666 2079; x_wconf 90' lang='lat' dir='ltr'>sententias</span> <span class='ocrx_word' id='word_1_85' title='bbox 688 2025 879 2079; x_wconf 91' lang='lat' dir='ltr'>sanctorum</span> <span class='ocrx_word' id='word_1_86' title='bbox 907 2026 965 2079; x_wconf 90' lang='lat' dir='ltr'>aut</span> <span class='ocrx_word' id='word_1_87' title='bbox 988 2016 1175 2099; x_wconf 90' lang='lat' dir='ltr'>sapientum</span> <span class='ocrx_word' id='word_1_88' title='bbox 1199 2036 1408 2097; x_wconf 85' lang='lat' dir='ltr'>reponamus,</span> <span class='ocrx_word' id='word_1_89' title='bbox 1422 2022 1526 2072; x_wconf 75' lang='lat' dir='ltr'>imitate·</span> 
     </span>
     <span class='ocr_line' id='line_1_13' title="bbox 260 2118 1410 2203; baseline 0.002 -22"><span class='ocrx_word' id='word_1_90' title='bbox 260 2129 293 2181; x_wconf 94' lang='lat' dir='ltr'>et</span> <span class='ocrx_word' id='word_1_91' title='bbox 309 2139 374 2182; x_wconf 92' lang='lat' dir='ltr'>non</span> <span class='ocrx_word' id='word_1_92' title='bbox 389 2118 597 2183; x_wconf 90' lang='lat' dir='ltr'>confidamus</span> <span class='ocrx_word' id='word_1_93' title='bbox 612 2120 645 2183; x_wconf 98' lang='lat' dir='ltr'>in</span> <span class='ocrx_word' id='word_1_94' title='bbox 661 2130 858 2203; x_wconf 84' lang='lat' dir='ltr'>argumento</span> <span class='ocrx_word' id='word_1_95' title='bbox 877 2119 1053 2202; x_wconf 82' lang='lat' dir='ltr'>triplicato,</span> <span class='ocrx_word' id='word_1_96' title='bbox 1069 2120 1201 2194; x_wconf 89' lang='lat' dir='ltr'>scilicet,</span> <span class='ocrx_word' id='word_1_97' title='bbox 1216 2118 1280 2181; x_wconf 95' lang='lat' dir='ltr'>hoc</span> <span class='ocrx_word' id='word_1_98' title='bbox 1296 2140 1410 2183; x_wconf 90' lang='lat' dir='ltr'>exem·</span> 
     </span>
     <span class='ocr_line' id='line_1_14' title="bbox 260 2222 1409 2306; baseline -0.002 -20"><span class='ocrx_word' id='word_1_99' title='bbox 260 2222 443 2306; x_wconf 90' lang='lat' dir='ltr'>plificatum</span> <span class='ocrx_word' id='word_1_100' title='bbox 460 2234 519 2297; x_wconf 90' lang='lat' dir='ltr'>est,</span> <span class='ocrx_word' id='word_1_101' title='bbox 535 2223 587 2288; x_wconf 90' lang='lat' dir='ltr'>vel</span> <span class='ocrx_word' id='word_1_102' title='bbox 603 2234 809 2299; x_wconf 91' lang='lat' dir='ltr'>consuetum,</span> <span class='ocrx_word' id='word_1_103' title='bbox 827 2232 886 2287; x_wconf 91' lang='lat' dir='ltr'>aut</span> <span class='ocrx_word' id='word_1_104' title='bbox 901 2224 1083 2305; x_wconf 86' lang='lat' dir='ltr'>vulgatum,</span> <span class='ocrx_word' id='word_1_105' title='bbox 1100 2223 1201 2305; x_wconf 87' lang='lat' dir='ltr'>igitur</span> <span class='ocrx_word' id='word_1_106' title='bbox 1219 2224 1409 2287; x_wconf 89' lang='lat' dir='ltr'>tenendum.</span> 
     </span>
    </p>

    <p class='ocr_par' dir='ltr' id='par_1_5' title="bbox 162 2327 1415 3871">
     <span class='ocr_line' id='line_1_15' title="bbox 260 2327 1410 2411; baseline 0.001 -21"><span class='ocrx_word' id='word_1_107' title='bbox 260 2327 356 2392; x_wconf 89' lang='lat' dir='ltr'>Patet</span> <span class='ocrx_word' id='word_1_108' title='bbox 378 2329 468 2391; x_wconf 92' lang='lat' dir='ltr'>enim</span> <span class='ocrx_word' id='word_1_109' title='bbox 490 2349 535 2391; x_wconf 88' lang='lat' dir='ltr'>ex</span> <span class='ocrx_word' id='word_1_110' title='bbox 558 2328 735 2411; x_wconf 89' lang='lat' dir='ltr'>praedictis</span> <span class='ocrx_word' id='word_1_111' title='bbox 758 2328 939 2392; x_wconf 91' lang='lat' dir='ltr'>secundum</span> <span class='ocrx_word' id='word_1_112' title='bbox 962 2328 1142 2391; x_wconf 92' lang='lat' dir='ltr'>sententias</span> <span class='ocrx_word' id='word_1_113' title='bbox 1164 2337 1353 2391; x_wconf 88' lang='lat' dir='ltr'>sanctorum</span> <span class='ocrx_word' id='word_1_114' title='bbox 1376 2338 1410 2391; x_wconf 89' lang='lat' dir='ltr'>et</span> 
     </span>
     <span class='ocr_line' id='line_1_16' title="bbox 261 2432 1409 2516; baseline 0 -22"><span class='ocrx_word' id='word_1_115' title='bbox 261 2434 410 2495; x_wconf 88' lang='lat' dir='ltr'>omnium</span> <span class='ocrx_word' id='word_1_116' title='bbox 435 2433 634 2515; x_wconf 90' lang='lat' dir='ltr'>sapientum,</span> <span class='ocrx_word' id='word_1_117' title='bbox 658 2434 748 2515; x_wconf 90' lang='lat' dir='ltr'>quod</span> <span class='ocrx_word' id='word_1_118' title='bbox 779 2432 879 2516; x_wconf 86' lang='lat' dir='ltr'>longe</span> <span class='ocrx_word' id='word_1_119' title='bbox 907 2432 1013 2513; x_wconf 85' lang='lat' dir='ltr'>magis</span> <span class='ocrx_word' id='word_1_120' title='bbox 1043 2432 1190 2514; x_wconf 89' lang='lat' dir='ltr'>sequitur</span> <span class='ocrx_word' id='word_1_121' title='bbox 1216 2434 1409 2514; x_wconf 89' lang='lat' dir='ltr'>oppositum</span> 
     </span>
     <span class='ocr_line' id='line_1_17' title="bbox 162 2536 1411 2619; baseline -0.001 -19"><span class='ocrx_word' id='word_1_122' title='bbox 162 2578 168 2585; x_wconf 90' lang='lat'>·</span> <span class='ocrx_word' id='word_1_123' title='bbox 260 2536 481 2600; x_wconf 88' lang='lat' dir='ltr'>conclusionis</span> <span class='ocrx_word' id='word_1_124' title='bbox 507 2558 551 2600; x_wconf 89' lang='lat' dir='ltr'>ex</span> <span class='ocrx_word' id='word_1_125' title='bbox 578 2537 704 2601; x_wconf 88' lang='lat' dir='ltr'>eisdem</span> <span class='ocrx_word' id='word_1_126' title='bbox 733 2537 932 2619; x_wconf 88' lang='lat' dir='ltr'>praemissis.</span> <span class='ocrx_word' id='word_1_127' title='bbox 979 2536 1025 2598; x_wconf 90' lang='lat' dir='ltr'>Et</span> <span class='ocrx_word' id='word_1_128' title='bbox 1052 2536 1127 2600; x_wconf 93' lang='lat' dir='ltr'>licet</span> <span class='ocrx_word' id='word_1_129' title='bbox 1150 2546 1239 2600; x_wconf 89' lang='lat' dir='ltr'>totus</span> <span class='ocrx_word' id='word_1_130' title='bbox 1268 2537 1411 2600; x_wconf 90' lang='lat' dir='ltr'>mundus</span> 
     </span>
     <span class='ocr_line' id='line_1_18' title="bbox 261 2639 1412 2724; baseline 0 -21"><span class='ocrx_word' id='word_1_131' title='bbox 261 2640 302 2704; x_wconf 91' lang='lat' dir='ltr'>sit</span> <span class='ocrx_word' id='word_1_132' title='bbox 331 2639 382 2704; x_wconf 91' lang='lat' dir='ltr'>his</span> <span class='ocrx_word' id='word_1_133' title='bbox 412 2641 520 2704; x_wconf 90' lang='lat' dir='ltr'>causis</span> <span class='ocrx_word' id='word_1_134' title='bbox 550 2642 669 2705; x_wconf 90' lang='lat' dir='ltr'>erroris</span> <span class='ocrx_word' id='word_1_135' title='bbox 701 2650 891 2724; x_wconf 88' lang='lat' dir='ltr'>occupatus,</span> <span class='ocrx_word' id='word_1_136' title='bbox 921 2649 1034 2705; x_wconf 90' lang='lat' dir='ltr'>tamen</span> <span class='ocrx_word' id='word_1_137' title='bbox 1066 2641 1239 2704; x_wconf 89' lang='lat' dir='ltr'>audiamus</span> <span class='ocrx_word' id='word_1_138' title='bbox 1272 2640 1412 2705; x_wconf 88' lang='lat' dir='ltr'>libenter</span> 
     </span>
     <span class='ocr_line' id='line_1_19' title="bbox 259 2745 1410 2828; baseline 0.001 -20"><span class='ocrx_word' id='word_1_139' title='bbox 259 2745 424 2809; x_wconf 89' lang='lat' dir='ltr'>contraria</span> <span class='ocrx_word' id='word_1_140' title='bbox 457 2746 686 2810; x_wconf 91' lang='lat' dir='ltr'>consuetudini</span> <span class='ocrx_word' id='word_1_141' title='bbox 716 2745 882 2828; x_wconf 86' lang='lat' dir='ltr'>vulgatae.</span> <span class='ocrx_word' id='word_1_142' title='bbox 945 2745 1034 2808; x_wconf 90' lang='lat' dir='ltr'>Nam</span> <span class='ocrx_word' id='word_1_143' title='bbox 1064 2745 1127 2808; x_wconf 95' lang='lat' dir='ltr'>hoc</span> <span class='ocrx_word' id='word_1_144' title='bbox 1165 2756 1217 2809; x_wconf 90' lang='lat' dir='ltr'>est</span> <span class='ocrx_word' id='word_1_145' title='bbox 1252 2766 1410 2828; x_wconf 84' lang='lat' dir='ltr'>magnum</span> 
     </span>
     <span class='ocr_line' id='line_1_20' title="bbox 260 2849 1409 2932; baseline 0.003 -21"><span class='ocrx_word' id='word_1_146' title='bbox 260 2850 444 2914; x_wconf 89' lang='lat' dir='ltr'>remedium</span> <span class='ocrx_word' id='word_1_147' title='bbox 470 2849 589 2914; x_wconf 91' lang='lat' dir='ltr'>horum</span> <span class='ocrx_word' id='word_1_148' title='bbox 614 2850 786 2927; x_wconf 89' lang='lat' dir='ltr'>malorum,</span> <span class='ocrx_word' id='word_1_149' title='bbox 809 2851 993 2914; x_wconf 90' lang='lat' dir='ltr'>secundum</span> <span class='ocrx_word' id='word_1_150' title='bbox 1017 2850 1108 2932; x_wconf 92' lang='lat' dir='ltr'>quod</span> <span class='ocrx_word' id='word_1_151' title='bbox 1135 2849 1302 2916; x_wconf 90' lang='lat' dir='ltr'>Averroes</span> <span class='ocrx_word' id='word_1_152' title='bbox 1329 2851 1409 2915; x_wconf 90' lang='lat' dir='ltr'>dicit</span> 
     </span>
     <span class='ocr_line' id='line_1_21' title="bbox 263 2953 1410 3038; baseline 0.003 -23"><span class='ocrx_word' id='word_1_153' title='bbox 263 2953 295 3016; x_wconf 91' lang='lat' dir='ltr'>in</span> <span class='ocrx_word' id='word_1_154' title='bbox 321 2954 386 3017; x_wconf 88' lang='lat' dir='ltr'>fine</span> <span class='ocrx_word' id='word_1_155' title='bbox 412 2955 548 3018; x_wconf 87' lang='lat' dir='ltr'>secundi</span> <span class='ocrx_word' id='word_1_156' title='bbox 575 2954 798 3038; x_wconf 90' lang='lat' dir='ltr'>physicorum,</span> <span class='ocrx_word' id='word_1_157' title='bbox 822 2956 913 3037; x_wconf 91' lang='lat' dir='ltr'>quod</span> <span class='ocrx_word' id='word_1_158' title='bbox 947 2955 1036 3018; x_wconf 88' lang='lat' dir='ltr'>mala</span> <span class='ocrx_word' id='word_1_159' title='bbox 1063 2958 1268 3020; x_wconf 88' lang='lat' dir='ltr'>consuetudo</span> <span class='ocrx_word' id='word_1_160' title='bbox 1294 2956 1410 3020; x_wconf 80' lang='lat' dir='ltr'>auferri</span> 
     </span>
     <span class='ocr_line' id='line_1_22' title="bbox 262 3059 1410 3140; baseline 0.002 -19"><span class='ocrx_word' id='word_1_161' title='bbox 262 3067 373 3140; x_wconf 90' lang='lat' dir='ltr'>potest</span> <span class='ocrx_word' id='word_1_162' title='bbox 396 3079 455 3140; x_wconf 92' lang='lat' dir='ltr'>per</span> <span class='ocrx_word' id='word_1_163' title='bbox 468 3060 742 3124; x_wconf 90' lang='lat' dir='ltr'>consuetudinem</span> <span class='ocrx_word' id='word_1_164' title='bbox 763 3059 917 3123; x_wconf 89' lang='lat' dir='ltr'>audiendi</span> <span class='ocrx_word' id='word_1_165' title='bbox 936 3061 1109 3122; x_wconf 87' lang='lat' dir='ltr'>contraria.</span> <span class='ocrx_word' id='word_1_166' title='bbox 1155 3060 1243 3122; x_wconf 88' lang='lat' dir='ltr'>Nam</span> <span class='ocrx_word' id='word_1_167' title='bbox 1268 3060 1410 3124; x_wconf 92' lang='lat' dir='ltr'>multum</span> 
     </span>
     <span class='ocr_line' id='line_1_23' title="bbox 262 3163 1412 3246; baseline 0.001 -20"><span class='ocrx_word' id='word_1_168' title='bbox 262 3173 417 3245; x_wconf 89' lang='lat' dir='ltr'>operatur</span> <span class='ocrx_word' id='word_1_169' title='bbox 433 3163 467 3224; x_wconf 89' lang='lat' dir='ltr'>in</span> <span class='ocrx_word' id='word_1_170' title='bbox 489 3163 656 3245; x_wconf 88' lang='lat' dir='ltr'>opinione,</span> <span class='ocrx_word' id='word_1_171' title='bbox 670 3184 758 3245; x_wconf 91' lang='lat' dir='ltr'>quae</span> <span class='ocrx_word' id='word_1_172' title='bbox 780 3174 831 3227; x_wconf 92' lang='lat' dir='ltr'>est</span> <span class='ocrx_word' id='word_1_173' title='bbox 851 3184 910 3246; x_wconf 93' lang='lat' dir='ltr'>per</span> <span class='ocrx_word' id='word_1_174' title='bbox 928 3163 1209 3242; x_wconf 88' lang='lat' dir='ltr'>consuetudinem,</span> <span class='ocrx_word' id='word_1_175' title='bbox 1228 3164 1343 3227; x_wconf 89' lang='lat' dir='ltr'>audire</span> <span class='ocrx_word' id='word_1_176' title='bbox 1362 3184 1412 3227; x_wconf 92' lang='lat' dir='ltr'>res</span> 
     </span>
     <span class='ocr_line' id='line_1_24' title="bbox 264 3267 1413 3352; baseline 0.001 -23"><span class='ocrx_word' id='word_1_177' title='bbox 264 3276 451 3340; x_wconf 86' lang='lat' dir='ltr'>extraneas,</span> <span class='ocrx_word' id='word_1_178' title='bbox 477 3268 568 3349; x_wconf 93' lang='lat' dir='ltr'>quod</span> <span class='ocrx_word' id='word_1_179' title='bbox 592 3267 767 3331; x_wconf 88' lang='lat' dir='ltr'>confirmat</span> <span class='ocrx_word' id='word_1_180' title='bbox 793 3287 850 3352; x_wconf 92' lang='lat' dir='ltr'>per</span> <span class='ocrx_word' id='word_1_181' title='bbox 876 3267 1042 3342; x_wconf 83' lang='lat' dir='ltr'>effectum,</span> <span class='ocrx_word' id='word_1_182' title='bbox 1072 3267 1193 3342; x_wconf 88' lang='lat' dir='ltr'>dicens,</span> <span class='ocrx_word' id='word_1_183' title='bbox 1220 3269 1309 3348; x_wconf 93' lang='lat' dir='ltr'>quod</span> <span class='ocrx_word' id='word_1_184' title='bbox 1338 3267 1413 3330; x_wconf 93' lang='lat' dir='ltr'>ideo</span> 
     </span>
     <span class='ocr_line' id='line_1_25' title="bbox 264 3369 1414 3454; baseline -0.002 -20"><span class='ocrx_word' id='word_1_185' title='bbox 264 3371 378 3452; x_wconf 92' lang='lat' dir='ltr'>opinio</span> <span class='ocrx_word' id='word_1_186' title='bbox 406 3369 497 3454; x_wconf 84' lang='lat' dir='ltr'>vulgi</span> <span class='ocrx_word' id='word_1_187' title='bbox 529 3381 579 3435; x_wconf 91' lang='lat' dir='ltr'>est</span> <span class='ocrx_word' id='word_1_188' title='bbox 601 3370 716 3436; x_wconf 89' lang='lat' dir='ltr'>lortior</span> <span class='ocrx_word' id='word_1_189' title='bbox 746 3393 847 3454; x_wconf 92' lang='lat' dir='ltr'>quam</span> <span class='ocrx_word' id='word_1_190' title='bbox 875 3369 958 3434; x_wconf 91' lang='lat' dir='ltr'>fides</span> <span class='ocrx_word' id='word_1_191' title='bbox 988 3369 1304 3454; x_wconf 86' lang='lat' dir='ltr'>philosophantium,</span> <span class='ocrx_word' id='word_1_192' title='bbox 1337 3371 1414 3453; x_wconf 90' lang='lat' dir='ltr'>quia</span> 
     </span>
     <span class='ocr_line' id='line_1_26' title="bbox 262 3473 1415 3559; baseline 0.001 -24"><span class='ocrx_word' id='word_1_193' title='bbox 262 3473 381 3559; x_wconf 83' lang='lat' dir='ltr'>vulgus</span> <span class='ocrx_word' id='word_1_194' title='bbox 397 3494 462 3537; x_wconf 91' lang='lat' dir='ltr'>non</span> <span class='ocrx_word' id='word_1_195' title='bbox 480 3476 650 3539; x_wconf 90' lang='lat' dir='ltr'>consuevit</span> <span class='ocrx_word' id='word_1_196' title='bbox 665 3476 779 3539; x_wconf 90' lang='lat' dir='ltr'>audire</span> <span class='ocrx_word' id='word_1_197' title='bbox 796 3476 933 3552; x_wconf 90' lang='lat' dir='ltr'>diversa,</span> <span class='ocrx_word' id='word_1_198' title='bbox 945 3476 1003 3538; x_wconf 92' lang='lat' dir='ltr'>sed</span> <span class='ocrx_word' id='word_1_199' title='bbox 1020 3473 1293 3557; x_wconf 90' lang='lat' dir='ltr'>philosophantes</span> <span class='ocrx_word' id='word_1_200' title='bbox 1310 3473 1415 3538; x_wconf 88' lang='lat' dir='ltr'>multa</span> 
     </span>
     <span class='ocr_line' id='line_1_27' title="bbox 264 3577 1415 3662; baseline 0 -20"><span class='ocrx_word' id='word_1_201' title='bbox 264 3580 413 3642; x_wconf 88' lang='lat' dir='ltr'>audiunt.</span> <span class='ocrx_word' id='word_1_202' title='bbox 459 3579 598 3662; x_wconf 92' lang='lat' dir='ltr'>Propter</span> <span class='ocrx_word' id='word_1_203' title='bbox 612 3580 702 3662; x_wconf 94' lang='lat' dir='ltr'>quod</span> <span class='ocrx_word' id='word_1_204' title='bbox 719 3579 820 3662; x_wconf 86' lang='lat' dir='ltr'>igitur</span> <span class='ocrx_word' id='word_1_205' title='bbox 832 3579 953 3643; x_wconf 90' lang='lat' dir='ltr'>Vestra</span> <span class='ocrx_word' id='word_1_206' title='bbox 969 3578 1141 3661; x_wconf 88' lang='lat' dir='ltr'>Sapientia</span> <span class='ocrx_word' id='word_1_207' title='bbox 1159 3599 1226 3641; x_wconf 92' lang='lat' dir='ltr'>non</span> <span class='ocrx_word' id='word_1_208' title='bbox 1247 3580 1384 3643; x_wconf 92' lang='lat' dir='ltr'>miretur</span> <span class='ocrx_word' id='word_1_209' title='bbox 1393 3577 1415 3657; x_wconf 86' lang='lat'>¹,</span> 
     </span>
     <span class='ocr_line' id='line_1_28' title="bbox 263 3683 1413 3768; baseline -0.001 -22"><span class='ocrx_word' id='word_1_210' title='bbox 263 3683 290 3746; x_wconf 86' lang='lat' dir='ltr'>si</span> <span class='ocrx_word' id='word_1_211' title='bbox 313 3693 428 3746; x_wconf 88' lang='lat' dir='ltr'>contra</span> <span class='ocrx_word' id='word_1_212' title='bbox 451 3685 723 3748; x_wconf 89' lang='lat' dir='ltr'>consuetudinem</span> <span class='ocrx_word' id='word_1_213' title='bbox 742 3683 833 3766; x_wconf 86' lang='lat' dir='ltr'>vulgi</span> <span class='ocrx_word' id='word_1_214' title='bbox 856 3692 889 3747; x_wconf 95' lang='lat' dir='ltr'>et</span> <span class='ocrx_word' id='word_1_215' title='bbox 914 3683 1070 3765; x_wconf 87' lang='lat' dir='ltr'>exempla</span> <span class='ocrx_word' id='word_1_216' title='bbox 1093 3684 1228 3768; x_wconf 86' lang='lat' dir='ltr'>vulgata</span> <span class='ocrx_word' id='word_1_217' title='bbox 1253 3683 1413 3749; x_wconf 91' lang='lat' dir='ltr'>laborem.</span> 
     </span>
     <span class='ocr_line' id='line_1_29' title="bbox 264 3785 1414 3871; baseline 0.003 -23"><span class='ocrx_word' id='word_1_218' title='bbox 264 3785 355 3849; x_wconf 89' lang='lat' dir='ltr'>Nam</span> <span class='ocrx_word' id='word_1_219' title='bbox 374 3787 457 3851; x_wconf 90' lang='lat' dir='ltr'>haec</span> <span class='ocrx_word' id='word_1_220' title='bbox 479 3795 529 3852; x_wconf 94' lang='lat' dir='ltr'>est</span> <span class='ocrx_word' id='word_1_221' title='bbox 551 3788 605 3850; x_wconf 88' lang='lat' dir='ltr'>via</span> <span class='ocrx_word' id='word_1_222' title='bbox 627 3788 699 3852; x_wconf 90' lang='lat' dir='ltr'>sola</span> <span class='ocrx_word' id='word_1_223' title='bbox 721 3789 933 3871; x_wconf 91' lang='lat' dir='ltr'>perveniendi</span> <span class='ocrx_word' id='word_1_224' title='bbox 956 3789 998 3852; x_wconf 95' lang='lat' dir='ltr'>ad</span> <span class='ocrx_word' id='word_1_225' title='bbox 1018 3787 1314 3853; x_wconf 89' lang='lat' dir='ltr'>considerationem</span> <span class='ocrx_word' id='word_1_226' title='bbox 1333 3789 1414 3853; x_wconf 92' lang='lat' dir='ltr'>veri-</span> 
     </span>
    </p>
   </div>
   <div class='ocr_carea' id='block_1_5' title="bbox 232 3889 627 3973">
    <p class='ocr_par' dir='ltr' id='par_1_6' title="bbox 232 3889 627 3973">
     <span class='ocr_line' id='line_1_30' title="bbox 232 3889 627 3973; baseline 0.005 -19"><span class='ocrx_word' id='word_1_227' title='bbox 232 3897 237 3906; x_wconf 88' lang='lat'>&#39;</span> <span class='ocrx_word' id='word_1_228' title='bbox 264 3891 345 3955; x_wconf 86' lang='lat' dir='ltr'>tatis</span> <span class='ocrx_word' id='word_1_229' title='bbox 359 3902 394 3955; x_wconf 93' lang='lat' dir='ltr'>et</span> <span class='ocrx_word' id='word_1_230' title='bbox 410 3889 627 3973; x_wconf 82' lang='lat' dir='ltr'>perfectionis.</span> 
     </span>
    </p>
   </div>
   <div class='ocr_carea' id='block_1_6' title="bbox 687 4114 1000 4182">
    <p class='ocr_par' dir='ltr' id='par_1_7' title="bbox 687 4114 1000 4182">
     <span class='ocr_line' id='line_1_31' title="bbox 687 4114 1000 4182; baseline -0.003 -1"><span class='ocrx_word' id='word_1_231' title='bbox 687 4114 913 4182; x_wconf 66' lang='lat' dir='ltr'>Carnutum</span> <span class='ocrx_word' id='word_1_232' title='bbox 939 4117 1000 4181; x_wconf 87' lang='lat' dir='ltr'>IX.</span> 
     </span>
    </p>
   </div>
   <div class='ocr_carea' id='block_1_7' title="bbox 308 4253 1576 4338">
    <p class='ocr_par' dir='ltr' id='par_1_8' title="bbox 308 4253 1576 4338">
     <span class='ocr_line' id='line_1_32' title="bbox 308 4253 1576 4338; baseline 0 -20"><span class='ocrx_word' id='word_1_233' title='bbox 308 4253 387 4318; x_wconf 90' lang='lat' dir='ltr'>Non</span> <span class='ocrx_word' id='word_1_234' title='bbox 407 4253 516 4319; x_wconf 89' lang='lat' dir='ltr'>solum</span> <span class='ocrx_word' id='word_1_235' title='bbox 534 4254 671 4337; x_wconf 92' lang='lat' dir='ltr'>quidem</span> <span class='ocrx_word' id='word_1_236' title='bbox 688 4254 752 4320; x_wconf 89' lang='lat' dir='ltr'>hae</span> <span class='ocrx_word' id='word_1_237' title='bbox 770 4274 890 4318; x_wconf 89' lang='lat' dir='ltr'>causae</span> <span class='ocrx_word' id='word_1_238' title='bbox 910 4255 1079 4338; x_wconf 85' lang='lat' dir='ltr'>generales</span> <span class='ocrx_word' id='word_1_239' title='bbox 1099 4265 1176 4319; x_wconf 92' lang='lat' dir='ltr'>suut</span> <span class='ocrx_word' id='word_1_240' title='bbox 1197 4255 1359 4321; x_wconf 84' lang='lat' dir='ltr'>malorum</span> <span class='ocrx_word' id='word_1_241' title='bbox 1381 4256 1576 4320; x_wconf 67' lang='lat' dir='ltr'>intuebatur</span> 
     </span>
    </p>
   </div>
   <div class='ocr_carea' id='block_1_8' title="bbox 264 4337 1577 4462">
    <p class='ocr_par' dir='ltr' id='par_1_9' title="bbox 264 4337 1577 4462">
     <span class='ocr_line' id='line_1_33' title="bbox 264 4337 1577 4462; baseline 0.005 -41"><span class='ocrx_word' id='word_1_242' title='bbox 264 4358 376 4422; x_wconf 91' lang='lat' dir='ltr'>studio</span> <span class='ocrx_word' id='word_1_243' title='bbox 398 4367 432 4422; x_wconf 89' lang='lat' dir='ltr'>et</span> <span class='ocrx_word' id='word_1_244' title='bbox 455 4359 489 4422; x_wconf 95' lang='lat' dir='ltr'>in</span> <span class='ocrx_word' id='word_1_245' title='bbox 503 4359 581 4437; x_wconf 88' lang='lat' dir='ltr'>vita,</span> <span class='ocrx_word' id='word_1_246' title='bbox 603 4359 661 4423; x_wconf 91' lang='lat' dir='ltr'>sed</span> <span class='ocrx_word' id='word_1_247' title='bbox 684 4368 803 4442; x_wconf 89' lang='lat' dir='ltr'>quarta</span> <span class='ocrx_word' id='word_1_248' title='bbox 824 4359 964 4440; x_wconf 90' lang='lat' dir='ltr'>nequior</span> <span class='ocrx_word' id='word_1_249' title='bbox 982 4359 1033 4422; x_wconf 92' lang='lat' dir='ltr'>his</span> <span class='ocrx_word' id='word_1_250' title='bbox 1056 4359 1162 4424; x_wconf 90' lang='lat' dir='ltr'>tribus</span> <span class='ocrx_word' id='word_1_251' title='bbox 1184 4369 1244 4437; x_wconf 86' lang='lat' dir='ltr'>est,</span> <span class='ocrx_word' id='word_1_252' title='bbox 1264 4360 1415 4425; x_wconf 93' lang='lat' dir='ltr'>similiter</span> <span class='ocrx_word' id='word_1_253' title='bbox 1426 4351 1502 4462; x_wconf 46' lang='grc' dir='ltr'>ἓξὲξ</span> <span class='ocrx_word' id='word_1_254' title='bbox 1512 4337 1577 4452; x_wconf 46' lang='lat' dir='ltr'>‘1³11ae</span> 
     </span>
    </p>
   </div>
   <div class='ocr_carea' id='block_1_9' title="bbox 264 4462 1564 4548">
    <p class='ocr_par' dir='ltr' id='par_1_10' title="bbox 264 4462 1564 4548">
     <span class='ocr_line' id='line_1_34' title="bbox 264 4462 1564 4548; baseline 0.003 -23"><span class='ocrx_word' id='word_1_255' title='bbox 264 4462 450 4526; x_wconf 91' lang='lat' dir='ltr'>communis</span> <span class='ocrx_word' id='word_1_256' title='bbox 466 4462 500 4525; x_wconf 92' lang='lat' dir='ltr'>in</span> <span class='ocrx_word' id='word_1_257' title='bbox 516 4464 607 4528; x_wconf 85' lang='lat' dir='ltr'>omni</span> <span class='ocrx_word' id='word_1_258' title='bbox 623 4471 723 4539; x_wconf 92' lang='lat' dir='ltr'>statu,</span> <span class='ocrx_word' id='word_1_259' title='bbox 733 4473 767 4528; x_wconf 89' lang='lat' dir='ltr'>et</span> <span class='ocrx_word' id='word_1_260' title='bbox 781 4465 871 4547; x_wconf 90' lang='lat' dir='ltr'>apud</span> <span class='ocrx_word' id='word_1_261' title='bbox 888 4463 1071 4546; x_wconf 90' lang='lat' dir='ltr'>quamlibet</span> <span class='ocrx_word' id='word_1_262' title='bbox 1086 4484 1261 4548; x_wconf 87' lang='lat' dir='ltr'>personam</span> <span class='ocrx_word' id='word_1_263' title='bbox 1278 4485 1414 4547; x_wconf 84' lang='lat' dir='ltr'>regnare</span> <span class='ocrx_word' id='word_1_264' title='bbox 1427 4468 1522 4518; x_wconf 81' lang='lat' dir='ltr'>conoeit</span> <span class='ocrx_word' id='word_1_265' title='bbox 1534 4468 1564 4518; x_wconf 84' lang='lat' dir='ltr'>or</span> 
     </span>
    </p>
   </div>
   <div class='ocr_carea' id='block_1_10' title="bbox 264 4613 1418 4755">
    <p class='ocr_par' dir='ltr' id='par_1_11' title="bbox 264 4613 1418 4755">
     <span class='ocr_line' id='line_1_35' title="bbox 296 4613 1418 4680; baseline 0.003 -17"><span class='ocrx_word' id='word_1_266' title='bbox 296 4613 306 4642; x_wconf 87' lang='lat'><strong>¹</strong></span> <span class='ocrx_word' id='word_1_267' title='bbox 322 4615 347 4676; x_wconf 90' lang='lat' dir='ltr'>J.</span> <span class='ocrx_word' id='word_1_268' title='bbox 364 4615 428 4664; x_wconf 78' lang='lat' dir='ltr'>adds</span> <span class='ocrx_word' id='word_1_269' title='bbox 445 4617 490 4664; x_wconf 88' lang='lat' dir='ltr'>the</span> <span class='ocrx_word' id='word_1_270' title='bbox 506 4617 596 4666; x_wconf 76' lang='lat' dir='ltr'>words</span> <span class='ocrx_word' id='word_1_271' title='bbox 613 4619 677 4666; x_wconf 85' lang='lat' dir='ltr'>‘uec</span> <span class='ocrx_word' id='word_1_272' title='bbox 694 4617 844 4680; x_wconf 74' lang='lat' dir='ltr'>indignetur</span> <span class='ocrx_word' id='word_1_273' title='bbox 859 4617 1022 4680; x_wconf 56' lang='lat' dir='ltr'>auctoritati:</span> <span class='ocrx_word' id='word_1_274' title='bbox 1039 4617 1126 4667; x_wconf 85' lang='lat' dir='ltr'>which</span> <span class='ocrx_word' id='word_1_275' title='bbox 1144 4633 1188 4666; x_wconf 76' lang='lat' dir='ltr'>are</span> <span class='ocrx_word' id='word_1_276' title='bbox 1205 4625 1251 4665; x_wconf 90' lang='lat' dir='ltr'>not</span> <span class='ocrx_word' id='word_1_277' title='bbox 1268 4632 1331 4680; x_wconf 78' lang='lat' dir='ltr'>very</span> <span class='ocrx_word' id='word_1_278' title='bbox 1343 4617 1418 4667; x_wconf 86' lang='lat' dir='ltr'>iutel-</span> 
     </span>
     <span class='ocr_line' id='line_1_36' title="bbox 264 4693 608 4755; baseline 0.006 -13"><span class='ocrx_word' id='word_1_279' title='bbox 264 4693 359 4755; x_wconf 74' lang='lat' dir='ltr'>ligiblc.</span> <span class='ocrx_word' id='word_1_280' title='bbox 394 4693 427 4743; x_wconf 93' lang='lat'>0.</span> <span class='ocrx_word' id='word_1_281' title='bbox 440 4694 517 4742; x_wconf 83' lang='lat' dir='ltr'>omits</span> <span class='ocrx_word' id='word_1_282' title='bbox 529 4693 608 4744; x_wconf 72' lang='lat' dir='ltr'>theru</span> 
     </span>
    </p>
   </div>
   <div class='ocr_carea' id='block_1_11' title="bbox 307 4791 852 4842">
    <p class='ocr_par' dir='ltr' id='par_1_12' title="bbox 307 4791 852 4842">
     <span class='ocr_line' id='line_1_37' title="bbox 307 4791 852 4842; baseline 0.004 -2"><span class='ocrx_word' id='word_1_283' title='bbox 307 4791 390 4842; x_wconf 84' lang='lat' dir='ltr'>VOL.</span> <span class='ocrx_word' id='word_1_284' title='bbox 402 4793 425 4841; x_wconf 95' lang='lat'>1.</span> <span class='ocrx_word' id='word_1_285' title='bbox 830 4793 852 4842; x_wconf 90' lang='lat' dir='ltr'>C</span> 
     </span>
    </p>
   </div>
   <div class='ocr_carea' id='block_1_12' title="bbox 0 0 1801 5375">
    <p class='ocr_par' dir='ltr' id='par_1_13' title="bbox 0 0 1801 5375">
     <span class='ocr_line' id='line_1_38' title="bbox 0 0 1801 5375; baseline 0 0"><span class='ocrx_word' id='word_1_286' title='bbox 0 0 1801 5375; x_wconf 95' lang='lat' dir='ltr'> </span> 
     </span>
    </p>
   </div>
  </div>
 </body>
</html>
