3575 5375
403 626 753 708 MAZ'HEMATICAE
778 626 829 684 IN
851 626 1021 684 DIVINIS
1049 626 1256 684 UTILITAS.
1348 641 1403 700 191

253 791 437 873 usquedum
479 789 636 854 finiantur
678 799 815 854 octavae
859 789 1156 870 tabernaculorum,
1193 789 1292 854 seriae
1334 809 1405 853 esse

253 893 516 978 praecipiuntur.'

297 998 475 1063 Caeterum
505 1018 565 1080 per
591 997 717 1063 Bedam
745 997 831 1062 libro
857 1009 1057 1079 temporum,
1083 1007 1117 1062 et
1142 997 1315 1082 praecipue
1347 1018 1405 1080 per

252 1103 436 1184 Josephum
460 1111 493 1165 et
515 1122 631 1166 omnes
652 1102 824 1166 Hebraeos
843 1124 863 1166 a
886 1103 1046 1185 principio
1069 1123 1172 1185 usque
1194 1123 1279 1166 nunc
1302 1113 1404 1186 patet,

252 1215 415 1289 quantum
438 1208 481 1270 ad
510 1207 641 1272 initium
665 1206 937 1286 sollemnitatum,
960 1207 1050 1288 quod
1074 1208 1212 1288 Moyses
1235 1207 1405 1271 constituit

253 1330 375 1374 annum
391 1311 435 1373 ab
451 1310 561 1393 Aprili
583 1321 719 1393 propter
735 1311 872 1392 Pascha,
886 1312 978 1394 quod
997 1321 1048 1375 est
1066 1312 1172 1393 prima
1187 1311 1404 1390 sollemnitas,

252 1425 286 1478 et
303 1425 441 1497 propter
464 1415 658 1497 mysterium
680 1414 757 1478 novi
773 1415 943 1498 temporis,
959 1415 1083 1480 scilicet
1102 1414 1292 1495 Christiani,
1308 1416 1405 1497 cujus

253 1519 329 1582 anni
356 1521 400 1583 ab
425 1519 649 1582 incarnatione
675 1529 920 1602 computantur,
944 1541 1029 1603 quae
1053 1519 1113 1583 suit
1137 1520 1266 1584 circiter
1291 1521 1403 1601 aequi-

253 1625 412 1704 noctium,
424 1633 458 1687 et
474 1624 507 1686 in
523 1645 590 1706 quo
605 1633 756 1707 tempore
771 1645 858 1688 nunc
872 1624 1053 1706 gloriosum
1071 1624 1196 1688 Pascha
1211 1624 1403 1688 celebratur.

254 1726 323 1792 Sed
361 1729 395 1790 in
425 1728 613 1791 venditione
649 1737 684 1790 et
721 1730 891 1810 emptione
928 1739 963 1793 et
993 1737 1124 1792 caetera
1156 1729 1404 1812 gubernatione,

252 1841 414 1913 quantum
441 1831 485 1894 ad
511 1833 589 1895 anni
616 1831 825 1914 principium,
847 1833 964 1914 prioris
987 1833 1087 1896 seculi
1111 1833 1249 1914 Moyses
1271 1834 1405 1895 decreta

252 1938 404 2015 servavit,
421 1947 457 1999 ut
475 1936 555 2000 dicit
570 1935 735 2019 Josephus
755 1938 862 2019 primo
885 1937 1131 2020 antiquitatum.
1178 1937 1271 2002 Prius
1291 1947 1405 2000 autem

252 2039 400 2105 seculum
419 2039 517 2103 suita
532 2039 654 2122 Moyse
675 2041 843 2104 redeundo
862 2042 906 2104 ad
928 2042 1124 2123 principium
1145 2041 1267 2104 mundi.
1313 2041 1405 2122 Ergo

253 2165 328 2209 cum
344 2144 540 2227 principium
557 2145 653 2227 primi
670 2145 746 2208 anni
763 2146 876 2208 mundi
889 2154 923 2209 et
934 2145 1128 2228 principium
1145 2146 1259 2208 mundi
1275 2145 1405 2209 suerunt

253 2250 352 2328 idem,
367 2248 569 2312 concludunt
586 2249 638 2312 isti
660 2250 750 2331 quod
771 2249 915 2312 mundus
936 2249 1059 2332 incepit
1082 2249 1208 2314 circiter
1225 2249 1403 2331 aequinoc-

253 2353 337 2419 tium
361 2353 563 2433 autumnale,
583 2364 619 2418 ut
641 2363 718 2434 post
742 2351 975 2436 spoliationem
998 2355 1164 2418 fructuum
1184 2354 1303 2418 veteris
1325 2354 1403 2416 anni

253 2458 389 2541 incipiat
404 2457 532 2522 cultura
550 2457 636 2521 novi.
682 2457 776 2521 Haec
797 2467 908 2520 autem
930 2457 1082 2522 alteratio
1104 2468 1154 2521 est
1174 2457 1283 2541 gravis
1297 2456 1404 2534 valde,

253 2571 287 2624 et
303 2563 379 2624 ideo
397 2570 566 2625 recurrunt
588 2562 741 2625 homines
763 2562 860 2643 periti
884 2562 926 2624 ad
949 2562 1120 2625 scientiam
1143 2560 1237 2643 cujus
1259 2569 1310 2624 est
1333 2581 1403 2625 cer-

252 2664 377 2730 tificare
396 2676 558 2749 tempora,
573 2665 698 2730 scilicet
718 2666 762 2729 ad
783 2665 1031 2730 astronomiam.
1077 2665 1122 2728 Et
1142 2664 1189 2730 illi
1210 2665 1266 2748 qui
1288 2674 1404 2730 tenent

253 2772 395 2851 primam
413 2770 604 2853 opinionem
620 2769 735 2835 volunt
754 2790 791 2833 se
812 2771 896 2833 tueri
915 2790 974 2852 per
993 2770 1242 2846 astronomiam,
1257 2771 1405 2834 dicentes

253 2876 343 2955 quod
375 2876 517 2937 mundus
547 2874 609 2937 luit
639 2884 769 2938 creatus
799 2875 832 2937 in
863 2875 991 2938 meliori
1021 2875 1238 2958 dispositione
1268 2884 1404 2958 propter

252 2978 395 3042 hominis
418 2988 452 3042 et
474 2999 582 3041 rerum
605 2980 863 3060 generationem,
885 2988 920 3041 et
943 2979 1019 3042 ideo
1041 2980 1226 3042 debuerunt
1248 2978 1404 3063 planetae

253 3103 324 3147 esse
339 3083 370 3145 in
388 3082 513 3145 meliori
535 3084 599 3146 situ
618 3104 679 3147 suo
700 3094 851 3166 respectu
872 3084 1119 3165 gubernationis
1141 3084 1265 3146 mundi.
1311 3081 1403 3165 Qua-

252 3198 388 3270 propter
411 3199 539 3270 ponunt
561 3189 651 3268 quod
675 3186 725 3251 sol
747 3187 809 3250 fuit
832 3189 865 3251 in
890 3188 1001 3250 medio
1024 3188 1140 3251 mundi
1163 3197 1301 3265 creatus,
1317 3197 1353 3250 ut
1369 3188 1402 3249 in

251 3290 484 3374 aequinoctiali
501 3289 632 3369 circulo,
647 3300 684 3354 ut
705 3290 888 3372 aequaliter
908 3311 944 3352 se
964 3290 1102 3354 haberet
1121 3292 1165 3353 ad
1185 3300 1294 3354 totum
1314 3310 1404 3353 mun·

251 3398 343 3459 dum.
388 3395 435 3455 Et
451 3395 483 3456 in
500 3393 616 3457 Ariete
632 3414 708 3457 eum
724 3404 904 3476 posuerunt
923 3414 988 3455 non
1009 3394 1042 3456 in
1064 3394 1174 3469 Libra,
1190 3395 1268 3476 quia
1289 3393 1405 3459 dicunt

251 3499 435 3562 astronomi
457 3498 547 3580 quod
571 3497 620 3561 sol
646 3497 691 3560 ibi
714 3497 835 3561 habeat
857 3516 952 3559 suam
975 3495 1223 3575 exaltationem,
1245 3518 1329 3579 quae
1352 3507 1403 3562 est

253 3601 360 3684 major
378 3601 450 3684 ejus
470 3601 613 3685 dignitas
628 3601 680 3665 vel
701 3602 848 3665 secunda
868 3609 945 3683 post
965 3600 1132 3682 majorem.
1179 3603 1295 3667 Habet
1313 3603 1403 3666 enim

251 3709 398 3790 quinque
435 3706 614 3788 dignitates
655 3716 689 3769 et
725 3703 946 3781 fortitudines,
984 3705 1117 3785 scilicet,
1153 3707 1404 3787 exaltationem,

251 3812 397 3887 domum,
408 3810 643 3892 triplicitatem,
653 3810 842 3889 terminum,
853 3822 887 3874 et
903 3810 1028 3875 faciem.
1070 3811 1115 3875 Et
1130 3810 1249 3875 iterum
1265 3823 1403 3897 ponunt,

251 3916 342 3996 quod
365 3936 441 3978 cum
464 3925 616 3997 oporteat
639 3914 789 3997 planetas
813 3915 935 3978 habere
958 3916 1164 3995 eccentricos,
1187 3936 1321 3981 necesse
1341 3916 1403 3981 suit

252 4018 379 4083 mundo
395 4027 430 4082 ut
447 4019 506 4083 lux
521 4019 600 4083 solis
614 4018 728 4083 luisset
743 4020 777 4081 in
789 4018 916 4097 Ariete,
927 4020 1006 4101 quia
1022 4019 1113 4085 locus
1128 4022 1222 4103 augis
1237 4030 1288 4086 est
1304 4020 1402 4106 longe

251 4122 393 4186 nobilior
408 4143 507 4204 quam
524 4123 589 4187 alia
604 4143 680 4205 pars
695 4123 877 4186 eccentrici.
923 4123 1013 4186 Nam
1031 4144 1134 4206 quum
1155 4124 1205 4188 sol
1225 4134 1260 4187 et
1274 4123 1355 4189 luna
1368 4136 1403 4191 et

252 4228 371 4290 caeteri
402 4227 556 4311 planetae
582 4236 659 4291 sunt
685 4228 719 4289 in
741 4226 883 4308 augibus
905 4227 982 4305 suis,
1005 4237 1083 4291 tunc
1105 4237 1182 4293 sunt
1205 4229 1345 4293 fortioris
1366 4241 1402 4294 et

251 4330 396 4395 melioris
407 4331 610 4415 operationis
621 4332 653 4393 in
665 4331 730 4394 hoc
740 4331 873 4408 mundo,
883 4332 968 4395 sicut
981 4332 1201 4396 determinant
1210 4333 1401 4411 astronomi,

251 4444 286 4498 et
315 4435 401 4499 sicut
430 4435 637 4517 experientia
667 4435 774 4499 docet.
837 4434 882 4498 Et
913 4456 957 4498 ex
987 4435 1038 4497 his
1068 4436 1223 4500 omnibus
1253 4436 1403 4517 sequitur

250 4540 431 4603 secundum
446 4538 508 4602 hos
524 4540 615 4622 quod
632 4541 776 4603 mundus
791 4539 970 4621 incipiebat
985 4540 1028 4602 ab
1043 4540 1253 4623 aequinoctio
1268 4538 1402 4603 vernali.

252 4642 299 4707 Et
323 4642 412 4726 quod
435 4642 592 4726 objicitur
613 4644 669 4724 eis,
692 4646 783 4727 quod
806 4643 919 4709 omnia
941 4653 1048 4707 terrae
1071 4644 1241 4709 nascentia
1270 4641 1403 4709 fuerunt
