3575 5375
607 623 781 694 Juorcm
807 623 1132 684 asrnouomns.
1392 643 1453 704 253

299 807 366 852 non
388 789 496 854 solum
520 811 580 874 per
601 791 672 855 vias
694 789 844 874 proprias
865 788 914 852 eis
938 789 1061 856 habeat
1088 793 1177 856 unde
1194 793 1368 874 procedat,
1389 793 1450 857 sed

298 913 358 975 per
380 895 587 962 conditiones
609 913 833 980 personarum,
848 913 934 976 quae
954 894 1186 978 principantur.
1233 897 1280 962 Et
1302 897 1452 961 similiter

299 1018 359 1080 per
375 1001 594 1083 proprietates
609 1019 720 1063 earum
739 1017 954 1080 personarum
978 1019 1065 1082 quae
1083 999 1284 1085 principibus
1300 1010 1333 1065 et
1355 1020 1450 1085 prae-

300 1100 376 1167 latis
398 1105 566 1183 assistunt,
585 1113 619 1168 et
640 1123 783 1185 quorum
805 1102 951 1166 consiliis
974 1101 1172 1179 innituntur,
1188 1105 1267 1188 quia
1288 1105 1452 1188 principes

299 1205 379 1270 mali
394 1209 561 1273 ducuntur
583 1209 626 1272 ad
647 1206 737 1271 bona
757 1205 958 1290 reipublicae
979 1229 1040 1290 per
1062 1209 1168 1272 bonos
1190 1208 1401 1280 consiliarios,
1416 1219 1451 1272 et

300 1312 466 1394 principes
484 1312 564 1377 boni
586 1319 816 1394 pervertuntur
832 1330 893 1392 per
912 1311 1019 1375 malos
1037 1311 1250 1378 consiliarios.
1295 1313 1331 1377 Si
1350 1314 1451 1394 igitur

298 1435 342 1478 ex
359 1417 612 1482 constellatione
624 1415 805 1480 nativitatis
815 1425 848 1478 et
863 1417 1091 1498 conceptionis
1104 1418 1296 1500 complexio
1311 1418 1450 1500 alicujus

298 1520 464 1604 principis,
489 1521 542 1585 vel
572 1521 705 1585 alterius
730 1519 783 1585 cui
814 1519 971 1598 innititur,
997 1521 1182 1586 inveniatur
1215 1522 1376 1605 disposita
1405 1523 1448 1587 ad

298 1627 549 1706 perversitatem
569 1645 698 1690 morum
720 1634 754 1688 et
772 1624 955 1688 discordias
975 1634 1009 1689 et
1027 1646 1174 1709 guerras,
1189 1636 1223 1691 et
1241 1637 1450 1691 astronomus

298 1729 396 1792 simul
420 1751 496 1794 cum
519 1729 583 1794 hoc
604 1730 716 1794 videat
738 1729 829 1812 quod
852 1728 989 1794 trahunt
1006 1727 1197 1812 hujusmodi
1216 1732 1249 1795 in
1272 1742 1448 1797 consuetu·

298 1834 410 1897 dinem
442 1846 476 1899 et
505 1834 621 1899 fortius
650 1836 840 1899 excitantur
868 1835 1005 1916 quando
1033 1836 1240 1900 constellatio
1269 1836 1449 1901 consimilis

298 1939 429 2016 accidit,
452 1949 563 2024 potest
586 1937 823 2003 rationabiliter
846 1937 997 2019 judicare
1025 1938 1067 2002 de
1094 1938 1280 2004 infortuniis
1306 1940 1449 2005 civitatis

299 2052 334 2107 et
356 2044 447 2128 regni
469 2045 590 2128 quibus
613 2051 776 2127 praesunt,
800 2042 936 2123 quando
961 2042 1137 2122 dispositio
1162 2042 1247 2106 coeli
1272 2053 1308 2108 et
1332 2064 1447 2108 eorum

298 2166 386 2228 quae
406 2168 465 2230 per
479 2147 635 2212 coelestia
655 2153 862 2221 renovantur,
878 2155 916 2208 ut
931 2153 1083 2209 cometae
1101 2155 1136 2209 et
1155 2145 1357 2227 hujusmodi,
1372 2167 1447 2211 con-

296 2250 448 2316 formiter
461 2251 625 2317 accidunt.
668 2249 714 2314 Et
731 2249 861 2332 optima
876 2248 1000 2330 judicia
1016 2247 1086 2311 fieri
1101 2259 1250 2332 possunt,
1265 2251 1447 2314 secundum

299 2355 472 2437 oppositas
491 2355 697 2421 conditiones
714 2353 899 2436 principum
922 2363 955 2416 et
975 2372 1090 2415 eorum
1112 2354 1233 2435 quibus
1255 2374 1316 2436 per
1334 2355 1448 2418 omnia

298 2459 448 2540 credunt,
474 2461 609 2543 quando
635 2457 785 2522 similiter
810 2455 962 2521 coelestis
987 2457 1163 2540 dispositio
1191 2457 1370 2523 conformis
1395 2460 1446 2524 in·

294 2563 433 2627 venitur.
489 2565 535 2629 Et
557 2564 715 2648 quoniam
738 2561 822 2627 tales
846 2581 1010 2643 personae
1039 2562 1072 2626 in
1099 2583 1167 2626 uno
1193 2583 1295 2647 regno
1322 2584 1447 2647 paucae

294 2676 383 2743 sunt,
397 2677 431 2734 et
441 2679 517 2735 sunt
529 2669 681 2754 publicae
697 2677 731 2734 et
740 2678 838 2732 notae
850 2665 1013 2741 omnibus,
1026 2685 1168 2749 quorum
1181 2688 1289 2732 mores
1300 2667 1445 2735 relucent

294 2772 357 2835 toti
382 2794 493 2857 regno,
515 2775 657 2839 multum
684 2782 796 2856 potest
817 2782 1027 2836 astronomus
1053 2772 1233 2838 certificare
1263 2776 1305 2838 de
1330 2774 1389 2850 eis,
1411 2784 1445 2838 et

295 2875 420 2940 utiliter
444 2876 594 2960 judicare
623 2880 666 2943 de
694 2878 789 2942 sactis
820 2876 962 2960 publicis
994 2896 1052 2959 per
1082 2879 1302 2962 proprietates
1326 2876 1443 2943 talium
1498 2926 1502 2933 .

295 2998 519 3060 personarum.
553 2983 648 3048 Haec
663 2983 765 3066 igitur
779 2989 858 3044 sunt
872 3000 959 3063 quae
973 2979 1063 3044 volui
1084 2983 1220 3048 recitare
1234 3003 1296 3065 pro
1311 2982 1443 3048 infamia

293 3086 547 3154 mathematicae
567 3088 714 3152 tollenda
730 3088 762 3151 in
777 3085 968 3169 hujusmodi
984 3084 1128 3167 judiciis,
1145 3106 1190 3149 ex
1211 3087 1331 3169 quibus
1349 3096 1444 3170 patet

292 3190 384 3254 omni
406 3193 545 3277 sapienti
567 3193 659 3275 quod
681 3212 746 3255 non
770 3191 812 3255 sit
833 3211 913 3255 vera
935 3191 1172 3255 mathematica
1201 3191 1234 3253 in
1260 3190 1322 3255 hac
1348 3199 1443 3274 parte

294 3292 523 3377 vituperanda,
546 3298 605 3360 sed
632 3296 769 3359 omnino
794 3296 1030 3378 amplectenda
1053 3304 1087 3358 et
1112 3293 1282 3379 diligenda
1307 3305 1442 3376 propter

293 3396 456 3478 gloriosas
479 3400 640 3465 utilitates
662 3420 749 3483 quae
771 3410 911 3481 possunt
934 3400 1066 3464 evenire
1092 3420 1137 3462 ex
1155 3398 1290 3481 judiciis
1312 3399 1441 3463 mathe-

293 3502 436 3567 maticae
450 3524 556 3580 verae,
570 3523 658 3585 quae
673 3503 706 3565 in
727 3501 820 3566 nullo
834 3503 965 3568 veritati
981 3503 1188 3567 contradicit

336 3605 518 3691 Postquam
557 3616 707 3692 potestas
747 3608 1005 3672 mathematicae
1041 3616 1192 3691 respectu
1228 3607 1440 3673 scientiarum
1454 3620 1592 3687 Astrology

289 3708 521 3793 philosophiae
554 3722 588 3776 et
621 3732 726 3775 rerum
761 3712 856 3776 istius
888 3710 1004 3774 mundi
1037 3720 1072 3776 et
1105 3710 1301 3795 theologiae,
1330 3720 1364 3775 et
1393 3711 1441 3775 sic
1454 3688 1607 3803 mars

290 3826 441 3899 respectu
469 3816 572 3881 totius
598 3816 780 3901 sapientiae
806 3826 939 3882 ostensa
964 3825 1026 3890 est,
1051 3826 1151 3900 prout
1176 3816 1249 3899 ipsa
1276 3815 1535 3899 sapientiainue,

289 3921 471 3985 secundum
490 3940 526 3983 se
546 3922 774 3986 consideratur
791 3919 953 4001 absolute,
967 3940 1055 3984 nunc
1071 3919 1149 3984 volo
1166 3920 1339 3985 ostendere
1357 3920 1439 3985 illud
1452 3884 1563 4001 gpffilpy

290 4022 378 4086 idem
409 4027 589 4090 secundum
619 4026 710 4108 quod
738 4024 875 4089 refertur
900 4024 983 4088 haec
1008 4024 1170 4107 sapientia
1195 4025 1240 4088 ad
1267 4024 1439 4089 ecclesiam
1453 4016 1562 4067 charnu.

290 4126 356 4191 Dei
382 4137 416 4193 et
439 4128 678 4211 rempublicam
701 4127 849 4193 fidelium
872 4139 906 4192 et
928 4129 1176 4193 conversionem
1199 4126 1378 4193 infidelium
1406 4140 1440 4193 et

289 4233 527 4314 repressionem
550 4252 663 4297 eorum
686 4232 743 4315 qui
771 4232 916 4296 converti
942 4251 1009 4295 uon
1035 4241 1180 4314 possunt
1226 4232 1273 4295 Et
1296 4233 1376 4315 quia
1406 4233 1440 4295 in

289 4336 403 4400 multis
413 4357 499 4420 quae
517 4356 604 4401 nunc
620 4336 783 4401 numerari
793 4356 857 4399 non
868 4345 1007 4419 possunt
1017 4336 1259 4401 necessariaest
1274 4335 1440 4410 ecclesiae,

289 4459 376 4504 nunc
389 4438 467 4505 volo
481 4451 549 4505 tres
563 4460 659 4506 casus
674 4460 867 4525 proponere,
881 4439 940 4522 qui
955 4448 1033 4503 sunt
1048 4438 1143 4522 quasi
1155 4437 1272 4501 infiniti
1289 4438 1441 4501 miraculi

288 4554 324 4608 et
343 4544 496 4609 utilitatis
511 4542 696 4609 ineffabilis.
743 4544 872 4607 Primus
893 4543 1044 4607 consistit
1059 4542 1093 4606 in
1112 4540 1345 4606 certificatione
1363 4540 1440 4606 fidei

288 4668 389 4732 quam
412 4657 505 4713 tenet
527 4647 674 4713 ecclesia.
722 4646 885 4730 Magnum
913 4647 1003 4710 enim
1026 4645 1181 4711 solatium
1209 4643 1285 4709 fidei
1308 4656 1440 4710 nostrae
