3575 5375
383 623 426 682 44
588 608 744 668 OPERIS
768 609 957 679 MAJORIS
981 610 1096 669 PARS
1121 610 1330 671 SECUNDA.

382 777 416 832 et
431 778 528 847 terra,
542 771 621 853 quia
636 792 700 836 una
716 791 793 853 pars
810 772 906 835 lridis
921 773 1010 838 cadit
1027 774 1059 837 in
1074 774 1231 857 sphaeras
1248 793 1356 856 aquae
1372 780 1406 835 et
1421 780 1535 835 terrae.

384 871 606 958 Consumptio
635 897 715 940 vero
744 896 852 958 aquae
882 897 949 941 non
981 888 1092 961 potest
1123 898 1194 942 esse
1224 898 1284 961 per
1315 877 1447 952 Itidem,
1475 876 1536 939 nisi

382 987 519 1059 propter
543 979 653 1043 radios
677 980 758 1043 solis
785 979 935 1045 facientis
960 1002 1043 1045 eam.
1095 982 1183 1045 Nam
1210 981 1398 1064 pervarias
1424 978 1536 1043 reflec-

382 1080 489 1145 tiones
509 1092 544 1146 et
559 1081 736 1148 fractiones
756 1093 1000 1167 congregantur
1020 1086 1102 1149 radii
1122 1083 1253 1163 infiniti,
1268 1094 1301 1147 et
1321 1083 1536 1167 congregatio

382 1184 548 1248 radiorum
564 1197 616 1250 est
630 1207 731 1250 causa
748 1188 959 1252 resolutionis
980 1198 1014 1253 et
1033 1189 1293 1272 consumptionis
1314 1208 1485 1271 aquarum,
1503 1196 1536 1250 et

381 1287 456 1351 ideo
484 1288 545 1352 Iris
571 1300 747 1371 generatur
772 1312 831 1373 per
858 1291 1062 1356 reflectiones
1090 1292 1299 1374 multiplices.
1344 1291 1423 1356 Non
1446 1292 1533 1355 enim

381 1402 521 1474 possunt
540 1395 622 1457 radii
646 1394 848 1479 congregari,
862 1396 924 1459 nisi
948 1416 1007 1477 per
1030 1395 1223 1460 fractionem
1248 1406 1281 1459 et
1303 1394 1535 1472 reflectionem,

382 1505 419 1560 ut
436 1506 552 1579 postea
568 1499 705 1583 patebit.
753 1499 809 1564 Ex
825 1500 988 1582 scriptura
1011 1500 1112 1583 igitur
1127 1499 1296 1565 Geneseos
1315 1519 1391 1563 cum
1414 1501 1534 1564 dicitur

380 1600 527 1663 ‘Ponam
550 1622 662 1665 arcum
691 1622 803 1666 meum
829 1604 863 1666 in
888 1604 1034 1667 nubibus
1056 1602 1149 1681 coeli,
1173 1614 1209 1667 ut
1234 1624 1300 1667 non
1324 1606 1368 1668 sit
1390 1604 1534 1687 amplius

381 1705 541 1769 diluvium
568 1726 668 1789 super
689 1704 831 1784 terram,’
853 1708 1013 1791 accipitur
1039 1729 1138 1773 causa
1164 1708 1273 1772 finalis
1300 1708 1402 1790 ipsius
1429 1707 1533 1771 Iridis.

382 1809 439 1873 Ex
455 1829 523 1892 quo
539 1810 726 1895 investigari
743 1822 854 1893 potest
874 1833 974 1877 causa
994 1813 1145 1889 efficiens,
1160 1822 1195 1876 et
1214 1814 1335 1876 modus
1354 1812 1534 1894 generandi

381 1914 515 1993 hidem,
544 1916 601 1999 qui
631 1917 751 1980 modus
782 1936 847 1980 non
878 1916 940 1980 suit
971 1927 1070 1981 notus
1099 1917 1305 2001 philosophis
1335 1916 1535 1981 sufficienter

380 2020 560 2083 secundum
578 2021 667 2104 quod
682 2020 756 2083 libri
778 2042 891 2084 eorum
914 2020 1128 2087 manifestant
1148 2021 1254 2086 nobis.
1302 2020 1348 2085 Et
1363 2022 1410 2085 ita
1425 2031 1474 2084 est
1491 2022 1535 2084 de

380 2124 471 2186 omni
504 2134 666 2187 creatura.
728 2124 941 2207 Impossibile
970 2128 1058 2189 enim
1089 2136 1140 2191 est
1169 2125 1260 2210 quod
1297 2126 1398 2189 homo
1437 2126 1533 2189 sciret

379 2228 555 2291 veritatem
585 2239 753 2294 creaturae
783 2228 935 2293 ultimam
967 2231 1148 2294 secundum
1184 2250 1285 2313 quam
1316 2230 1477 2312 accipitur
1500 2230 1533 2291 in

379 2332 548 2415 scriptura,
580 2334 640 2396 nisi
679 2332 775 2398 suerit
813 2333 999 2416 specialiter
1028 2354 1048 2397 a
1079 2334 1153 2397 Deo
1191 2333 1381 2398 illustratus.
1444 2333 1533 2396 Nam

378 2445 545 2499 creaturae
567 2438 772 2520 accipiuntur
796 2438 842 2502 ibi
866 2449 1003 2523 propter
1023 2438 1178 2503 veritates
1201 2439 1327 2520 gratiae
1350 2447 1384 2501 et
1406 2437 1534 2519 gloriae

379 2539 565 2614 eliciendas,
580 2562 664 2625 quas
683 2542 872 2626 philosophi
896 2543 1091 2618 nescierunt,
1107 2552 1141 2607 et
1164 2542 1239 2605 ideo
1262 2542 1305 2604 ad
1330 2552 1533 2623 potestatem

378 2642 530 2709 ultimam
561 2646 743 2729 sapientiae
773 2656 995 2712 creaturarum
1026 2666 1093 2711 non
1124 2656 1294 2723 venerunt,
1319 2646 1404 2711 sicut
1438 2666 1534 2710 sacra

378 2749 538 2832 scriptura
561 2770 633 2814 eam
658 2751 692 2814 in
715 2753 782 2814 suis
808 2753 955 2816 continet
973 2753 1162 2816 visceribus.
1208 2752 1308 2816 Unde
1329 2762 1402 2816 tota
1426 2751 1533 2834 philo-

379 2852 496 2936 sophia
507 2853 598 2936 jacet
613 2855 646 2917 in
663 2875 760 2918 sensu
776 2856 894 2920 literali
911 2857 1011 2920 sacris
1028 2857 1194 2940 mysteriis
1211 2857 1337 2939 gratiae
1358 2867 1392 2920 et
1407 2856 1534 2938 gloriae

378 2957 543 3036 decorata,
552 2969 725 3043 tamquam
736 2960 935 3042 quibusdam
947 2961 1085 3044 picturis
1096 2969 1131 3024 et
1140 2960 1305 3026 coloribus
1317 2961 1534 3026 nobilissimis

378 3063 542 3126 redimita.

800 3268 1027 3337 cnrrrunun
1053 3271 1114 3335 IX.

209 3421 312 3470 l’hitoso
331 3420 364 3486 try
421 3408 601 3474 Distinctio
623 3407 752 3472 finalis¹
771 3408 869 3491 hujus
893 3410 1007 3492 partis,
1031 3410 1064 3472 in
1089 3429 1156 3491 qua
1178 3410 1221 3473 ad
1245 3408 1533 3475 confirmationem

206 3487 288 3601 {Jsffel
377 3513 526 3576 omnium
554 3513 797 3594 praedictorum
829 3523 863 3578 et
888 3513 1105 3577 dicendorum
1131 3515 1316 3578 ostenditur
1343 3516 1434 3596 quod
1460 3525 1534 3579 tota

196 3616 353 3707 ‚patriflehs-
375 3617 539 3698 sapientia
555 3616 699 3681 revelata
714 3628 765 3680 est
782 3617 890 3699 primo
906 3617 1051 3696 sanctis;
1074 3627 1108 3681 et
1120 3619 1307 3682 ostenditur
1321 3620 1532 3703 propositum

376 3719 409 3782 in
428 3719 614 3782 universali.

421 3891 467 3954 Et
492 3892 556 3955 hoc
580 3891 698 3956 ultimo
728 3892 915 3956 confirmari
946 3904 1057 3978 potest
1089 3915 1147 3978 per
1176 3895 1250 3973 hoc,
1281 3897 1371 3977 quod
1404 3897 1531 3960 eisdem

375 3996 525 4078 personis
547 3995 627 4059 data
649 4005 701 4060 est
723 3995 952 4080 philosophiae
975 3997 1147 4080 plenitudo
1171 3999 1291 4082 quibus
1318 4009 1352 4064 et
1376 4000 1433 4063 lex
1458 4001 1534 4077 Dei,

375 4099 512 4173 scilicet,
535 4100 657 4162 sanctis
687 4099 884 4183 patriarchis
914 4111 948 4164 et
980 4101 1151 4183 prophetis
1173 4124 1193 4165 a
1217 4103 1382 4187 principio
1406 4105 1534 4183 mundi,

377 4202 423 4265 Et
439 4223 504 4265 non
520 4202 626 4266 solum
643 4213 693 4266 est
708 4205 926 4268 necessarium
944 4215 1081 4288 propter
1095 4206 1269 4271 articulum
1290 4208 1348 4291 qui
1370 4209 1423 4272 hic
1446 4220 1533 4273 trac·

409 4356 417 4384 ¹
436 4357 465 4406 ln
486 4357 532 4405 the
553 4356 630 4406 MSS.
647 4357 698 4406 this
715 4359 738 4406 is
753 4358 836 4408 called
859 4359 997 4408 Distinctio
1017 4359 1103 4418 tertia,
1122 4359 1167 4408 but
1185 4375 1213 4408 as
1231 4376 1265 4409 no
1286 4361 1342 4410 first
1359 4363 1411 4410 and
1432 4365 1534 4412 second

376 4435 545 4483 Distinctions
561 4451 605 4483 are
624 4437 710 4495 noted,
724 4437 734 4484 l
749 4438 813 4485 have
831 4437 987 4485 substituted
1002 4437 1046 4486 the
1057 4438 1132 4486 word
1147 4437 1262 4488 ‘finalis'
1296 4440 1359 4488 This
1376 4443 1536 4504 concluding

376 4513 479 4574 portion
498 4512 528 4560 os
543 4512 603 4562 Part
623 4513 657 4574 ll,
671 4515 759 4563 which
776 4516 799 4562 is
818 4515 849 4563 oi
860 4521 936 4576 great
953 4515 1119 4576 importance,
1131 4531 1216 4565 seems
1231 4525 1258 4565 to
1276 4517 1341 4566 have
1360 4519 1427 4568 been
1446 4522 1534 4570 added

375 4591 412 4652 by
430 4591 518 4639 Baton
538 4607 568 4640 rur
586 4608 619 4640 an
637 4595 777 4655 appendix.
812 4592 869 4641 The
887 4591 943 4642 MS.
959 4592 1007 4641 has
1024 4609 1060 4642 no
1076 4594 1186 4644 division
1208 4597 1264 4645 into
1281 4598 1415 4661 chapters;
1435 4601 1446 4650 1
1466 4603 1534 4654 have

375 4670 495 4732 supplied
512 4670 573 4722 this.
