3575 5375
685 651 974 712 GEOGRAPHIA.
1346 669 1407 732 357

253 810 541 896 Constantinopoli
559 814 592 879 in
608 814 716 879 oriens
731 834 792 897 per
807 834 917 880 mcccc
934 812 1084 880 milliaria
1103 814 1136 878 in
1152 814 1298 899 longum,
1314 826 1349 880 et
1371 819 1404 880 in

252 917 362 982 medio
378 918 448 1000 ejus
464 927 650 984 coarctatur
660 938 705 982 ex
717 928 857 1003 utraque
869 928 963 1002 parte
979 920 1012 982 in
1024 919 1174 1002 angulos,
1187 931 1222 984 et
1236 920 1268 984 iu
1280 921 1404 1003 angulo

252 1021 433 1086 meridiano
448 1033 500 1088 est
515 1032 658 1088 castrum
672 1033 705 1088 et
721 1035 836 1107 portus
855 1023 984 1088 soldani
997 1023 1151 1101 Turkiae,
1163 1026 1254 1106 quod
1265 1035 1405 1090 vocatur

252 1122 430 1208 Sinopolis.
473 1126 508 1190 A
536 1137 630 1209 parte
656 1147 735 1192 vero
762 1128 926 1210 aquilonis
958 1127 1060 1192 habet
1082 1127 1173 1192 aliud
1200 1138 1346 1192 castrum
1368 1130 1402 1192 in

250 1229 384 1313 angulo,
400 1233 490 1315 quod
505 1241 644 1296 vocatur
663 1230 808 1308 Soldaia,
823 1241 857 1297 et
880 1240 931 1297 est
954 1232 987 1295 in
1011 1232 1187 1316 provincia,
1202 1252 1288 1314 quae
1310 1253 1398 1298 nunc

251 1332 403 1399 Cassaria
425 1336 545 1400 dicitur
559 1335 612 1399 vel
635 1335 792 1412 Cessaria,
816 1346 849 1400 et
871 1344 948 1399 sunt
969 1343 1120 1400 trecenta
1143 1336 1294 1401 milliaria
1317 1337 1402 1402 inter

250 1435 437 1521 Sinopolim
453 1448 487 1503 et
504 1438 684 1517 Soldaiam,
699 1449 733 1504 et
753 1439 836 1504 haec
856 1449 907 1504 est
930 1439 1074 1503 latitudo
1097 1440 1197 1504 maris
1219 1441 1304 1505 inter
1327 1441 1402 1506 illos

250 1541 398 1625 angulos
445 1542 491 1608 Et
515 1544 578 1608 ista
601 1555 709 1608 castra
735 1552 813 1608 sunt
841 1545 911 1608 duo
935 1555 1053 1628 portus
1077 1544 1205 1621 famosi,
1229 1568 1249 1610 a
1279 1546 1401 1627 quibus

248 1656 419 1712 transeunt
439 1646 589 1711 homines
609 1668 630 1710 a
653 1647 842 1710 meridianis
861 1649 1052 1731 regionibus
1071 1650 1114 1713 ad
1137 1649 1344 1733 aquilonares
1366 1661 1401 1714 et

248 1771 266 1812 e
289 1770 456 1814 converso
502 1751 548 1816 Et
570 1751 613 1815 ab
636 1752 708 1816 istis
730 1753 847 1817 castris
867 1773 983 1815 versus
1005 1755 1212 1819 occidentem
1234 1776 1291 1819 seu
1311 1753 1399 1818 Con·

247 1855 498 1938 stantinopolim
525 1855 717 1920 extenditur
745 1875 835 1921 mare
860 1875 920 1938 per
944 1859 1156 1940 septingenta
1179 1858 1332 1921 milliaria
1365 1860 1398 1922 in

247 1959 384 2042 longum
405 1969 439 2024 et
461 1959 577 2036 latum,
594 1958 744 2022 similiter
762 1961 805 2023 ad
825 1961 987 2024 orientem
1011 1981 1070 2042 per
1084 1961 1306 2044 septingenta.
1352 1962 1399 2025 Et

247 2064 311 2127 ista
336 2063 505 2147 provincia
533 2060 684 2126 Cassaria
713 2062 935 2126 circumdatur
959 2063 1041 2127 mari
1061 2083 1081 2125 a
1101 2063 1205 2127 tribus
1230 2062 1397 2127 lateribus.

247 2167 336 2231 Nam
356 2170 389 2231 in
409 2167 580 2231 occidente
595 2166 698 2230 habet
713 2174 842 2250 partem
860 2166 959 2229 maris
981 2167 1120 2244 Pontici,
1135 2167 1192 2231 ubi
1210 2175 1261 2230 est
1282 2168 1398 2232 civitas

248 2271 409 2348 Kersona,
420 2271 454 2333 in
467 2289 533 2353 qua
548 2270 608 2334 suit
624 2279 757 2334 sanctus
774 2268 930 2335 Clemens
946 2271 1188 2354 martyrizatus.
1231 2271 1277 2336 Et
1293 2291 1397 2355 prope

245 2396 319 2440 eam
343 2384 393 2439 est
420 2373 536 2448 insula,
563 2373 684 2454 inqua
709 2381 759 2436 est
783 2373 960 2457 templum,
983 2375 1074 2457 quod
1098 2375 1218 2440 dicitur
1240 2373 1396 2457 angelicis

247 2479 399 2543 manibus
415 2487 657 2562 praeparatum,
675 2477 707 2540 in
722 2498 789 2561 quo
804 2498 924 2562 corpus
938 2477 1044 2544 sancti
1058 2479 1225 2562 sepultum
1241 2478 1312 2543 fuit.
1351 2480 1397 2544 Et

244 2605 265 2647 a
297 2583 451 2647 Kersona
481 2602 586 2665 usque
616 2583 658 2645 ad
698 2580 868 2646 Soldaiam
899 2592 977 2647 sunt
1007 2583 1248 2668 quadringenta
1279 2594 1397 2662 castra,

243 2708 383 2772 quorum
407 2688 580 2769 quodlibet
600 2685 667 2751 sere
689 2685 791 2751 habet
812 2686 981 2770 proprium
1003 2688 1138 2757 idioma.
1183 2688 1228 2753 Et
1251 2699 1329 2754 sunt
1349 2690 1395 2753 ibi

244 2793 340 2858 multi
356 2792 467 2871 Gothi,
482 2793 539 2874 qui
555 2812 671 2857 ornnes
687 2792 866 2873 loquuntur
881 2791 1112 2857 Teutonicum.

288 2898 334 2962 Et
349 2918 369 2962 a
385 2908 479 2980 parte
495 2896 643 2961 meridiei
660 2896 831 2961 Cassariae
847 2897 1039 2961 extenditur
1054 2918 1144 2962 mare
1160 2898 1345 2975 Ponticum,
1360 2909 1394 2964 et
1408 2906 1463 2957 The
1475 2908 1542 2958 non.

244 3003 277 3066 in
300 3003 426 3067 oriente
448 3001 519 3083 ejus
541 3002 632 3067 cadit
653 2999 777 3065 flumen
801 2999 927 3065 Tanais
952 3002 984 3065 in
1004 3022 1102 3075 mare,
1117 3002 1174 3065 ubi
1194 3001 1296 3067 habet
1319 3003 1393 3068 lati·

242 3108 391 3172 tudinem
415 3106 592 3172 duodecim
614 3105 852 3185 milliariorum,
875 3105 930 3169 ubi
945 3115 996 3170 est
1011 3106 1126 3170 civitas
1148 3106 1301 3171 Matrica.
1348 3108 1393 3170 Et

242 3212 365 3276 flumen
390 3210 469 3276 illud
485 3230 598 3275 versus
625 3210 813 3294 aquilonem
842 3210 921 3275 lacit
954 3230 1045 3276 mare
1071 3211 1240 3293 quoddam
1267 3210 1394 3277 habens

241 3318 450 3400 septingenta
467 3314 619 3378 milliaria
634 3314 666 3377 in
682 3313 926 3398 longitudinem
942 3326 975 3379 et
991 3313 1212 3388 latitudinem,
1228 3335 1392 3397 nusquam

241 3418 366 3483 habens
382 3419 640 3502 profunditatem
657 3418 744 3481 ultra
759 3438 820 3481 sex
835 3419 948 3499 pedes.
982 3419 1028 3481 Et
1043 3417 1107 3483 hoc
1125 3438 1215 3481 mare
1229 3427 1281 3482 est
1295 3417 1393 3501 palus

241 3523 384 3587 Maeotis
404 3522 630 3599 famosissima,
646 3521 689 3585 de
703 3542 770 3605 qua
785 3521 974 3605 philosophi
990 3532 1025 3586 et
1042 3521 1200 3587 historiae
1214 3534 1248 3587 et
1268 3534 1389 3606 poetae

238 3627 425 3711 loquuntur.
473 3626 519 3690 Et
533 3625 657 3691 flumen
673 3625 796 3691 Tanais
812 3628 1005 3692 extenditur
1020 3626 1107 3691 ultra
1123 3626 1213 3691 illam
1229 3628 1389 3711 paludem

237 3752 351 3795 versus
363 3731 551 3813 aquilonem
564 3750 669 3813 usque
678 3732 722 3796 ad
736 3741 867 3795 montes
881 3731 1060 3815 Riphaeos,
1069 3732 1127 3813 qui
1136 3742 1215 3798 sunt
1226 3732 1260 3796 in
1270 3732 1389 3798 ultimo

236 3836 408 3919 aquilonis,
427 3856 447 3899 a
469 3836 589 3918 quibus
612 3835 781 3901 montibus
803 3836 907 3899 oritur
929 3834 993 3901 hoc
1014 3835 1138 3901 flumen
1160 3845 1194 3901 et
1217 3838 1388 3903 descendit

237 3960 296 4024 per
322 3940 458 4025 longum
485 3948 591 4004 terrae
613 3948 756 4004 tractum
780 3940 812 4001 in
836 3941 993 4023 paludem
1016 3942 1250 4025 supradictam,
1265 3942 1388 4007 iaciens

235 4064 319 4108 eam.
367 4043 413 4106 Et
430 4043 518 4107 ultra
536 4064 610 4107 eam
635 4043 818 4127 digreditur
832 4053 865 4107 et
888 4042 961 4107 fluit
984 4045 1018 4108 in
1041 4063 1132 4108 mare
1151 4045 1336 4125 Ponticum,
1352 4057 1388 4110 ut

236 4147 397 4230 praedixi.
444 4146 489 4210 Et
510 4146 574 4210 hoc
590 4146 712 4210 flumen
728 4144 894 4211 famosum
914 4147 1032 4211 dividit
1055 4148 1228 4233 Europam
1242 4151 1287 4213 ab
1301 4149 1388 4213 Asia

235 4252 268 4314 in
285 4252 365 4315 locis
380 4250 453 4328 illis,
469 4260 503 4315 et
525 4250 621 4335 palus
643 4250 735 4316 dicta
756 4260 791 4314 et
814 4250 924 4334 plures
946 4251 1086 4335 paludes
1104 4262 1180 4317 sunt
1197 4252 1386 4335 contiguae,

234 4356 293 4419 sed
309 4354 403 4436 quasi
420 4375 481 4438 pro
499 4374 564 4418 una
579 4364 837 4436 computantur;
859 4365 894 4420 et
906 4366 1067 4420 vocantur
1077 4355 1216 4439 paludes
1230 4356 1385 4431 Maeotis,

234 4458 287 4523 vel
303 4457 493 4523 Maeotidae
505 4459 538 4521 in
550 4458 723 4541 adjectivo.
771 4457 913 4523 Paludes
924 4458 1023 4543 igitur
1033 4460 1118 4538 illae,
1127 4480 1214 4543 quae
1224 4472 1386 4526 vocantur

234 4582 326 4626 mare
362 4561 443 4628 illud
475 4564 646 4638 vadosum,
680 4570 759 4626 sunt
796 4563 828 4627 in
867 4564 995 4629 oriente
1025 4562 1206 4646 Cassariae,
1243 4574 1279 4630 et
1307 4585 1384 4649 pars

234 4664 379 4732 fluminis
398 4664 524 4731 Tanais
538 4686 627 4751 quae
641 4676 694 4732 est
709 4667 795 4731 inter
810 4668 950 4750 palude·
963 4678 997 4734 et
1013 4689 1104 4733 mare
1119 4668 1302 4734 Ponticum.
