3575 5375
771 623 886 702 156
1201 623 1510 683 OPERIS
1559 622 1936 694 MAJORIS
1985 623 2214 683 PARS
2264 620 2632 697 QUARTA.

527 818 642 852 wns
667 802 725 852 of
770 798 841 851 ut
886 805 1005 869 per
1040 807 1446 870 consequens
1492 795 1718 869 pateat
1761 783 1848 851 de
1892 785 2056 849 aliis.
2150 786 2497 851 Ducantur
2525 786 2736 851 lineae
2780 784 3072 868 undique

435 820 619 916 ΊΠιίιιὶἶΐιι·

431 937 567 980 1⁴¹·rll'1.

437 1020 519 1060 ’'sti-5³.
531 1032 539 1060 “,
551 1037 570 1064 »ej
583 1033 611 1065 Γ,

766 892 854 954 ad
900 890 1312 974 superficiem
1353 911 1564 974 aquae
1604 913 1644 954 a
1685 900 1914 955 centro
1952 900 2183 967 terrae,
2221 890 2492 972 planum
2534 901 2635 954 est
2670 891 2854 973 quod
2897 910 3073 971 aqua

767 1016 1030 1080 semper
1069 996 1269 1059 currit
1313 996 1400 1058 ad
1448 995 1817 1058 inferiorem
1866 995 2081 1058 locum
2127 1005 2399 1078 propter
2437 1015 2625 1058 suam
2672 994 3072 1076 gravitatem

766 1110 840 1164 ut
879 1099 1199 1163 videmus.
1292 1098 1477 1182 Ergo
1521 1099 1578 1164 si
1629 1119 1759 1163 una
1808 1099 2066 1163 illarum
2115 1110 2288 1162 esset
2337 1100 2597 1163 brevior
2640 1100 2868 1177 altera,
2897 1118 3074 1179 aqua

765 1216 1050 1268 curreret
1123 1205 1209 1267 ad
1287 1204 1786 1268 extremitatem
1861 1203 2034 1266 illius
2106 1203 2317 1268 donec
2384 1212 2795 1285 aequaretur.
2887 1202 3073 1284 Ergo

765 1329 996 1372 omnes
1036 1308 1244 1372 lineas
1287 1307 1519 1372 ductas
1563 1309 1852 1391 undique
1891 1328 1931 1371 a
1972 1316 2199 1372 centro
2247 1307 2476 1370 mundi
2523 1308 2608 1371 ad
2656 1306 3071 1389 superficiem

764 1433 976 1495 aquae
1042 1413 1309 1495 aequari
1385 1431 1651 1476 necesse
1716 1422 1833 1475 est.
1927 1410 2064 1476 Sed
2130 1411 2217 1474 ad
2277 1411 2551 1493 planum
2612 1410 2875 1493 aequari
2937 1429 3072 1472 non

767 1527 1062 1598 possunt,
1094 1536 1210 1599 per
1247 1517 1460 1578 xxviii
1507 1528 1573 1580 et
1621 1517 1824 1578 xxxii
1863 1516 2058 1597 primi
2100 1514 2623 1589 Elementorum,
2656 1522 2731 1577 ut
2766 1514 3069 1596 superius

767 1623 1020 1684 dictum
1068 1631 1187 1693 est,
1233 1641 1354 1685 nec
1400 1621 1486 1684 ad
1536 1639 1906 1684 convexam
1952 1639 2068 1701 per
2113 1619 2220 1681 viii
2267 1620 2462 1684 tertii.
2558 1619 2740 1702 Ergo
2785 1628 3073 1701 oportet,

767 1725 948 1807 quod
1017 1723 1391 1806 superficies
1459 1744 1672 1806 aquae
1702 1716 1708 1722 ’
1743 1724 2087 1788 continens
2158 1732 2401 1786 terram
2471 1725 2556 1787 sit
2627 1743 2939 1797 concava,
3002 1731 3072 1786 et

768 1849 903 1893 non
975 1828 1424 1910 cujuscunque
1482 1828 1931 1905 concavitatiS,
1987 1828 2106 1890 sed
2163 1827 2565 1910 sphaericae,
2618 1827 2934 1910 quoniam
3004 1826 3073 1888 in

768 1932 909 1997 sola
955 1933 1066 1996 illa
1110 1931 1320 2015 figura
1366 1952 1595 1996 omnes
1639 1931 1946 1996 diametri
1990 1940 2145 1994 sunt
2190 1932 2521 2013 aequales.
2613 1931 2703 1994 Et
2751 1930 2914 1994 haec
2959 1931 3075 1993 de-

772 2038 1156 2101 monstratio
1206 2056 1336 2100 non
1384 2036 1598 2099 solum
1651 2046 1832 2100 tenet
1884 2036 1970 2099 de
2023 2056 2197 2118 aqua
2250 2036 2545 2113 interiuS,
2589 2037 2706 2099 sed
2759 2035 3075 2098 exterius,

771 2142 949 2205 Nam
979 2141 1275 2206 exterius
1307 2139 1450 2204 fluit
1482 2140 1567 2203 ad
1607 2139 1981 2203 inferiorem
2025 2139 2247 2202 locum
2290 2159 2550 2223 semper
2580 2140 2750 2202 sicut
2783 2139 3073 2201 interius.

772 2248 861 2311 Et
910 2246 1060 2311 ideo
1107 2255 1385 2328 oportet,
1430 2244 1610 2327 quod
1661 2245 1748 2306 sit
1799 2263 2101 2307 convexa
2152 2243 2461 2322 exterius,
2506 2264 2660 2307 nam
2710 2264 2927 2325 neque
2986 2242 3073 2307 ad

770 2351 1037 2433 planam
1069 2369 1282 2432 neque
1313 2367 1665 2414 concavam
1699 2348 1996 2411 exterius
2027 2357 2298 2431 possent
2330 2368 2560 2412 omnes
2590 2347 2804 2412 lineae
2833 2348 3076 2411 ductae

769 2477 809 2519 a
860 2465 1090 2518 centro
1144 2474 1287 2516 esse
1345 2452 1677 2535 aequaleS,
1725 2452 2091 2516 secundum
2145 2452 2425 2516 formam
2486 2451 3075 2516 demonstrationis

2036 2555 2285 2638 prioris,
2320 2566 2387 2620 et
2419 2555 2545 2620 hoc
2577 2567 2762 2638 patet
2804 2577 2922 2638 per
2954 2576 3074 2618 ex·

2034 2661 2494 2745 perimentum.
2569 2660 2746 2725 Nam
2777 2661 2863 2724 sit
2896 2661 3079 2724 navis

2022 2787 2083 2848 g
2121 2766 2184 2843 d,
2237 2777 2306 2831 et
2367 2776 2598 2850 portus
2656 2788 2717 2840 a,
2766 2775 2834 2830 et
2890 2787 2926 2828 c
2985 2766 3073 2828 sit

2036 2868 2408 2954 superficies
2457 2869 2642 2935 navis
2694 2870 2807 2933 ubi
2855 2868 3078 2951 figitur

2039 2973 2273 3048 malus,
2322 2984 2388 3038 et
2440 2974 2479 3039 b
2538 2975 2625 3039 sit
2676 2975 3074 3039 extremitas

775 3077 949 3156 mali,
980 3090 1047 3145 et
1087 3080 1368 3143 ducatur
1395 3101 1430 3143 c
1457 3101 1499 3143 a
1533 3078 1706 3143 linea
1751 3079 2380 3163 perpendiculariter
2409 3100 2449 3143 a
2495 3089 2689 3161 portu
2730 3080 2815 3144 ad
2853 3088 3076 3141 extre-

775 3184 1075 3248 mitatem
1146 3184 1319 3248 mali.
1441 3183 1718 3248 Planum
1784 3204 1945 3265 ergo
2013 3192 2114 3247 est
2183 3204 2298 3266 per
2358 3184 2483 3246 xix
2543 3194 2610 3247 et
2671 3183 2830 3246 xviii
2877 3182 3070 3265 primi

777 3290 1282 3352 Elementorum
1324 3290 1503 3371 quod
1536 3310 1579 3352 a
1608 3289 1647 3354 b
1676 3289 1849 3353 linea
1888 3299 1988 3353 est
2026 3289 2286 3373 longior
2326 3310 2527 3371 quam
2572 3310 2607 3353 c
2650 3310 2710 3353 a.
2801 3288 2987 3370 Ergo
3017 3287 3071 3348 si

773 3414 953 3456 mare
998 3401 1172 3457 esset
1222 3392 1462 3474 planae
1511 3392 1776 3476 figurae,
1823 3403 1979 3457 tunc
2016 3395 2244 3459 oculus
2282 3395 2580 3458 existens
2629 3393 2695 3455 in
2748 3412 2782 3456 c
2823 3392 3077 3455 videret

774 3507 1040 3579 portum
1075 3496 1332 3575 meliuS,
1364 3518 1566 3580 quam
1599 3499 1895 3561 existens
1936 3498 2003 3561 in
2040 3498 2093 3576 b,
2123 3499 2440 3581 quoniam
2480 3498 2518 3561 b
2555 3496 2703 3579 plus
2744 3498 2952 3561 distat
2988 3496 3076 3559 ab

772 3623 814 3662 a
843 3621 1046 3681 quarn
1087 3622 1138 3663 c.
1231 3600 1366 3665 Sed
1411 3621 1528 3684 per
1564 3601 2041 3684 experientiam
2089 3602 2305 3676 scitur,
2335 3603 2519 3685 quod
2560 3602 2671 3665 ille
2706 3601 2820 3684 qui
2865 3611 2966 3664 est
3008 3602 3076 3663 in

773 3705 1155 3768 summitate
1192 3704 1347 3768 mali
1392 3716 1616 3788 potest
1646 3707 1869 3770 videre
1911 3718 2176 3788 portum
2214 3706 2409 3769 citius
2443 3726 2646 3788 quarn
2686 3705 2794 3769 ille
2822 3705 2935 3788 qui
2978 3716 3078 3769 est

774 3807 841 3869 in
903 3805 1243 3888 superficie
1303 3811 1501 3872 navis.
1596 3810 1779 3891 Ergo
1829 3810 2214 3892 relinquitur
2257 3811 2437 3893 quod
2494 3809 2742 3893 aliquid
2797 3809 3078 3893 impedit

771 3910 985 3973 visum
1017 3909 1188 3972 illius
1220 3912 1335 3993 qui
1366 3924 1468 3976 est
1500 3913 1564 3975 in
1598 3916 1768 3976 navi.
1862 3913 1999 3977 Sed
2034 3914 2193 3977 nihil
2235 3924 2453 3996 potest
2492 3935 2657 3992 esse,
2691 3914 2814 3977 nisi
2857 3924 3079 3978 tumor

773 4013 1152 4096 sphaericus
1181 4035 1413 4097 aquae.
1505 4017 1689 4099 Ergo
1725 4026 1827 4081 est
1870 4015 2251 4100 sphaericae
2292 4017 2561 4099 figurae.
2655 4018 2791 4082 Sed
2832 4020 2886 4082 si
2930 4018 3078 4095 hoc,

773 4130 931 4182 tunc
980 4126 1153 4181 terra
1205 4129 1303 4184 est
1357 4121 1735 4202 sphaericae
1792 4120 2040 4203 figurae
2092 4142 2454 4200 convexae,
2501 4142 2653 4186 nam
2709 4123 2899 4186 aliter
2943 4142 3076 4186 non

774 4221 1195 4304 elongaretur
1237 4222 1603 4304 aequaliter
1647 4247 1687 4288 a
1733 4226 1941 4305 coelo,
1980 4246 2193 4308 neque
2238 4227 2803 4310 appropinquaret
2848 4236 3080 4290 centro

776 4326 1006 4389 mundi
1047 4327 1450 4408 aequaliter;
1494 4329 1610 4393 sed
1648 4330 1776 4393 hoc
1818 4339 2086 4413 oportet
2128 4330 2284 4393 fieri.
2379 4331 2550 4394 Item
2593 4341 2766 4395 esset
2794 4351 3078 4394 vacuum

773 4430 884 4493 ubi
917 4451 988 4494 se
1020 4451 1152 4493 non
1183 4431 1667 4513 contingerent:
1714 4434 2027 4515 quoniam
2060 4434 2114 4498 si
2147 4446 2320 4499 esset
2352 4434 2591 4518 planae
2612 4436 2717 4499 vel
2750 4455 3082 4499 concavae

776 4554 906 4596 non
936 4536 1347 4618 contingeret
1385 4538 1864 4602 concavitatem
1906 4559 2131 4621 aeque,
2164 4548 2235 4603 ut
2277 4548 2480 4623 patet,
2512 4549 2579 4603 et
2616 4538 2764 4603 ideo
2794 4561 3081 4605 vacuum

773 4647 947 4701 esset
977 4638 1145 4701 inter
1175 4659 1304 4702 eas.
