3575 5375
379 635 437 697 168
595 637 751 697 OPERIS
774 636 962 708 MAJORIS
985 635 1101 695 PARS
1125 633 1311 709 QUARTA.

376 802 485 885 gravis
513 801 556 865 ab
587 801 716 866 incessu
750 809 841 864 recto
870 808 922 864 est
950 797 1107 876 violenta,
1129 798 1187 864 sed
1214 808 1341 881 quanto
1371 793 1478 880 magis
1505 791 1532 856 d

377 915 529 970 movetur
546 926 646 989 super
663 905 784 970 lineam
803 904 866 980 de,
885 904 994 986 magis
1015 903 1141 968 recedit
1158 902 1202 966 ab
1224 903 1352 968 incessu
1375 909 1476 976 recto,
1491 909 1530 964 ut

377 1020 471 1094 patet
497 1012 539 1074 ad
566 1029 708 1088 sensum,
730 1009 809 1092 quia
834 1008 903 1072 da
925 1017 959 1072 et
984 1006 1047 1072 de
1069 1007 1177 1072 lineae
1203 1007 1309 1090 magis
1335 1013 1530 1089 separantur

377 1113 510 1178 inferius
540 1132 641 1196 quam
674 1113 831 1196 superius.
878 1112 970 1195 Ergo
1001 1111 1028 1175 d
1055 1121 1181 1193 quanto
1215 1111 1324 1194 magis
1357 1107 1530 1174 descendit

377 1220 542 1296 deorsum,
562 1226 656 1282 tanto
679 1216 786 1300 magis
809 1228 960 1281 movetur
981 1236 1041 1298 per
1060 1216 1262 1292 violentiam,
1282 1226 1317 1279 et
1338 1213 1488 1279 similiter
1505 1233 1530 1290 c,

378 1332 411 1387 et
427 1323 503 1386 ideo
518 1320 685 1405 quaelibet
704 1341 780 1406 pars
800 1319 903 1404 ipsius
917 1320 1022 1384 totius
1035 1319 1062 1384 d
1073 1320 1092 1385 b
1106 1341 1124 1384 c
1140 1320 1259 1404 gravis,
1272 1328 1401 1404 praeter
1415 1317 1530 1400 dquae

378 1426 450 1492 sola
475 1445 606 1509 semper
630 1425 800 1497 descendit
829 1426 1013 1489 secundum
1044 1424 1208 1489 incessum
1239 1433 1376 1488 rectum.
1422 1421 1531 1485 Mani·

377 1531 499 1594 festum
524 1539 575 1594 est
603 1550 682 1611 ergo
706 1530 797 1612 quod
825 1549 948 1613 magna
973 1539 1008 1594 et
1034 1528 1211 1612 multiplex
1233 1527 1391 1593 violentia
1418 1535 1470 1590 est
1496 1525 1530 1589 in

377 1643 471 1698 motu
498 1633 638 1698 naturali
665 1634 766 1718 ipsius
792 1633 911 1716 gravia.
957 1633 1004 1699 Et
1030 1653 1075 1696 ex
1104 1631 1169 1696 hoc
1194 1633 1343 1715 sequitur
1365 1630 1531 1713 quaedam

377 1739 500 1803 veritas
529 1739 563 1801 in
594 1740 692 1803 rebus
721 1737 934 1816 naturalibus,
960 1738 1085 1802 scilicet
1111 1738 1202 1819 quod
1233 1746 1345 1800 motus
1371 1733 1532 1799 naturalis

378 1851 514 1928 generat
544 1842 709 1921 calorem;
743 1863 818 1906 narn
847 1862 950 1926 quum
981 1843 1207 1907 demonstrata
1232 1852 1284 1907 est
1307 1839 1475 1917 violentia,
1497 1849 1532 1902 et

379 1956 509 2012 constat
531 1967 631 2030 grave
652 1947 846 2012 naturaliter
864 1946 1011 2013 inclinari
1033 1948 1198 2026 deorsum,
1214 1945 1348 2028 planum
1372 1943 1532 2027 estquod
1553 1956 1558 1965 ·

379 2055 466 2118 duae
480 2053 619 2116 virtutes
639 2060 716 2116 sunt
738 2053 772 2116 in
791 2053 884 2135 gravi
909 2060 1002 2116 moto
1025 2052 1179 2117 deorsum
1203 2050 1399 2114 inclinantes
1421 2049 1532 2132 ipsum

379 2156 412 2218 in
427 2164 538 2237 partes
553 2155 741 2220 contrarias.
776 2155 868 2238 Ergo
884 2174 950 2218 una
965 2154 1119 2219 distrahit
1130 2164 1243 2236 partes
1258 2155 1367 2236 gravis
1381 2152 1415 2216 in
1430 2171 1532 2216 unam

378 2269 517 2344 partem,
532 2269 567 2323 et
591 2258 656 2324 alia
679 2259 712 2323 in
737 2259 845 2336 aliam,
860 2268 893 2323 et
917 2259 960 2322 ad
985 2257 1046 2322 has
1069 2257 1300 2323 distractiones
1324 2276 1457 2321 necesse
1480 2265 1532 2320 est

379 2362 519 2428 rarefieri
535 2373 646 2446 partes
660 2363 779 2446 gravis.
814 2362 882 2428 Sed
896 2361 1067 2427 rarefactio
1084 2371 1134 2427 est
1149 2361 1324 2444 dispositio
1340 2359 1533 2425 immediata

378 2467 421 2531 ad
449 2467 602 2542 calorem,
624 2468 714 2532 unde
739 2487 799 2550 per
820 2466 1061 2550 experientiam
1087 2466 1210 2529 scimus
1234 2466 1324 2549 quod
1349 2485 1450 2548 grave
1473 2464 1533 2527 de·

379 2572 540 2635 scendens
557 2571 713 2635 deorsum
732 2571 876 2636 calescit.
923 2571 1037 2636 Potest
1055 2589 1135 2653 ergo
1149 2570 1214 2634 hoc
1228 2569 1282 2635 hic
1296 2568 1432 2646 adverti,
1446 2568 1532 2633 sicut

381 2673 414 2739 in
432 2675 605 2758 prioribus,
619 2675 710 2761 quod
731 2696 849 2741 causae
871 2695 980 2741 rerum
1003 2674 1204 2741 naturalium
1226 2673 1350 2740 debent
1372 2671 1534 2758 assignari

381 2799 441 2862 per
463 2780 720 2844 mathematicae
742 2788 953 2863 potestatem.
1000 2780 1046 2843 Et
1064 2789 1176 2865 potest
1193 2778 1298 2844 homo
1314 2777 1425 2843 videre
1442 2778 1534 2862 quod

381 2882 414 2944 in
436 2881 535 2945 rebus
561 2882 766 2947 naturalibus
790 2895 867 2949 sunt
893 2885 962 2949 duo
988 2885 1080 2949 modi
1101 2884 1269 2969 arguendi,
1290 2903 1374 2947 unus
1395 2902 1455 2967 per
1475 2883 1533 2947 de-

382 2984 657 3050 monstrationem
675 3005 762 3069 quae
783 2988 933 3071 procedit
951 3009 1011 3073 per
1025 3008 1151 3067 causas,
1165 2996 1200 3053 et
1217 2987 1300 3052 alius
1320 3007 1380 3072 per
1394 2987 1534 3051 demon·

382 3090 576 3155 strationem
599 3090 642 3155 ad
665 3088 829 3169 effectum,
848 3102 885 3156 ut
908 3111 984 3154 cum
1007 3092 1174 3176 prioribus
1195 3090 1535 3157 demonstrationibus

381 3192 542 3275 probatur
560 3214 620 3277 per
634 3214 777 3272 causam,
793 3195 884 3278 quod
899 3195 1058 3260 violentia
1072 3196 1192 3260 accidit
1206 3196 1298 3277 gravi
1314 3196 1347 3258 in
1364 3215 1424 3260 suo
1440 3203 1533 3257 motu

381 3298 533 3373 naturali,
550 3307 668 3381 postea
690 3299 940 3364 demonstratur
957 3300 1021 3364 hoc
1041 3299 1130 3364 idem
1150 3320 1210 3383 per
1228 3300 1395 3378 effectum,
1409 3298 1535 3365 scilicet

382 3422 441 3485 per
462 3403 711 3486 generationem
743 3403 870 3468 caloris.
918 3403 1006 3467 Nam
1034 3423 1100 3468 non
1126 3414 1340 3488 generaretur
1362 3402 1452 3469 calor
1473 3404 1535 3469 nisi

383 3526 443 3588 per
472 3507 732 3583 raresactionem,
754 3528 815 3573 nec
844 3507 1018 3573 rarefactio
1049 3509 1112 3573 ista
1138 3508 1202 3571 nisi
1226 3529 1286 3592 per
1307 3508 1445 3573 virtutes
1470 3508 1536 3572 dis·

382 3608 552 3675 trahentes
567 3632 667 3695 grave
685 3611 721 3674 in
739 3621 851 3693 partes
871 3612 1062 3691 contrarias,
1077 3622 1112 3676 et
1132 3612 1195 3676 hae
1215 3631 1284 3677 non
1303 3620 1443 3697 possunt
1463 3633 1536 3677 esse

383 3712 444 3776 nisi
475 3732 540 3777 una
565 3713 731 3793 naturalis,
754 3714 858 3780 altera
880 3716 1036 3796 violenta,
1059 3725 1262 3801 quapropter
1285 3736 1386 3801 grave
1415 3716 1450 3779 in
1476 3737 1536 3781 suo

385 3824 477 3880 motu
494 3819 634 3881 naturali
649 3818 752 3883 habet
771 3819 975 3885 violentiam.
1021 3821 1067 3884 Et
1082 3821 1130 3885 sic
1144 3820 1227 3885 haec
1243 3819 1420 3902 conclusio,
1436 3842 1537 3904 grave

383 3919 501 4004 recipit
518 3919 710 3985 violentiam
731 3922 763 3985 in
783 3942 844 3987 suo
866 3933 960 3988 motu
981 3924 1131 4003 naturali,
1148 3926 1309 4008 probatur
1325 3945 1384 4007 per
1401 3945 1535 3989 causam

384 4032 418 4088 et
429 4021 596 4093 effectum.
631 4024 698 4089 Sed
711 4046 812 4092 causa
826 4026 899 4092 sola
910 4026 990 4093 sacit
1001 4028 1174 4093 scientiam
1188 4038 1248 4093 aut
1259 4027 1359 4111 longe
1375 4028 1535 4112 majorem

383 4147 485 4211 quam
503 4126 651 4209 effectus,
666 4131 745 4213 quia
765 4130 964 4198 Aristotelen
982 4133 1063 4198 dicit
1082 4134 1191 4215 primo
1208 4132 1430 4198 Posteriorum
1446 4135 1535 4215 quod

384 4232 466 4296 scire
481 4232 654 4315 opinamur
668 4254 744 4299 cum
764 4256 881 4300 causas
901 4239 1140 4323 cognoscimus.
1187 4237 1279 4321 Ergo
1298 4256 1375 4301 cum
1397 4238 1537 4302 demon-

384 4337 513 4418 stratio,
527 4347 565 4401 ut
581 4338 704 4401 ibidem
726 4339 835 4418 docet,
848 4349 900 4404 est
919 4340 1135 4425 syllogismus
1154 4340 1278 4406 iaciens
1297 4342 1390 4419 scire,
1405 4360 1539 4406 necesse

384 4442 544 4524 estquod
564 4441 803 4508 demonstratio
825 4464 884 4527 per
899 4464 1033 4509 causam
1056 4447 1100 4509 sit
1122 4444 1220 4527 longe
1241 4444 1420 4527 potentior,
1436 4464 1538 4529 quarn

385 4563 445 4626 per
472 4542 649 4622 effectum3
680 4556 713 4609 et
743 4546 808 4611 hoc
839 4548 911 4612 vult
936 4548 1139 4613 Aristoteles
1170 4548 1255 4614 libro
1281 4548 1505 4615 Posteriorum
1517 4548 1539 4611 ¹.

544 4696 553 4725 ¹
571 4696 622 4747 Et.
636 4733 643 4747 .
656 4734 661 4747 .
673 4698 853 4761 posteriorum,
867 4716 918 4751 om.
931 4700 957 4750 in
970 4702 1003 4753 Ο.
1038 4701 1076 4751 Cf.
1088 4703 1162 4752 Anat
1177 4702 1248 4753 Post
1262 4703 1279 4754 i.
1290 4717 1315 4764 a,
1329 4707 1342 4763 ς
1357 4718 1378 4752 r.
