3575 5375
421 628 774 687 MATHEMATICAE
799 629 850 686 IN
872 621 1043 688 DIVINIS
1071 621 1276 688 UTILITAS.
1365 643 1427 705 223

273 792 392 856 metica
419 787 524 856 'docet
556 793 588 855 in
619 791 684 856 fine
714 813 775 856 suo
802 813 918 856 omnes
949 793 1146 857 medietates
1172 793 1362 876 investigari
1390 793 1424 855 in
1438 809 1522 858 Three

272 896 542 979 proportionibus
561 917 782 961 numerorum.
829 897 860 959 N
865 917 920 959 am
939 917 999 962 nec
1014 909 1185 980 geometra
1201 918 1262 961 nec
1280 897 1425 961 musicus
1438 873 1594 1006 milon.

272 1018 333 1063 nec
352 1000 538 1084 astrologus
555 1002 598 1065 de
619 1001 670 1064 his
688 1010 818 1076 tractat,
839 1001 898 1066 sed
919 1003 1078 1084 supponit
1098 1004 1188 1084 quod
1209 1000 1424 1076 arithmetica,

271 1124 358 1185 quae
398 1116 449 1170 est
491 1106 628 1171 scientia
665 1126 887 1180 numerorum,
924 1107 1052 1170 edocet.
1107 1106 1273 1188 Theologi
1311 1116 1424 1171 autem

273 1208 420 1273 nituntur
442 1210 503 1274 has
528 1211 725 1276 medietates
745 1212 787 1275 ad
815 1210 1035 1293 proprietates
1057 1210 1244 1275 divinarum
1268 1230 1424 1294 persona-

273 1333 345 1376 rum
373 1315 531 1392 exaltare,
555 1325 589 1380 et
619 1316 796 1398 praecipue
826 1314 990 1379 Ricardus
1013 1316 1056 1380 de
1081 1314 1205 1380 Sancto
1227 1315 1365 1378 Victore
1390 1316 1424 1378 in

270 1416 356 1481 libro
378 1419 421 1482 de
445 1420 602 1498 trinitate,
625 1420 682 1503 qui
709 1419 792 1483 liber
818 1439 974 1502 magnam
1000 1421 1103 1484 habet
1126 1418 1355 1484 difficultatem
1379 1419 1424 1483 ob

272 1523 409 1586 istarum
446 1525 664 1589 medietatum
701 1524 922 1606 ignorantiam
952 1526 1041 1608 apud
1071 1525 1200 1608 vulgus.
1246 1525 1294 1589 Et
1327 1524 1423 1590 multi

271 1638 407 1708 propter
433 1630 572 1692 eandem
599 1630 781 1692 abutuntur
807 1631 1108 1713 comparationibus
1134 1631 1271 1693 istarum
1299 1629 1422 1693 medie-

271 1741 378 1795 tatum
404 1732 447 1796 ad
474 1732 593 1797 divina
639 1732 779 1816 Triplex
806 1753 883 1797 vero
910 1745 962 1798 est
984 1734 1155 1811 medietas,
1177 1732 1300 1798 scilieet
1323 1733 1451 1795 arith-.

273 1837 400 1914 metica,
426 1837 636 1920 geometrica,
667 1839 802 1902 musica.
847 1837 1072 1902 Arithmetica
1101 1859 1180 1902 vero
1208 1838 1359 1903 consistit
1389 1837 1422 1900 in

270 1939 444 2005 identitate
471 1941 727 2005 differentiarum
756 1941 852 2024 primi
879 1942 922 2005 ad
946 1943 1137 2015 secundum,
1162 1952 1196 2006 et
1217 1942 1353 2005 secundi
1380 1945 1423 2005 ad

270 2045 415 2122 tertium,
431 2056 468 2109 ut
484 2055 635 2127 quatuor,
651 2048 724 2124 tria,
736 2048 812 2109 duo.
859 2045 947 2109 Nam
963 2046 1072 2109 unitas
1086 2045 1156 2109 sola
1172 2055 1224 2109 est
1238 2046 1423 2111 differentia

270 2148 346 2211 hinc
370 2149 454 2226 inde,
470 2159 505 2214 et
527 2149 603 2214 huic
625 2151 733 2214 simile
756 2150 917 2232 reperitur
933 2150 966 2212 in
989 2149 1107 2214 divinis
1128 2150 1285 2231 personis.
1332 2150 1421 2212 Nam

271 2252 454 2317 differentia
477 2254 583 2318 Patris
606 2256 649 2318 ad
673 2253 795 2317 Filium
816 2255 977 2335 estquod
999 2253 1095 2316 Pater
1113 2255 1172 2317 dat
1195 2253 1280 2316 Filio
1299 2264 1332 2316 et
1354 2275 1420 2316 non

272 2357 389 2440 accipit
405 2359 447 2419 ab
460 2378 519 2434 eo;
544 2357 648 2420 Filius
659 2366 771 2420 autem
787 2377 991 2422 econverso.
1029 2357 1187 2421 Similiter
1201 2357 1287 2420 inter
1299 2356 1418 2420 Filium

272 2469 305 2523 et
328 2460 488 2543 Spiritum
507 2461 666 2526 Sanctum
690 2472 740 2525 est
764 2460 944 2526 consimilis
963 2461 1157 2526 differentia.
1205 2461 1293 2524 Nam
1318 2461 1420 2525 Filius

271 2566 331 2628 dat
354 2565 494 2646 Spiritui
518 2565 641 2631 Sancto
664 2576 698 2630 et
722 2587 788 2630 non
811 2566 932 2648 accipit
958 2567 1002 2630 ab
1036 2587 1098 2640 eo;
1133 2565 1276 2647 Spiritus
1306 2576 1419 2630 autem

272 2669 415 2735 Sanctus
433 2692 451 2734 e
467 2691 623 2736 converso
639 2671 758 2754 accipit
778 2671 822 2736 ab
837 2692 877 2735 eo
893 2683 928 2735 et
943 2692 1009 2736 non
1025 2672 1083 2735 dat
1098 2672 1138 2737 ei.
1184 2670 1321 2736 Etcum
1339 2692 1419 2754 geo-

273 2776 409 2839 metrica
431 2777 591 2841 medietas
613 2778 663 2853 sit,
686 2778 821 2859 quando
844 2788 894 2841 est
917 2777 1032 2839 eadem
1057 2778 1229 2859 proportio
1253 2777 1350 2857 primi
1377 2777 1421 2839 ad

270 2882 462 2957 secundum,
488 2890 523 2945 et
552 2882 685 2946 secundi
712 2883 755 2946 ad
782 2882 926 2962 tertium,
948 2889 985 2945 ut
1015 2882 1099 2944 inter
1121 2882 1185 2961 viii,
1210 2882 1251 2961 iv,
1278 2882 1309 2954 ii,
1335 2881 1421 2945 ratio

269 2983 368 3073 hujus
392 2986 578 3049 medietatis
600 3006 660 3069 per
682 2987 910 3050 omnimodam
936 2985 1171 3067 aequalitatem
1197 2999 1232 3049 et
1258 2987 1420 3049 unitatem

270 3090 433 3152 essentiae
448 3090 480 3152 in
497 3091 602 3153 tribus
625 3091 774 3172 personis
798 3091 968 3173 reperitur,
985 3100 1018 3153 et
1041 3091 1074 3153 in
1093 3091 1247 3153 omnibus
1262 3090 1420 3155 essentia-

271 3193 368 3270 libus,
387 3204 569 3275 quaesunt
591 3195 753 3278 potentia,
769 3194 940 3276 sapientia,
956 3194 1096 3257 bonitas.
1142 3195 1230 3257 Nam
1255 3194 1419 3257 credimus

270 3307 305 3360 et
328 3297 464 3360 tirmiter
485 3307 636 3362 tenemus
655 3300 746 3381 quod
767 3297 875 3380 qualis
893 3307 945 3361 est
968 3297 1065 3362 Pater
1087 3298 1164 3361 talis
1186 3307 1236 3361 est
1256 3297 1369 3373 Filius,
1386 3306 1420 3359 et

270 3402 346 3464 talis
367 3400 509 3483 Spiritus
526 3401 677 3465 Sanctus.
725 3401 931 3465 Harmonica
950 3420 1007 3463 seu
1024 3402 1149 3466 musica
1165 3402 1326 3466 medietas
1341 3420 1421 3465 con·

269 3505 353 3568 sistit
370 3506 402 3567 in
418 3506 590 3569 identitate
602 3504 824 3590 proportionis
840 3505 937 3587 primi
952 3506 996 3568 ad
1013 3505 1158 3583 tertium,
1167 3515 1202 3569 et
1214 3504 1418 3569 differentiae

268 3609 367 3691 primi
393 3620 427 3674 et
448 3610 583 3674 secundi
606 3610 648 3673 ad
671 3608 893 3673 differentiam
918 3610 1054 3673 secundi
1076 3619 1110 3672 et
1134 3610 1231 3685 tertii,
1252 3620 1290 3674 ut
1311 3610 1353 3687 vi,
1376 3610 1417 3686 iv,

269 3713 312 3775 iii.
359 3714 448 3777 Nam
479 3714 582 3797 dupla
611 3714 784 3798 proportio
809 3724 861 3779 est
890 3714 976 3778 inter
1006 3715 1150 3798 primum
1181 3724 1216 3778 et
1242 3712 1419 3791 ultimum3

269 3818 420 3883 similiter
442 3820 528 3882 inter
547 3819 719 3896 binarium,
738 3819 795 3902 qui
818 3830 869 3881 est
892 3817 1079 3883 differentia
1102 3819 1199 3901 primi
1222 3829 1257 3884 et
1276 3820 1421 3897 secundi,

269 3931 304 3985 et
343 3922 516 3997 unitatem,
542 3943 629 4005 quae
665 3932 716 3987 est
753 3923 939 3987 differentia
978 3924 1115 3987 secundi
1152 3933 1187 3987 et
1229 3925 1326 3988 tertii.
1372 3923 1420 3987 Et

268 4026 315 4089 sic
345 4046 403 4109 per
432 4027 680 4091 similitudinem
713 4027 747 4090 in
779 4029 929 4109 personis
963 4027 1083 4091 divinis
1113 4028 1282 4110 reperitur.
1328 4027 1418 4090 Nam

269 4149 355 4211 quae
383 4140 435 4194 est
461 4132 632 4214 proportio
659 4130 767 4195 Patris
796 4132 839 4195 ad
871 4131 1033 4213 Spiritum
1064 4129 1223 4196 Sanctum
1254 4142 1418 4214 quantum

269 4234 472 4316 aequalitas;
501 4236 548 4299 sic
571 4243 621 4298 est
643 4235 729 4299 inter
751 4234 973 4300 differentiam
995 4236 1102 4299 Patris
1122 4245 1157 4299 et
1180 4234 1264 4314 Filii,
1279 4246 1313 4300 et
1334 4236 1420 4299 inter

268 4337 486 4403 differentiam
511 4338 585 4402 Pilii
609 4349 643 4402 et
668 4338 813 4422 Spiritus
838 4338 963 4403 Sancti.
1009 4339 1098 4402 Nam
1120 4342 1206 4403 inter
1227 4339 1359 4403 Patrem
1383 4347 1418 4400 et

270 4440 392 4505 Filium
415 4452 465 4505 est
487 4441 681 4520 differentia,
704 4445 795 4525 quod
817 4444 917 4506 Pater
937 4445 997 4507 dat
1020 4451 1053 4507 et
1078 4464 1145 4506 non
1166 4442 1295 4524 accipit,
1315 4440 1420 4504 Filius

267 4546 433 4629 accipitet
450 4566 515 4609 non
528 4546 607 4624 dat;
631 4557 665 4611 et
677 4547 758 4611 haec
775 4548 892 4611 eadem
908 4558 959 4611 est
971 4548 1058 4611 inter
1070 4547 1192 4610 Filium
1204 4554 1239 4610 et
1255 4544 1418 4627 Spiritum

270 4647 442 4726 Sanctum,
473 4660 511 4713 ut
544 4658 645 4733 patet
701 4648 756 4715 Sic
795 4651 896 4733 igitur
931 4649 1075 4715 breviter
1108 4651 1317 4733 assignantur
1355 4647 1419 4712 hae
