3575 5375
415 642 768 702 MATHEMAYICAE
791 644 843 703 IN
864 644 1067 704 PHYSICIS
1095 644 1302 704 UYILITAS.
1375 659 1433 719 107

282 801 443 869 falsitates
457 816 658 871 evacuentur
672 827 731 889 per
746 806 890 888 aliquam
908 807 1080 872 scientiam
1092 806 1188 870 nobis
1202 817 1338 882 certam,
1349 816 1383 871 et
1398 808 1432 870 in

281 926 349 988 qua
364 928 424 972 nec
448 909 641 974 dubitamus
662 931 721 974 nec
740 931 896 975 erramus.
942 909 1029 975 Cum
1050 911 1138 974 enim
1157 911 1383 974 conclusiones
1397 922 1432 975 et

283 1011 442 1095 principia
463 1015 596 1098 propria
619 1015 667 1081 eis
689 1017 756 1079 sint
782 1027 894 1099 partes
923 1015 1075 1080 totalium
1104 1015 1326 1093 scientiarum,
1347 1016 1433 1080 sicut

282 1134 358 1196 pars
379 1115 538 1181 sehabet
567 1118 610 1182 ad
640 1129 782 1201 partem,
805 1128 841 1184 ut
871 1119 1039 1186 conclusio
1069 1119 1111 1182 ad
1145 1120 1354 1201 praemissas,
1385 1120 1432 1184 sic

282 1220 417 1284 scientia
446 1221 488 1284 ad
520 1223 703 1300 scientiam,
734 1234 770 1287 ut
795 1225 921 1290 scilicet
950 1223 1095 1302 scientia,
1125 1243 1211 1306 quae
1247 1233 1299 1286 est
1334 1223 1434 1308 plena

281 1322 545 1389 dubitationibus
567 1337 602 1392 et
624 1327 835 1410 opinionibus
858 1348 1007 1411 respersa
1034 1338 1138 1410 atque
1167 1328 1432 1399 obscuritatibus,

281 1447 347 1491 non
362 1428 471 1493 valeat
493 1430 676 1508 certificari,
700 1452 761 1496 nec
784 1433 993 1508 manifestari,
1015 1451 1077 1496 nec
1097 1431 1266 1506 verificari,
1290 1431 1352 1495 nisi
1374 1452 1434 1514 per

282 1530 381 1596 aliam
412 1535 585 1600 scientiam
615 1545 730 1601 notam
761 1545 794 1601 et
817 1535 1029 1609 verificatam‚
1060 1547 1095 1602 et
1125 1535 1222 1600 nobis
1251 1545 1376 1600 certam
1399 1547 1433 1600 et

282 1635 426 1718 planam,
457 1640 544 1704 sicut
566 1649 616 1703 est
642 1640 686 1704 de
708 1640 918 1706 conclusione
940 1660 999 1723 per
1019 1641 1226 1724 praemissas.
1272 1639 1340 1704 Sed
1362 1640 1434 1703 sola

282 1741 529 1823 mathematica,
558 1755 595 1834 ut
625 1745 714 1827 prius
744 1744 893 1810 habitum
925 1756 985 1822 est,
1016 1754 1128 1810 manet
1165 1745 1261 1809 nobis
1284 1753 1374 1808 certa
1399 1755 1434 1809 et

281 1845 448 1912 verificata
478 1850 511 1912 in
542 1847 608 1913 fine
634 1851 840 1914 certitudinis
873 1861 907 1914 et
932 1849 1172 1914 verificationis
1218 1849 1433 1933 Quapropter

281 1971 341 2036 per
356 1951 442 2014 hanc
457 1962 590 2034 oportet
606 1973 722 2018 omnes
740 1953 821 2018 alias
836 1955 990 2018 scientias
1005 1954 1079 2018 sciri
1095 1963 1129 2018 et
1144 1953 1326 2018 certificari.

324 2055 371 2119 Et
386 2058 541 2138 quoniam
554 2056 624 2138 jam
647 2078 705 2139 per
720 2059 957 2141 proprietatem
973 2060 1067 2122 istius
1086 2059 1243 2121 scientiae
1260 2067 1428 2121 ostensum
1444 2060 1590 2136 considera-

281 2168 341 2236 est,
353 2161 442 2242 quod
460 2161 694 2227 mathematica
710 2171 759 2226 est
775 2163 864 2248 prior
879 2163 960 2235 aliis,
973 2173 1007 2227 et
1022 2163 1069 2226 eis
1084 2160 1173 2225 utilis
1188 2172 1222 2226 et
1237 2162 1430 2240 necessaria,
1442 2126 1587 2254 gffigrrhe

281 2283 368 2326 nunc
383 2266 568 2329 ostenditur
583 2265 646 2329 hoc
661 2285 721 2348 per
738 2266 882 2330 rationes
900 2277 1052 2348 sumptas
1066 2287 1087 2330 a
1101 2275 1196 2347 parte
1211 2266 1261 2329 sui
1279 2265 1431 2347 subjecti.
1444 2266 1535 2371 mstffif
1545 2258 1575 2306 ⁰s

281 2365 328 2430 Et
342 2369 450 2448 primo
468 2370 525 2447 sic,
539 2370 616 2452 quia
639 2370 734 2434 nobis
754 2380 804 2434 est
825 2371 877 2433 via
896 2380 976 2434 nata
995 2391 1016 2433 a
1035 2390 1133 2434 sensu
1155 2370 1199 2434 ad
1219 2369 1431 2446 intellectum,
1444 2339 1540 2438 'iisd

281 2473 437 2553 quoniam
463 2472 637 2538 deficiente
661 2495 757 2538 sensu
781 2473 892 2538 deficit
916 2474 1054 2538 scientia
1073 2484 1229 2557 quaeest
1251 2454 1593 2570 secundumffiffiem

280 2575 373 2640 illum
381 2578 543 2655 sensum¹,
553 2589 590 2643 ut
603 2579 835 2661 diciturprimo
843 2579 1075 2653 Posteriorum‚
1084 2578 1241 2662 quoniam
1249 2579 1431 2642 secundum
1444 2585 1598 2646 conclusion,

279 2680 370 2764 quod
385 2681 518 2763 proficit
532 2705 657 2761 sensus,
672 2682 802 2769 proficit
817 2684 983 2748 humanus
999 2683 1196 2749 intellectus.
1241 2681 1310 2748 Sed
1326 2703 1431 2765 quan·

279 2786 358 2850 titas
372 2796 423 2850 est
439 2789 585 2852 maxime
600 2788 771 2866 sensibilis,
787 2790 864 2871 quia
887 2799 938 2853 est
955 2788 1110 2853 sensibile
1133 2808 1316 2861 commune,
1334 2797 1368 2853 et
1388 2787 1431 2851 ab

279 2889 352 2954 aliis
377 2892 526 2955 sensibus
547 2894 697 2971 sentitur,
723 2904 758 2958 et
780 2894 859 2957 nihil
882 2904 995 2976 potest
1016 2894 1129 2958 sentiri
1152 2894 1223 2956 sine
1244 2894 1431 2975 quantitate

279 3006 483 3079 quapropter
497 2999 646 3062 maxime
665 3007 777 3082 potest
798 2999 984 3065 intellectus
1009 2996 1169 3082 proficere
1192 2999 1276 3063 circa
1299 2998 1430 3080 quanti·
1471 3038 1476 3045 -

280 3108 393 3164 tatem.
451 3099 618 3179 Secundo,
641 3103 718 3186 quia
745 3104 814 3185 ipse
836 3114 931 3169 actus
958 3101 1164 3187 intelligendi
1190 3103 1371 3165 secundum
1395 3120 1431 3164 se

280 3204 389 3287 ipsum
423 3225 488 3269 non
520 3205 688 3290 perficitur
716 3207 787 3271 sine
820 3210 1007 3290 quantitate
1036 3208 1205 3282 continua,
1236 3206 1316 3286 quia
1350 3205 1431 3269 dicit

279 3308 481 3391 Aristoteles
492 3311 526 3374 in
538 3310 622 3375 libro
637 3312 679 3374 de
691 3308 873 3375 Memoria²
887 3322 923 3375 et
939 3311 1199 3374 Reminiscentia
1213 3308 1305 3392 quod
1321 3309 1431 3372 omnis

280 3412 466 3478 intellectus
481 3424 592 3478 noster
607 3424 658 3479 est
678 3435 753 3479 cum
769 3415 927 3479 continuo
943 3424 978 3478 et
993 3424 1154 3497 tempore.
1189 3412 1289 3477 Unde
1304 3422 1430 3494 quanta

278 3526 312 3581 et
327 3537 467 3601 corpora
483 3518 698 3603 intelligimus
714 3519 834 3583 intuitu
852 3518 1050 3595 intellectus,
1065 3518 1144 3601 quia
1163 3516 1291 3600 species
1313 3535 1428 3579 eorum

278 3623 368 3705 apud
390 3622 594 3687 intellectum
610 3634 696 3688 sunt.
744 3623 1015 3707 incorporeorum
1031 3632 1143 3687 autem
1159 3620 1285 3703 species
1301 3640 1366 3684 non
1381 3620 1430 3684 sic

279 3726 479 3808 recipiuntur
509 3727 677 3792 intellectu
704 3738 837 3804 nostr03
869 3737 928 3792 aut
951 3728 979 3791 si
1007 3725 1087 3791 fiant
1111 3728 1145 3790 in
1171 3747 1222 3800 eo,
1248 3725 1429 3789 secundum

278 3831 370 3913 quod
387 3830 561 3895 Avicenna
582 3832 663 3896 dicit
685 3834 785 3897 tertio
804 3832 1124 3915 Metaphysicorum,
1144 3851 1209 3894 non
1230 3841 1343 3895 tamen
1366 3829 1430 3895 hoc

278 3936 478 4018 percipimus
497 3945 633 4019 propter
655 3938 909 4021 occupationem
928 3937 1096 4001 fortiorem
1116 3934 1303 3999 intellectus
1326 3936 1429 3998 nostri
1510 3970 1514 3974 -

277 4038 365 4104 circa
387 4060 525 4122 corpora
547 4050 580 4103 et
603 4052 737 4123 quanta.
784 4041 830 4104 Et
851 4042 928 4105 ideo
949 4041 1111 4123 perviam
1136 4039 1429 4124 argumentationis

278 4153 313 4208 et
349 4144 579 4208 admirationis
618 4145 837 4229 corporalium
875 4156 910 4208 et
947 4154 1150 4227 quantorum
1192 4144 1430 4227 investigamus

280 4268 389 4311 rerum
411 4248 666 4331 incorporalium
688 4250 852 4326 notitiam,
867 4250 952 4313 sicut
974 4247 1174 4313 Aristoteles
1194 4246 1272 4312 facit
1295 4248 1329 4310 in
1345 4247 1429 4310 libro

310 4452 318 4482 ¹
336 4452 443 4515 θωμὸν
455 4451 480 4502 bl
493 4452 532 4501 nul
544 4450 581 4501 bn
595 4452 618 4500 et
627 4470 662 4502 τις
672 4451 781 4517 αἴσθησις
793 4452 938 4503 inlitum
947 4452 1043 4519 ἀνάγκη
1054 4452 1095 4502 ml
1107 4451 1242 4514 ἑπιστήμην
1253 4449 1309 4499 τινὰ
1319 4450 1430 4500 iustoc-

276 4529 352 4583 πίνω.
388 4532 413 4580 A
417 4532 491 4595 natyr.
504 4532 573 4579 Post.
584 4532 600 4581 i.
616 4534 652 4582 18.

308 4610 319 4639 ¹
336 4611 390 4660 Οὐκ
401 4610 527 4671 ὶνδόχιτω
538 4610 604 4658 νοεῖν
620 4610 691 4659 οὐδὲν
704 4608 761 4660 ἄνευ
776 4610 821 4660 τοῦ
836 4612 962 4672 συνεχοῦς,
977 4610 1029 4660 ott'
1041 4610 1099 4659 dnn
1115 4608 1205 4674 χρόνον
1216 4606 1248 4656 τὰ
1259 4606 1292 4669 μὴ
1308 4606 1335 4657 ir
1349 4606 1429 4671 χρόνῳ

275 4687 345 4741 ὄντα.
378 4689 418 4739 De
428 4688 560 4751 Menona,
571 4704 627 4752 cap.
640 4706 661 4739 1.
