3575 5375
724 599 1008 658 Asraorocrr.
1378 617 1439 679 397

287 760 329 824 de
345 762 463 844 quibus
479 764 596 848 loquor
612 786 677 830 non
693 764 800 829 solum
816 764 977 845 recipiunt
992 763 1146 828 virtutem
1164 785 1184 828 a
1199 762 1301 839 coelo,
1319 766 1378 827 sed
1393 766 1437 828 ab

287 867 396 930 anima
426 870 582 947 rationali,
604 892 690 954 quae
719 880 769 935 est
799 869 948 946 nobilior,
978 877 1012 932 et
1042 879 1177 950 propter
1206 869 1269 933 hoc
1298 881 1437 951 possunt

286 967 409 1035 habere
425 993 580 1056 magnam
595 975 748 1039 virtutem
764 973 927 1037 alterandi
944 994 995 1036 res
1011 973 1126 1035 mundi
1140 972 1248 1055 hujus.

333 1076 378 1140 Et
394 1080 420 1141 si
436 1081 571 1156 dicatur,
586 1081 676 1162 quod
692 1081 776 1144 sicut
791 1078 983 1160 hujusmodi
993 1098 1094 1160 opera
1110 1077 1270 1160 recipiunt
1281 1079 1437 1143 virtutem
1451 1088 1590 1154 objection.

288 1181 380 1260 coeli,
396 1184 441 1246 sic
456 1184 520 1248 alia
536 1187 649 1249 omnia
664 1206 749 1267 quae
764 1195 841 1247 sunt
857 1184 888 1246 iu
905 1183 1021 1247 eadem
1035 1182 1177 1264 regione,
1188 1192 1222 1246 et
1237 1183 1270 1246 in
1285 1194 1438 1265 tempore

288 1289 537 1369 compositionis
555 1289 745 1372 hujusmodi
759 1288 937 1352 verborum
957 1296 991 1350 et
1009 1307 1170 1368 operum3
1193 1298 1227 1351 et
1242 1287 1287 1350 ita
1303 1286 1438 1350 omnial

290 1390 412 1454 debent
436 1392 559 1457 habere
579 1393 641 1457 has
660 1393 807 1469 virtutes,
830 1401 863 1456 et
885 1390 1047 1468 homineS,
1063 1400 1097 1454 et
1118 1392 1229 1465 boves,
1244 1401 1277 1454 et
1302 1392 1388 1472 equi,
1404 1403 1438 1456 et

288 1495 427 1574 arbores,
445 1518 520 1560 narn
538 1499 621 1562 radii
637 1497 788 1562 coelestis
804 1494 1063 1560 constellationis
1078 1496 1245 1578 attingunt
1261 1495 1389 1560 infinita
1405 1498 1437 1560 in

289 1601 407 1664 eodem
423 1610 593 1686 tempore3
615 1603 803 1676 dicendum,
815 1603 904 1683 quod
918 1620 984 1662 non
993 1599 1082 1662 valet
1094 1599 1271 1680 objectum,
1283 1601 1438 1682 quianon
1452 1615 1542 1680 Reply.

288 1714 365 1767 sunt
379 1727 431 1770 res
446 1707 478 1770 in
492 1708 611 1771 eodem
627 1706 806 1771 horizonte.
852 1705 942 1768 Nam
957 1703 1086 1785 singula
1098 1715 1223 1786 puncta
1238 1713 1347 1768 terrae
1361 1716 1438 1769 sunt

288 1819 402 1874 centra
437 1813 639 1875 diversorum
677 1811 896 1887 horizontum‚
924 1810 966 1872 ad
1005 1827 1091 1891 quae
1126 1810 1199 1872 coni
1236 1810 1437 1874 diversarum

289 1915 499 1993 pyramidum
516 1917 672 1980 virtutum
690 1915 880 1979 coelestium
896 1915 1042 1990 veniunt,
1057 1922 1095 1977 ut
1110 1914 1239 1994 possint
1256 1914 1438 1996 producere

287 2015 406 2081 herbas
443 2021 642 2083 diversarum
680 2020 862 2102 specierum
905 2018 937 2082 in
974 2017 1091 2080 eadem
1135 2017 1295 2097 particula
1331 2028 1437 2082 terrae

289 2123 433 2201 minima,
456 2134 490 2188 et
512 2122 671 2205 gemellos
694 2125 727 2186 in
752 2123 869 2187 eadem
893 2122 1030 2187 matrice
1051 2120 1268 2185 diversificare
1291 2122 1323 2183 in
1347 2142 1437 2185 corn-

288 2224 446 2305 plexione
469 2237 503 2290 et
524 2229 678 2305 moribus,
697 2237 730 2291 et
751 2229 784 2290 iu
812 2247 872 2290 usu
894 2225 1113 2297 scientiarum,
1133 2234 1167 2288 et
1189 2224 1384 2308 linguarum,
1404 2236 1438 2290 et

289 2333 511 2414 negotiorum,
540 2343 574 2397 et
603 2333 741 2397 caeteris
772 2332 947 2408 omnibus;
969 2342 1041 2394 tum
1071 2330 1147 2412 quia
1178 2349 1229 2392 res
1257 2329 1342 2393 aliae
1369 2332 1437 2407 jam

290 2435 398 2502 sactae
413 2439 503 2521 prius
518 2448 595 2503 ante
610 2437 883 2521 compositionem
904 2435 1067 2518 imaginis,
1084 2433 1161 2498 licet
1177 2433 1265 2499 sint²
1279 2455 1354 2498 curn
1371 2436 1437 2513 illa,

288 2552 398 2606 tamen
436 2543 480 2607 ab
518 2543 643 2625 origine
680 2563 739 2606 sua
782 2551 976 2623 receperunt
1022 2539 1224 2603 influentiam
1269 2540 1436 2623 propriam

289 2646 464 2711 radicalem
479 2649 660 2713 secundum
680 2667 780 2731 quam
802 2655 990 2728 operantur,
1005 2655 1039 2710 et
1060 2646 1135 2709 ideo
1157 2644 1260 2708 virtus
1285 2644 1367 2708 coeli
1393 2645 1436 2707 ad

289 2751 373 2815 hanc
389 2753 513 2831 horam,
529 2755 571 2817 de
591 2774 657 2835 qua
675 2752 848 2835 loquimur,
868 2750 1055 2815 nonhabet
1078 2750 1232 2814 effectum
1252 2749 1436 2813 naturalem

289 2856 320 2919 in
337 2859 435 2921 rebus
450 2858 641 2940 hujusmodi
657 2858 748 2941 prius
763 2858 868 2933 sactis,
882 2856 967 2920 sicut
983 2856 1084 2919 habet
1100 2856 1133 2918 in
1149 2855 1219 2918 istis
1234 2855 1387 2935 operibus
1403 2863 1437 2917 et

289 2961 397 3025 verbis
416 2984 501 3028 nunc
517 2964 559 3026 de
578 2984 666 3027 novo
688 2962 801 3040 iactis3
824 2972 897 3024 tum
912 2962 990 3042 quia
1007 2960 1050 3024 ab
1065 2961 1175 3023 anima
1194 2959 1347 3023 rationali
1368 2980 1434 3021 non

289 3078 366 3130 sunt
382 3066 480 3143 facta,
495 3078 554 3131 aut
575 3088 640 3130 non
657 3078 757 3142 tunc;
779 3076 837 3130 aut
851 3067 878 3129 si
896 3076 984 3141 tuuc,
1000 3064 1105 3128 muita
1121 3062 1229 3127 fiunt³
1243 3066 1286 3128 ab
1302 3062 1436 3126 homine

288 3171 361 3248 alia,
376 3193 441 3235 non
464 3183 576 3236 tamen
601 3192 640 3235 ea
663 3171 854 3249 intentione,
873 3190 934 3233 nec
955 3169 1126 3245 desiderio,
1144 3188 1204 3230 nec
1227 3167 1437 3246 confidentia,

287 3296 349 3339 nec
365 3276 559 3339 ordinantur
573 3275 616 3337 ad
636 3274 825 3355 hujusmodi
846 3274 1003 3353 actiones,
1018 3284 1051 3336 et
1072 3273 1148 3336 ideo
1166 3271 1356 3353 hujusmodi
1379 3283 1437 3336 aut

288 3399 353 3442 non
390 3378 561 3443 habebunt
596 3378 751 3442 virtutem
788 3378 959 3449 alterandi,
990 3388 1048 3441 aut
1085 3398 1151 3441 non
1188 3377 1235 3439 ita
1272 3376 1436 3440 notabiles

287 3484 504 3564 operationes.
551 3483 587 3546 Si
604 3484 742 3557 dicatur,
762 3484 853 3565 quod
872 3482 990 3545 saltem
1010 3482 1117 3544 omnis
1136 3501 1188 3543 res
1203 3500 1262 3560 per
1280 3481 1436 3544 virtutem
1450 3498 1549 3549 Second

287 3606 387 3667 quarn
411 3588 527 3669 recipit
550 3588 583 3649 in
606 3608 666 3651 sua
689 3588 815 3668 origine
838 3585 1011 3649 acoelesti
1031 3583 1290 3659 constellatione,
1305 3605 1379 3649 curn
1403 3585 1437 3647 in
1449 3565 1589 3630 obJection.

288 3689 344 3753 illa
360 3701 493 3755 maneat
512 3691 704 3774 complexio
723 3690 874 3756 radicalis
896 3690 995 3771 juxta
1015 3690 1239 3753 fortitudinem
1263 3687 1437 3753 constella-

288 3795 397 3871 tionis,
427 3795 580 3859 alterabit
609 3816 661 3859 res
690 3806 787 3860 extra
816 3816 852 3859 se
881 3806 916 3860 et
946 3794 1133 3859 immutabit
1162 3792 1371 3866 sensibiliter,
1402 3805 1436 3859 et

289 3900 433 3962 maxime
452 3900 484 3962 in
501 3902 650 3964 novitate
664 3920 741 3973 sua;
765 3909 799 3963 et
814 3902 906 3982 quod
922 3919 981 3982 per
994 3919 1183 3981 processum
1199 3900 1365 3981 temporis,
1378 3919 1437 3981 per

287 4005 460 4067 continuas
489 4004 625 4068 virtutes
655 4004 822 4068 coelorum
851 4003 941 4077 alias,
971 4002 1157 4067 remittatur
1186 4012 1219 4067 et
1249 4002 1436 4066 debilitetur

286 4106 387 4171 virtus
404 4108 510 4190 prima
528 4107 685 4191 paulatim
698 4109 806 4171 donec
822 4107 957 4172 deficiat
971 4129 979 4185 ;
1001 4107 1178 4170 dicendum
1194 4115 1255 4183 est,
1266 4107 1356 4188 quod
1372 4106 1435 4171 hoc
1449 4126 1542 4190 Reply.

287 4222 337 4275 est
352 4232 473 4285 verum,
487 4222 520 4275 et
535 4214 716 4277 secundum
728 4215 818 4296 quod
834 4213 981 4275 oriuntur
993 4212 1076 4275 tales
1091 4232 1152 4288 res,
1164 4210 1247 4274 fiunt
1257 4210 1437 4294 aliquando

320 4415 327 4444 ¹
345 4416 369 4476 J.
383 4418 439 4477 bas,
451 4417 538 4465 omnib
553 4418 692 4470 aminalrit:
710 4419 756 4467 but
773 4418 898 4468 amirralr'a
916 4420 938 4469 is
953 4418 1061 4469 omitted
1082 4418 1109 4467 in
1130 4418 1161 4468 0.
1180 4418 1231 4466 aud
1251 4419 1296 4467 the
1316 4433 1393 4467 sense
1413 4420 1435 4469 is

287 4496 419 4556 improved
431 4496 464 4557 by
477 4496 521 4544 the
532 4496 664 4545 omission.

319 4572 328 4601 ¹
345 4573 369 4633 J.
383 4573 439 4623 suit.

319 4654 328 4683 ³
345 4652 371 4712 J.
386 4653 551 4715 bassum'ntr
569 4652 615 4701 but
619 4654 698 4717 fiunt,
713 4654 758 4703 the
767 4654 876 4715 reading
887 4653 918 4703 oi
926 4655 969 4720 0.,
984 4653 1006 4703 is
1017 4654 1149 4715 evidently
1160 4654 1252 4703 better.
