3575 5375
690 637 979 699 GEOGRAPHIA.
1348 650 1408 711 297

259 798 392 864 climata
409 810 496 876 nota,
512 821 598 884 quae
614 799 688 884 plus
702 804 744 866 de
765 813 853 867 terra
875 801 1001 866 habent
1015 821 1115 884 quam
1132 819 1233 863 unum
1250 799 1360 877 clima,
1375 810 1408 863 et

260 923 348 985 pono
377 925 549 969 numerum
589 905 812 970 milliariorum
850 906 1034 970 latitudinis
1072 905 1166 968 istius
1196 905 1293 987 spatii
1324 906 1409 966 inter

260 1008 534 1090 aequinoctialem
557 1021 592 1075 et
614 1009 756 1093 primum
780 1011 887 1088 clima,
911 1021 946 1074 et
967 1019 1050 1092 quot
1076 1007 1227 1072 milliaria
1257 1017 1334 1072 sunt
1364 1008 1409 1072 ab

259 1113 488 1194 aequinoctiali
505 1135 609 1198 usque
631 1116 675 1178 ad
697 1113 797 1178 finem
818 1115 952 1197 septimi
973 1115 1135 1190 climatis;
1158 1113 1277 1176 deinde
1295 1113 1410 1176 divido

260 1217 402 1298 spatium
425 1219 515 1300 quod
539 1229 590 1284 est
613 1219 699 1284 ultra
722 1218 865 1283 climata
913 1219 959 1282 Et
982 1217 1190 1281 Ptolemaeus
1212 1218 1245 1279 in
1265 1217 1410 1281 secundo

260 1319 448 1403 Almagesti
478 1323 650 1404 distinguit
681 1323 769 1387 istud
800 1323 945 1406 spatium
979 1343 1038 1404 per
1068 1341 1242 1385 excessum
1272 1333 1409 1403 quartae

260 1426 357 1489 unius
372 1423 472 1490 horae
487 1427 654 1508 adjectum
676 1448 775 1510 super
792 1426 1033 1508 longitudinem
1054 1425 1119 1488 diei
1142 1427 1174 1488 in
1197 1425 1409 1508 praecedenti

260 1530 394 1613 regione
410 1551 583 1614 usquequo
604 1532 717 1596 veniat
732 1534 775 1596 ad
800 1532 1013 1596 latitudinem
1037 1531 1179 1613 regionis
1193 1548 1279 1611 quae
1294 1539 1345 1593 est
1361 1528 1410 1591 lxi

259 1633 391 1714 gradus.
437 1634 482 1698 Et
512 1647 629 1717 postea
660 1657 718 1720 per
749 1637 962 1699 medietatem
995 1636 1088 1698 unius
1118 1633 1218 1696 horae
1240 1653 1344 1715 usque
1366 1634 1410 1696 ad

261 1737 470 1802 latitudinem
492 1739 562 1802 lxiv
584 1742 769 1822 graduum;
793 1751 825 1804 et
846 1740 890 1803 ab
906 1739 964 1802 illo
991 1739 1065 1803 loco
1085 1738 1203 1801 dividit
1221 1739 1328 1820 spatia
1352 1757 1410 1820 per

260 1862 360 1905 unam
392 1840 509 1906 horam
537 1864 641 1925 usque
670 1845 713 1908 ad
739 1845 948 1908 latitudinem
976 1843 1044 1906 lxvi
1069 1843 1254 1924 graduum;
1278 1841 1334 1904 ubi
1360 1850 1412 1905 est

261 1964 332 2009 nox
354 1947 511 2012 continua
533 1948 567 2010 in
588 1948 731 2013 solstitio
753 1949 908 2030 hyemali,
932 1948 994 2010 nisi
1017 1947 1109 2030 quod
1142 1947 1302 2010 medietas
1331 1946 1411 2009 solis

261 2048 363 2114 fertur
384 2051 496 2115 subito
518 2053 580 2115 sub
603 2051 774 2116 horizonte
796 2063 830 2117 et
853 2062 904 2115 est
927 2053 998 2115 dies
1020 2051 1193 2115 continuus
1212 2051 1246 2113 in
1268 2049 1412 2113 solstitio

261 2155 418 2232 aestivali,
436 2164 471 2219 et
491 2155 554 2220 hoc
574 2165 624 2221 est
640 2156 727 2220 ultra
749 2156 898 2222 Scotiam
919 2155 1028 2238 longe.
1074 2155 1120 2217 Et
1140 2154 1261 2217 deinde
1280 2172 1412 2237 semper

261 2271 398 2340 apparet
413 2259 462 2323 sol
480 2261 512 2322 in
529 2261 682 2343 aquilone
697 2280 810 2324 versus
826 2260 950 2342 polum.

306 2360 373 2425 Sed
394 2372 472 2426 tunc
490 2363 626 2428 ulterius
647 2365 805 2428 dividitur
825 2365 972 2447 spatium
991 2360 1182 2426 notabiliter
1200 2381 1259 2442 per
1278 2361 1410 2443 quanti·
1422 2367 1499 2443 Polpr

262 2477 366 2532 tatem
391 2468 457 2531 diei
477 2469 572 2532 unius
593 2470 722 2545 mensis,
741 2469 794 2532 vel
817 2470 968 2544 duorum,
984 2467 1037 2533 vel
1056 2469 1167 2546 trium,
1187 2468 1240 2532 vel
1256 2478 1409 2551 quatuor,
1422 2449 1529 2498 ΨΜ

260 2571 313 2635 vel
342 2571 497 2654 quinque,
536 2572 588 2637 vel
618 2594 689 2638 sex.
735 2573 825 2637 Nam
856 2573 1047 2637 habitantes
1077 2572 1141 2636 sub
1174 2573 1252 2655 polo
1288 2571 1412 2638 habent

264 2677 438 2742 dimidium
450 2698 572 2742 annum
585 2677 683 2753 diem,
695 2677 759 2743 hoc
775 2688 835 2755 est,
850 2677 956 2743 solem
972 2700 1072 2761 supra
1086 2677 1262 2743 horizonta
1277 2700 1336 2761 per
1350 2700 1412 2744 sex

264 2792 395 2846 menses
410 2793 443 2845 et
459 2782 525 2846 sub
531 2782 701 2847 horizonte
713 2804 772 2865 per
786 2783 870 2847 alios
884 2803 945 2847 sex
957 2808 966 2859 3
988 2783 1046 2846 sed
1059 2793 1171 2847 tamen
1182 2782 1412 2864 crepusculum

261 2887 486 2971 vespertinum
517 2888 615 2952 durat
645 2907 704 2970 per
733 2896 862 2969 septem
896 2888 1099 2969 septimanas
1124 2896 1159 2951 et
1181 2907 1282 2950 unum
1313 2888 1413 2962 diem,
1502 2892 1509 2903 “

261 2991 396 3071 scilicet,
415 3016 435 3057 a
453 3002 551 3057 sexto
571 2993 703 3058 decimo
727 2994 782 3057 die
803 2992 1010 3077 Septembris
1031 2990 1195 3069 inclusive,
1218 2994 1251 3056 in
1271 3012 1340 3074 quo
1362 2993 1413 3057 sol

263 3098 447 3180 ingreditur
467 3118 553 3160 nunc
580 3098 741 3181 temporis
764 3098 896 3180 signum
921 3096 1042 3160 Librae
1071 3116 1175 3179 usque
1204 3098 1247 3160 ad
1278 3107 1413 3161 sextum

262 3202 351 3266 diem
368 3202 568 3265 Novembris
583 3200 760 3265 exclusive.
796 3200 840 3264 Et
853 3200 886 3262 in
898 3208 994 3262 tanto
1005 3200 1115 3281 spatio
1130 3208 1181 3262 est
1191 3200 1323 3264 claritas
1333 3201 1412 3263 solis

263 3326 362 3388 super
377 3315 507 3375 terram,
523 3305 607 3369 sicut
623 3305 712 3387 apud
738 3324 797 3366 nos
816 3304 850 3366 in
870 3314 999 3367 aestate
1019 3303 1140 3367 accidit
1160 3312 1237 3386 post
1256 3324 1411 3368 occasum

262 3409 341 3472 solis
354 3432 361 3467 :
382 3410 459 3490 quia
472 3410 504 3471 in
517 3408 573 3471 illo
583 3408 636 3470 die
648 3420 746 3471 sexto
759 3417 808 3471 est
818 3407 1000 3472 declinatio
1011 3407 1091 3470 solis
1102 3407 1164 3469 sub
1177 3407 1347 3472 horizonte
1354 3430 1414 3492 per

264 3514 450 3577 octodecim
467 3512 590 3594 gradus
605 3522 638 3575 et
654 3532 716 3574 sex
732 3512 882 3589 minuta;
905 3521 939 3575 et
950 3511 1179 3593 crepusculum
1195 3512 1413 3595 duratusque

263 3620 306 3682 ad
323 3618 422 3682 finem
438 3617 623 3682 octodecim
638 3618 801 3700 graduum
818 3626 852 3681 et
873 3637 939 3680 non
961 3615 1045 3700 plus.
1091 3614 1137 3679 Et
1157 3614 1201 3679 ab
1223 3617 1342 3680 eodem
1360 3619 1414 3681 die

265 3734 365 3788 sexto
380 3722 579 3787 Novembris
590 3722 747 3787 inclusive
757 3741 860 3805 usque
871 3722 914 3785 ad
934 3738 969 3785 21
990 3722 1079 3783 diem
1095 3720 1242 3803 Januarii
1257 3721 1414 3787 inclusive

265 3838 315 3892 est
336 3848 405 3891 nox
425 3827 567 3891 obscura
591 3847 649 3909 per
671 3828 787 3891 decem
807 3828 1009 3910 septimanas
1029 3838 1063 3890 et
1083 3846 1142 3910 per
1165 3828 1311 3909 quinque
1331 3828 1413 3893 dies

267 3933 356 3995 Nam
371 3933 404 3994 in
416 3932 472 3995 illo
489 3948 527 3996 21
547 3932 602 3995 die
617 3942 672 3997 est
683 3932 733 3997 sol
748 3932 810 3995 sub
825 3930 998 3996 horizonte
1013 3930 1199 3995 octodecim
1211 3933 1369 4015 gradibus
1381 3942 1415 3996 et

267 4058 327 4101 sex
348 4036 502 4115 minutis;
525 4046 558 4099 et
580 4037 655 4101 ideo
677 4057 743 4100 non
760 4047 870 4119 potest
892 4036 1037 4118 incipere
1059 4035 1287 4117 crepusculum
1305 4048 1415 4101 matu-

267 4140 375 4204 tinum
385 4141 417 4203 in
427 4140 493 4219 illo,
505 4142 564 4204 sed
576 4150 707 4223 oportet
719 4142 810 4223 quod
820 4140 868 4203 sol
879 4142 970 4223 prius
981 4150 1129 4204 transeat
1138 4139 1194 4202 illa
1202 4160 1263 4204 sex
1276 4142 1414 4205 minuta.

266 4244 335 4309 Sed
351 4243 395 4308 ab
411 4243 468 4307 illo
482 4245 545 4323 die,
561 4244 688 4309 scilicet
707 4262 744 4309 21
763 4244 912 4326 Januarii
927 4244 1095 4307 exclusive
1110 4242 1225 4325 incipit
1239 4264 1366 4321 aurora,
1382 4255 1416 4308 et

264 4348 362 4413 durat
374 4368 477 4431 usque
492 4349 535 4412 ad
552 4349 733 4431 ingressum
746 4348 824 4412 solis
841 4348 874 4410 in
889 4348 1019 4431 signum
1031 4347 1168 4424 Arietis,
1180 4358 1215 4411 et
1229 4346 1294 4410 hoc
1306 4357 1358 4412 est
1375 4367 1415 4432 13

265 4454 320 4517 die
337 4453 450 4516 Martii
471 4472 558 4515 nunc
580 4452 751 4536 temporis,
766 4453 854 4516 unde
872 4454 971 4516 durat
990 4473 1050 4535 per
1065 4463 1194 4534 septem
1213 4452 1415 4534 septimanas

265 4568 300 4623 et
315 4576 419 4620 unum
443 4558 542 4620 diem.
589 4556 635 4620 Et
659 4576 718 4639 per
740 4558 907 4621 residuum
930 4558 1090 4640 temporis
1112 4558 1192 4620 dum
1212 4555 1261 4619 sol
1280 4557 1372 4621 vadit
1395 4579 1416 4622 a

259 4663 373 4746 ‘primo
389 4661 492 4745 gradu
512 4659 637 4725 Arietis
652 4681 757 4744 usque
775 4662 818 4725 ad
834 4662 978 4745 primum
998 4661 1138 4744 gradum
1162 4659 1283 4725 Librae
1300 4671 1351 4726 est
1365 4661 1416 4725 sol
