3575 5375
380 645 437 722 196
601 648 755 707 OPERIS
781 648 968 718 MAJORIS
993 649 1108 706 PARS
1133 648 1318 722 QUARTA.

376 820 410 873 et
433 810 465 873 in
489 810 608 874 eodem
630 812 685 875 die
704 812 736 874 in
760 831 895 894 vespere
914 811 1045 875 videtur
1065 813 1228 876 novacula
1246 811 1346 875 lunae
1366 830 1480 884 novae,
1496 819 1528 872 et

376 914 556 997 aliquando
572 935 631 998 per
646 915 790 996 spatium
806 917 907 979 trium
923 915 1051 980 dierum
1067 916 1201 989 distant,
1214 927 1252 980 ut
1263 916 1527 998 experimentum

376 1021 474 1083 docet
490 1030 525 1084 et
542 1019 746 1102 Alfraganus
762 1020 919 1084 declarat.
966 1020 1013 1084 Et
1028 1020 1103 1084 ideo
1119 1021 1264 1085 Hebraei
1279 1020 1460 1102 antiquitus
1472 1039 1529 1101 per

376 1125 612 1188 astronomiam
637 1123 900 1189 certificaverunt
922 1125 1155 1207 primationem
1180 1126 1288 1202 lunae,
1308 1133 1341 1187 et
1362 1145 1440 1188 cum
1462 1144 1528 1194 oon

376 1227 483 1293 suerat
501 1228 535 1291 in
550 1230 677 1292 visione
696 1249 804 1292 novae
825 1227 933 1304 lunae,
953 1248 1014 1292 nec
1035 1229 1143 1311 potuit
1162 1250 1221 1313 per
1240 1230 1347 1292 visum
1367 1227 1529 1311 cognosci,

376 1334 598 1397 accenderunt
614 1333 701 1398 faces
717 1334 751 1397 iu
766 1333 951 1415 Jerusalem
968 1334 1001 1397 in
1018 1345 1132 1397 monte
1146 1334 1224 1410 alto,
1236 1343 1273 1398 ut
1288 1334 1426 1396 sciretur
1440 1332 1529 1415 quod

377 1448 455 1502 tunc
477 1438 537 1501 luit
553 1449 684 1521 tempus
709 1438 926 1521 primationis‚
943 1451 1107 1523 quatenus
1124 1439 1277 1502 homines
1297 1446 1409 1502 essent
1423 1437 1528 1519 parati

378 1539 485 1604 lacere
515 1543 744 1607 solemnitates
774 1552 808 1606 et
839 1542 925 1606 lesta
955 1564 1041 1625 quae
1071 1542 1240 1607 habebant
1268 1542 1436 1625 expedire.
1483 1540 1528 1604 Et

377 1667 484 1728 neque
498 1648 725 1711 consideratur
740 1647 864 1710 lunatio
880 1668 983 1730 penes
999 1647 1265 1730 conjunctionem
1281 1647 1360 1710 solis
1380 1657 1415 1710 et
1434 1645 1529 1709 lunae

377 1772 497 1824 veram,
512 1753 669 1834 quoniam
690 1753 753 1816 hoc
774 1763 907 1834 tempus
923 1772 989 1816 non
1006 1763 1056 1817 est
1076 1753 1221 1835 aequale,
1238 1752 1322 1816 sicut
1337 1760 1462 1814 certum
1479 1759 1529 1813 est

377 1858 586 1920 astronomis.
633 1855 699 1921 Sed
732 1857 995 1921 considerabitur
1023 1856 1102 1921 luna
1131 1878 1231 1940 penes
1262 1855 1527 1937 conjunctionem

376 1960 454 2022 solis
469 1969 503 2023 et
516 1960 612 2024 lunae
625 1960 777 2038 mediam,
788 1961 873 2024 sicut
885 1961 966 2025 dicit
975 1960 1190 2044 Alsraganus
1220 1961 1308 2024 Nam
1322 1961 1385 2024 hoc
1397 1969 1529 2039 tempus

376 2075 426 2127 est
449 2065 588 2146 aequale
610 2085 749 2145 semper.
797 2065 868 2128 Nec
890 2075 1003 2128 tamen
1026 2066 1148 2130 dicitur
1165 2067 1271 2149 prima
1295 2065 1373 2127 luna
1395 2063 1427 2126 in
1450 2082 1528 2127 con·

373 2169 553 2250 junctione,
576 2171 634 2233 sed
662 2181 737 2252 post
764 2169 1039 2251 conjunctionem,
1067 2171 1202 2252 quando
1232 2169 1309 2232 luna
1336 2169 1369 2231 in
1396 2178 1528 2233 tantum

376 2284 548 2355 separatur
569 2294 590 2336 a
612 2274 681 2337 sole
701 2282 735 2336 ut
758 2275 799 2338 sit
822 2275 864 2336 de
882 2294 918 2337 se
935 2273 1081 2351 visibilis,
1099 2273 1177 2338 licet
1198 2274 1301 2337 videri
1325 2293 1393 2337 non
1415 2271 1528 2354 possit.

376 2378 471 2442 Tunc
494 2381 583 2442 enim
607 2391 657 2442 est
681 2379 787 2460 prima
809 2379 957 2442 accensio
980 2378 1084 2453 lunae,
1108 2380 1262 2461 quamvis
1283 2399 1349 2442 non
1377 2378 1530 2440 videatur

377 2483 410 2545 in
431 2482 487 2546 illa
508 2483 600 2546 hora.
647 2483 692 2547 Et
711 2483 794 2546 haec
816 2483 991 2547 diversitas
1014 2484 1135 2548 accidit
1158 2494 1295 2566 propter
1316 2483 1528 2545 latitudinem

376 2587 473 2650 lunae
494 2588 657 2651 diversam
679 2588 724 2652 ab
747 2587 827 2651 orbe
850 2589 1026 2668 signorum,
1047 2597 1081 2651 et
1104 2590 1285 2652 secundum
1308 2588 1397 2668 quod
1422 2594 1473 2649 est
1495 2585 1529 2648 in

376 2694 479 2773 signis
502 2694 627 2776 obliqui
650 2694 826 2756 descensus
848 2692 902 2755 vel
926 2694 1015 2767 recti,
1037 2703 1071 2758 et
1094 2697 1275 2758 secundum
1301 2692 1529 2757 diversitatem

376 2799 545 2878 regionum
567 2798 876 2880 septentrionalium
898 2807 933 2861 et
954 2798 1226 2876 meridionalium,
1243 2809 1280 2862 ut
1298 2801 1399 2863 docet
1413 2795 1526 2860 Alfra-

377 2922 481 2985 ganus
494 2904 526 2965 in
542 2902 699 2966 vicesimo
711 2902 827 2985 quinto
843 2903 990 2984 capitulo
1002 2904 1052 2967 sui
1065 2903 1148 2966 libri.
1188 2901 1299 2968 Currit
1310 2914 1422 2968 autem
1435 2912 1528 2965 aetas

377 3004 510 3069 lunaea
531 3008 635 3089 prima
658 3006 690 3069 in
715 3006 832 3089 viginti
854 3026 975 3070 novem
999 3017 1032 3071 et
1055 3027 1171 3092 parum
1195 3007 1280 3091 plus.
1326 3007 1383 3070 Ex
1406 3006 1527 3090 quibus

377 3113 542 3174 aetatibus
564 3122 764 3193 aggregatur
782 3119 915 3193 tempus
934 3110 1112 3175 lunationis
1132 3114 1271 3187 mediae,
1291 3134 1348 3178 seu
1372 3110 1528 3193 aequalis,

377 3236 477 3299 quem
508 3225 631 3280 vocant
657 3216 839 3279 astronomi
872 3214 1103 3279 Hebraeorum
1132 3226 1167 3280 et
1197 3216 1348 3280 Arabum
1379 3235 1527 3279 mensem

376 3320 536 3398 lunarem,
553 3321 629 3384 licet
652 3320 724 3383 aliis
748 3319 861 3383 multis
882 3321 991 3384 modis
1013 3322 1142 3384 dicatur
1161 3321 1283 3384 mensis
1303 3320 1433 3383 lunaris.
1482 3318 1529 3382 Et

376 3426 528 3506 quamvis
547 3425 734 3509 peritissimi
753 3424 934 3487 astronomi
954 3425 987 3488 in
1006 3425 1128 3489 tabulis
1148 3435 1182 3488 et
1202 3426 1383 3490 canonibus
1402 3434 1529 3507 ponant

376 3539 508 3612 tempus
520 3530 666 3612 aequalis
681 3528 859 3592 lunationis
874 3549 947 3592 esse
957 3529 1074 3611 viginti
1087 3550 1207 3592 novem
1219 3530 1290 3593 dies
1302 3538 1336 3593 et
1348 3529 1483 3612 triginta
1494 3538 1530 3591 et

376 3654 478 3696 unum
496 3636 622 3697 minuta
638 3636 733 3697 unius
752 3634 826 3710 diei,
839 3642 872 3696 et
888 3634 1132 3715 quinquaginta
1147 3634 1301 3709 secunda,
1314 3645 1350 3696 ut
1363 3642 1455 3716 patet
1467 3652 1530 3715 per

375 3737 596 3800 Arzachelem
620 3738 652 3800 in
676 3737 799 3802 tabulis
820 3736 1015 3811 Toletanis;
1039 3749 1151 3803 tamen
1178 3737 1324 3801 Hebraei
1347 3738 1532 3801 astronomi

376 3842 662 3905 consideraverunt
689 3841 840 3904 subtilius
871 3853 906 3905 et
937 3842 1065 3907 melius.
1111 3843 1260 3925 Tempus
1286 3844 1373 3906 enim
1401 3842 1533 3905 dictum

375 3945 521 4007 continet
535 3945 651 4026 viginti
668 3965 786 4008 novem
802 3946 883 4017 dies,
901 3956 935 4009 et
950 3947 1126 4011 duodecim
1142 3947 1250 4026 horas,
1260 3957 1293 4010 et
1309 3946 1533 4028 quadraginta

375 4059 519 4131 quatuor
534 4050 659 4111 minuta
676 4051 771 4112 unius
787 4050 896 4124 horae,
912 4051 996 4114 sicut
1013 4072 1097 4134 opus
1118 4050 1342 4132 algoristicum
1359 4050 1532 4129 expediet.

375 4151 442 4217 Sed
466 4153 609 4217 Hebraei
627 4153 780 4217 dividunt
801 4174 902 4218 unam
924 4154 1039 4218 horam
1056 4156 1089 4217 in
1110 4154 1201 4218 mille
1221 4156 1390 4238 octoginta
1409 4163 1533 4237 partes,

375 4267 409 4321 et
424 4256 596 4339 quodlibet
612 4258 777 4320 minutum
797 4256 898 4321 horae
916 4259 1066 4323 continet
1086 4259 1271 4323 octodecim
1292 4268 1403 4341 partes
1418 4257 1532 4333 horae,

374 4372 411 4425 ut
431 4371 523 4443 patet
540 4383 584 4425 cx
604 4363 795 4425 reductione
817 4360 1015 4426 fractionum
1032 4365 1130 4426 unius
1151 4362 1279 4444 generis
1295 4357 1338 4427 ad
1352 4362 1534 4426 fractiones

373 4465 515 4529 alterius.
563 4465 608 4528 Et
623 4466 698 4529 ideo
713 4476 847 4547 tempus
861 4466 1040 4530 lunationis
1054 4464 1225 4549 aequalis1
1240 4468 1329 4550 apud
1344 4466 1533 4540 Hebraeos,
1614 4468 1619 4479 '

407 4611 414 4639 ¹
432 4612 488 4659 The
503 4628 577 4661 mean
593 4613 701 4673 synodic
719 4613 853 4674 periodos
866 4614 911 4662 the
926 4630 1012 4674 moon,
1024 4615 1040 4664 i.
1050 4631 1074 4664 e.
1086 4616 1130 4664 the
1146 4631 1221 4664 mean
1239 4616 1329 4678 period
1347 4615 1376 4664 ol
1389 4616 1424 4663 its
1439 4623 1532 4664 return

374 4695 401 4737 to
414 4690 458 4738 the
470 4691 584 4751 position
596 4690 623 4739 iu
635 4692 723 4741 which
735 4692 755 4739 it
768 4692 789 4741 is
801 4694 828 4741 in
840 4692 884 4740 tbe
896 4708 967 4742 same
979 4694 1106 4743 direction
1117 4694 1182 4743 with
1194 4695 1239 4743 the
1250 4710 1309 4756 sun,
1321 4708 1350 4743 as
1367 4693 1533 4743 determiued
