3575 5375
600 622 863 682 LINGUARUM
887 622 1099 682 COGNITIO.
1388 636 1423 696 71

274 786 506 869 philosophiae
521 786 727 871 principales,
735 808 821 870 quae
836 786 958 849 multas
973 787 1035 850 sub
1050 804 1085 848 se
1101 784 1251 849 continet
1262 783 1425 859 scientias,

273 894 316 956 de
331 892 438 976 prima
454 902 550 975 parte
565 912 631 954 non
648 892 810 955 habemus
830 892 951 966 omnia,
966 892 1008 954 de
1028 889 1102 953 aliis
1116 908 1193 952 vero
1216 888 1311 971 quasi
1333 886 1424 951 nihil.

275 996 321 1060 Et
337 996 455 1060 eodem
477 995 579 1060 modo
599 996 642 1059 de
662 995 900 1079 metaphysica,
915 1015 1001 1077 quae
1020 1003 1097 1057 sunt
1120 1012 1248 1069 novem,
1264 992 1425 1072 cumipse

273 1100 487 1181 compleverit
518 1120 583 1173 eas,
608 1098 691 1162 nihil
713 1099 876 1163 habemus
906 1098 998 1179 quod
1028 1099 1071 1161 de
1097 1096 1326 1179 metaphysica
1359 1095 1426 1159 ulla

273 1204 437 1287 dignitate
454 1204 563 1267 vocari
587 1213 699 1286 potest
722 1213 859 1285 propter
880 1201 1029 1267 defectus
1051 1200 1250 1284 multiplices
1273 1212 1307 1264 et
1330 1220 1426 1281 prae-

273 1309 424 1391 grandes.
471 1308 525 1370 De
547 1307 790 1372 mathematicis
809 1327 897 1380 vero,
913 1327 989 1369 cum
1012 1306 1078 1369 sint
1101 1305 1247 1388 quinque
1268 1304 1427 1367 scientiae

275 1432 424 1495 magnae,
446 1431 513 1474 non
543 1410 704 1475 habemus
734 1411 797 1474 nisi
827 1411 980 1492 primam,
1004 1419 1038 1474 et
1062 1429 1180 1490 parum
1205 1410 1248 1473 de
1273 1409 1426 1473 secunda.

275 1514 389 1579 Etiam
400 1516 444 1579 de
460 1513 586 1598 logica¹
610 1514 722 1578 delicit
737 1514 819 1579 liber
832 1516 949 1579 melior
959 1516 1046 1578 inter
1063 1534 1178 1577 omnes
1188 1512 1283 1591 alioS,
1294 1523 1327 1577 et
1343 1512 1426 1577 alius
1440 1522 1495 1572 The
1511 1588 1517 1600 .

275 1627 351 1702 post
366 1639 442 1683 eum
464 1619 496 1681 in
513 1618 664 1682 bonitate
678 1620 841 1683 secundus
863 1619 950 1682 male
964 1617 1143 1683 translatus
1163 1627 1223 1695 est,
1239 1637 1299 1680 nec
1315 1626 1426 1700 potest
1440 1589 1585 1719 {maiis

275 1724 358 1797 sciri,
374 1744 434 1787 nec
449 1725 558 1787 adhuc
574 1723 609 1787 iu
626 1745 685 1786 usu
701 1723 789 1805 vulgi
811 1734 870 1800 est,
885 1724 963 1806 quia
985 1743 1093 1806 nuper
1107 1722 1199 1787 venit
1217 1723 1260 1786 ad
1276 1722 1425 1796 Latinos,
1440 1720 1528 1797 Lotis
1541 1722 1585 1796 vta

275 1836 308 1891 et
318 1848 393 1890 cum
403 1828 533 1891 deiectu
545 1827 772 1891 translationis
783 1837 817 1892 et
828 1827 990 1910 squalore.
1032 1827 1062 1890 N
1065 1848 1102 1890 ec
1115 1837 1166 1889 est
1178 1826 1298 1889 mirum
1311 1826 1337 1888 si
1351 1827 1426 1890 dico
1440 1787 1574 1901 ffipffic

275 1932 357 1995 istos
376 1931 478 1995 libros
494 1932 620 2015 logicae
636 1931 809 2011 meliores;
831 1953 911 1995 nam
928 1942 1061 2014 oportet
1082 1951 1153 1994 esse
1169 1942 1313 2012 quatuor
1328 1950 1426 2013 argu·
1439 1918 1595 2033 ffifffflffl

275 2047 386 2099 menta
396 2036 560 2111 veridica3
578 2037 647 2100 duo
660 2037 746 2100 enim
758 2047 895 2100 movent
905 2035 1108 2101 intellectum
1118 2034 1358 2117 speculativum
1368 2056 1426 2099 seu
1532 2001 1556 2049 g.

275 2140 445 2216 rationem,
457 2140 584 2204 scilicet
595 2140 805 2204 dialecticum
818 2160 876 2224 per
887 2139 1032 2204 debilem
1044 2139 1196 2203 habitum
1208 2148 1242 2201 et
1255 2138 1427 2215 initialem,

274 2245 332 2325 qui
353 2254 402 2308 est
421 2244 545 2328 opini0,
560 2255 598 2307 ut
620 2245 834 2325 disponamur
853 2244 897 2307 ad
920 2244 1101 2317 scientiam,
1117 2262 1204 2325 quae
1224 2252 1273 2306 est
1293 2242 1428 2306 habitus

274 2348 459 2429 completus
471 2358 505 2411 et
517 2347 634 2427 finalis,
645 2349 676 2411 in
688 2370 755 2431 quo
765 2348 912 2429 quiescet
925 2367 1019 2411 mens
1030 2344 1234 2428 speculando
1244 2346 1427 2409 veritatem.

277 2451 323 2515 Et
334 2452 388 2516 hic
399 2452 532 2515 habitus
545 2472 611 2515 non
628 2452 813 2533 adquiritur
823 2472 882 2533 per
898 2451 1225 2515 demonstrationem.
1265 2447 1333 2513 Sed
1351 2469 1427 2513 cum

273 2555 425 2620 voluntas
445 2577 504 2621 seu
524 2556 710 2620 intellectus
734 2555 897 2637 practicus
923 2556 966 2619 sit
990 2554 1134 2618 nobilior
1157 2573 1257 2635 quam
1278 2552 1427 2635 specula-

274 2662 371 2737 tivus‚
393 2670 427 2726 et
448 2662 552 2725 virtus
574 2680 651 2725 cum
673 2658 831 2724 felicitate
856 2658 992 2724 excellit
1015 2659 1048 2722 in
1067 2656 1232 2723 infinitum
1255 2658 1428 2722 scientiam

273 2767 407 2845 nudam
419 2777 453 2830 et
464 2766 560 2830 nobis
573 2775 623 2829 est
633 2764 739 2846 magis
752 2765 934 2828 necessaria
945 2765 1015 2829 sine
1028 2763 1284 2847 comparatione,
1295 2781 1427 2826 necesse

272 2881 324 2934 est
340 2881 376 2935 ut
391 2871 574 2935 habeamus
587 2879 784 2951 argumenta
803 2869 847 2932 ad
868 2869 1120 2933 exercitandum
1142 2888 1200 2950 per
1221 2865 1426 2930 intellectum

274 2977 465 3060 practicutn,
487 2974 662 3058 praecipue
687 2992 763 3035 cum
788 2973 892 3056 magis
914 2973 1016 3036 simus
1041 2970 1160 3034 infirmi
1190 2971 1223 3034 in
1247 2970 1309 3035 hac
1334 2981 1428 3052 parte

274 3099 374 3162 quam
404 3079 438 3142 in
467 3077 703 3160 speculatione.
757 3076 917 3140 Libenter
947 3077 1036 3139 enim
1067 3087 1239 3157 gustamus
1263 3075 1306 3138 de
1336 3073 1427 3158 ligno

273 3184 430 3249 scientiae
444 3182 522 3246 boni
538 3191 572 3245 et
588 3180 688 3259 mali;
709 3181 769 3244 sed
785 3179 934 3244 difficiles
950 3199 1064 3243 sumus
1079 3181 1121 3242 ad
1138 3179 1265 3262 lignum
1281 3178 1378 3254 vitae,
1390 3188 1427 3243 ut

272 3289 430 3352 virtutem
445 3287 644 3368 dignitatem
659 3285 900 3368 amplectamur
916 3293 1051 3367 propter
1064 3281 1208 3347 suturam
1222 3280 1425 3346 felicitatem.

275 3391 488 3475 Quapropter
517 3400 649 3472 oportet
679 3391 770 3473 quod
801 3389 924 3453 habeat
954 3386 1140 3451 intellectus
1170 3386 1336 3469 practicus
1367 3406 1427 3450 sua

274 3487 438 3577 adjutoria
453 3504 490 3558 ut
502 3495 666 3559 excitetur
677 3513 736 3575 per
747 3493 881 3576 propria
891 3501 1100 3574 argumenta,
1108 3491 1193 3554 sicut
1205 3489 1427 3572 speculativos

274 3621 334 3683 per
350 3621 419 3674 sua,
442 3608 477 3662 et
495 3599 571 3662 ideo
590 3618 724 3662 necesse
747 3596 809 3660 luit
831 3607 869 3661 ut
886 3596 1071 3660 traderetur
1091 3596 1135 3659 de
1153 3594 1204 3657 his
1221 3595 1427 3676 argumentis

274 3705 395 3787 quibus
416 3703 550 3766 moralis
571 3702 783 3785 philosophia
803 3710 838 3765 et
858 3697 1029 3782 theologia
1049 3709 1186 3762 utuntur
1208 3698 1426 3763 abundanter.

274 3809 363 3873 Nam
386 3809 471 3872 sicut
493 3805 714 3890 speculativae
736 3807 893 3871 scientiae
916 3805 1061 3887 gaudent
1084 3803 1286 3888 argumentis
1308 3822 1426 3887 specu-

275 3910 383 3976 lativis
408 3911 574 3996 opinionis
600 3919 634 3974 et
660 3910 817 3974 scientiae
847 3909 967 3986 nudae,
993 3909 1038 3971 sic
1069 3908 1234 3989 practicae
1258 3907 1426 3984 scientiae,

274 4026 313 4080 ut
344 4016 523 4099 theologia,
551 4025 586 4078 et
619 4015 753 4078 moralis
787 4013 1000 4097 philosophia
1034 4013 1186 4095 practica,
1216 4011 1426 4075 considerant

275 4131 478 4205 argumenta,
493 4119 614 4202 quibus
629 4119 672 4181 ad
689 4120 830 4200 praxim,
846 4119 901 4182 ie.
918 4118 960 4182 ad
978 4137 1063 4200 opus
1085 4116 1209 4179 bonum
1231 4115 1427 4191 excitemur,

274 4234 309 4289 et
332 4225 503 4289 flectamur
528 4223 573 4286 ad
596 4243 745 4286 amorem
773 4221 940 4286 felicitatis
967 4231 1135 4285 aeternae.
1191 4219 1238 4283 Et
1267 4218 1319 4282 hic
1349 4227 1427 4282 sunt

274 4330 342 4392 duo
361 4328 454 4392 modi
477 4325 630 4391 flectendi
655 4348 735 4406 nos;
757 4347 841 4390 unus
865 4325 993 4407 estqui
1017 4331 1191 4408 promovet
1214 4323 1359 4386 animam
1382 4323 1425 4386 ad

274 4433 473 4497 credendum
496 4444 530 4495 et
548 4431 822 4495 consentiendum
840 4439 874 4494 et
893 4428 1205 4503 commiserandum,
1221 4437 1254 4490 et
1273 4427 1316 4489 ad
1336 4445 1426 4490 com-

306 4585 315 4613 ¹
331 4585 388 4634 'l'be
406 4582 535 4633 inclusion
547 4582 578 4631 ol
592 4583 717 4632 Rhetoric
733 4585 785 4633 and
799 4583 886 4632 Poetic
900 4582 925 4630 in
940 4581 1019 4642 Logic
1032 4581 1053 4629 is
1065 4579 1180 4628 restated
1192 4579 1218 4626 in
1232 4577 1291 4626 Part
1303 4577 1337 4629 iv.
1350 4578 1390 4628 ch.
1404 4593 1428 4636 a,

273 4665 326 4714 and
336 4665 393 4714 also
405 4665 432 4712 in
444 4662 493 4726 Op.
511 4661 632 4723 Tenum,
643 4676 700 4724 cap.
713 4676 755 4724 75.
