3575 5375
357 655 416 717 172
572 643 727 702 OPERIS
750 645 940 716 MAJORIS
964 647 1078 708 PARS
1102 647 1287 722 QUARTA.

355 803 509 867 diametri
524 804 669 882 alterius,
682 828 782 891 quam
800 809 959 872 remotior
975 811 1211 892 aequidistans
1224 820 1261 875 ut
1278 820 1327 894 tq
1340 809 1508 894 separabit

355 907 516 989 majorem
540 920 670 992 partem
693 912 849 976 diametri
867 913 921 978 dc
935 933 1037 995 quam
1053 937 1071 978 s
1085 939 1113 993 r,
1127 915 1174 978 ita
1197 925 1235 980 ut
1253 936 1330 999 pars
1352 915 1507 980 diametri

843 1018 913 1093 dc,
938 1039 1022 1101 quae
1052 1028 1102 1083 est
1131 1019 1508 1102 interabettqsit

450 1124 725 1242 ,ι
846 1122 952 1204 major
971 1143 1073 1206 quam
1093 1145 1170 1208 pars
1184 1125 1334 1206 ejusdem
1354 1124 1508 1188 diametri

426 1200 442 1242 ⁸
590 1207 768 1367 -r
844 1239 1003 1309 quaeest
1025 1227 1109 1293 inter
1132 1237 1180 1312 tq
1202 1239 1237 1293 et
1258 1229 1508 1306 sr,eteodem

590 1250 791 1381 -ν
845 1333 947 1396 modo
969 1352 1046 1415 pars
1072 1333 1225 1398 diametri
1249 1331 1276 1396 d
1298 1354 1323 1410 c,
1348 1343 1510 1414 quaeest

791 1471 808 1536 b
845 1435 932 1499 inter
956 1435 1015 1500 ab
1039 1446 1073 1501 et
1091 1457 1121 1519 g
1131 1448 1166 1520 p,
1190 1438 1252 1501 erit
1275 1437 1381 1521 major
1406 1457 1509 1520 quam

391 1518 783 1659 -Ε
844 1539 900 1603 illa
923 1561 1010 1624 quae
1033 1553 1085 1606 est
1110 1543 1195 1606 inter
1209 1552 1272 1624 gp
1295 1552 1329 1605 et
1345 1539 1417 1625 fh.
1462 1542 1533 1610 Et>

407 1652 816 1781 --Ρ
844 1644 1026 1708 secundum
1038 1644 1107 1764 hoc
1122 1654 1254 1763 oportet
1268 1647 1361 1728 quod
1374 1653 1510 1763 sumpta

845 1768 911 1812 una
950 1751 1193 1832 aequidistante
1231 1770 1265 1812 m
1302 1749 1509 1814 semicirculo

845 1873 922 1930 uno,
938 1861 972 1916 et
994 1853 1060 1916 alia
1082 1853 1115 1917 in
1136 1853 1213 1932 alio,
1228 1873 1314 1937 quae
1328 1852 1510 1936 aequaliter

844 1957 971 2021 distant
982 1976 1002 2019 a
1013 1957 1177 2022 diametro
1192 1958 1240 2022 eis
1255 1958 1509 2040 aequidistante‚

694 2129 696 2132 ,
844 2059 921 2124 illae
950 2062 1111 2126 secabunt
1142 2073 1251 2144 partes
1280 2061 1436 2145 aequales
1465 2063 1509 2127 dc

357 2168 518 2234 diametro
534 2169 756 2233 descendente
768 2165 802 2228 in
818 2173 970 2230 centrum
987 2165 1102 2230 mundi
1119 2174 1155 2230 ut
1171 2174 1217 2248 tq
1231 2176 1265 2230 et
1273 2188 1302 2250 g
1305 2176 1332 2248 p
1346 2166 1508 2230 secabunt

358 2284 469 2356 partes
480 2272 636 2356 aequales
648 2272 691 2336 de
705 2272 764 2349 dc,
773 2278 807 2334 et
818 2266 971 2333 similiter
983 2291 1030 2332 sr
1043 2267 1112 2350 ets
1120 2268 1153 2348 Ιι,
1163 2269 1248 2334 sicut
1259 2269 1341 2333 dicit
1351 2270 1509 2335 vicesima

357 2386 456 2442 sexta
467 2377 652 2462 propositio
664 2375 706 2440 de
719 2373 890 2456 triangulis
900 2372 1048 2455 Jordani.
1079 2371 1117 2438 Si
1132 2392 1212 2455 ergo
1228 2385 1340 2456 partes
1355 2374 1510 2439 diametri

357 2481 513 2546 cadentes
536 2483 569 2545 in
593 2489 743 2546 centrum
772 2477 887 2542 mundi
914 2478 1040 2543 divisae
1065 2498 1124 2560 per
1149 2478 1410 2561 aequidistantes
1432 2488 1510 2543 sunt

358 2583 557 2669 inaequales,
579 2585 626 2649 ita
649 2593 686 2648 ut
709 2583 784 2648 illae
808 2593 919 2664 partes
943 2582 1096 2648 diametri
1120 2602 1207 2665 quae
1234 2582 1427 2647 dividuntur
1449 2602 1510 2666 per

528 2033 587 2084 Frc.
603 2046 642 2082 20.

358 2691 617 2773 aequidistantes
632 2689 884 2772 propinquiores
904 2688 1070 2753 diametro
1087 2688 1322 2771 aequidistanti
1345 2686 1511 2752 horizonti

357 2794 423 2858 sint
446 2792 609 2876 majores;
631 2803 710 2857 tunc
730 2813 809 2875 ergo
830 2792 1055 2875 intelligamus
1072 2792 1219 2875 regulam
1235 2791 1339 2856 librae
1351 2791 1461 2874 jacere
1476 2792 1510 2855 in

358 2898 523 2962 diametro
539 2897 784 2980 aequidistante
799 2896 971 2974 horizonti,
986 2908 1020 2961 et
1033 2896 1289 2982 appendiculum
1305 2897 1348 2960 sit
1363 2906 1509 2962 erectum

358 3002 391 3066 in
403 3001 568 3067 diametro
579 3003 717 3066 cadente
728 3021 787 3083 per
798 3011 958 3076 centrum,
974 3012 1011 3065 ut
1021 3001 1105 3066 libra
1121 3002 1165 3065 sit
1175 3001 1209 3064 in
1223 3001 1289 3066 situ
1300 3000 1511 3084 aequalitatis

359 3117 393 3171 et
411 3106 547 3172 brachia
563 3104 643 3187 ejus,
661 3106 779 3170 deinde
793 3116 912 3188 postea
928 3115 1101 3169 moveatur
1116 3105 1209 3184 libra,
1223 3114 1258 3169 et
1273 3104 1419 3170 elevetur
1433 3125 1511 3189 pars

357 3231 424 3275 una
453 3209 556 3275 librae
586 3230 690 3293 usque
714 3210 758 3274 ad
785 3210 927 3292 primam
951 3209 1230 3291 aequidistantem
1252 3209 1286 3273 in
1305 3209 1512 3273 semicirculo

355 3316 523 3399 superiori,
554 3325 588 3381 et
617 3315 683 3378 alia
718 3313 923 3395 deprimatur
953 3333 1058 3395 usque
1092 3314 1135 3378 ad
1170 3313 1349 3377 terminum
1383 3313 1512 3396 primae

356 3419 610 3503 aequidistantis
630 3418 663 3482 in
679 3417 884 3481 semicirculo
902 3415 1054 3496 inferiori,
1073 3428 1111 3481 ut
1129 3417 1243 3500 regula
1262 3418 1305 3483 sit
1325 3418 1359 3481 in
1382 3419 1447 3481 situ
1463 3426 1511 3498 tp

358 3523 474 3604 lineae,
490 3534 523 3587 et
546 3544 622 3606 pars
643 3521 747 3587 librae
768 3521 866 3586 altior
881 3522 925 3586 sit
947 3522 981 3585 in
1002 3532 1025 3600 t,
1040 3532 1074 3586 et
1097 3522 1222 3605 reliqua
1239 3521 1272 3585 in
1287 3534 1323 3606 p.
1369 3521 1407 3587 Si
1430 3541 1510 3605 ergo

350 3638 378 3710 p
408 3627 589 3691 descendat
619 3648 724 3709 usque
752 3627 796 3690 ad
826 3626 1004 3690 terminum
1034 3627 1169 3692 alterius
1198 3626 1447 3710 aequidistantis
1476 3626 1510 3705 lt,

358 3731 511 3796 transibit
531 3732 574 3795 de
598 3732 762 3796 diametro
786 3732 926 3795 cadente
953 3730 985 3793 in
1011 3742 1169 3810 centrum,
1185 3743 1315 3815 partem
1339 3732 1410 3814 ejus
1425 3752 1512 3814 quae

358 3845 409 3899 est
433 3836 518 3899 inter
535 3835 793 3919 aequidistantes
808 3845 870 3917 gp
885 3836 957 3918 ets
966 3834 997 3914 lt,
1012 3836 1102 3917 quod
1126 3836 1234 3900 minus
1255 3845 1306 3900 est
1328 3856 1431 3919 quam
1455 3835 1513 3900 illa

359 3960 437 4023 pars
454 3939 617 4017 diametri,
631 3960 717 4022 quae
738 3949 788 4003 est
808 3940 892 4005 inter
908 3949 1004 4022 tqet
1018 3961 1040 4003 a
1054 3940 1081 4018 b,
1098 3950 1134 4004 ut
1149 3949 1241 4023 patet
1261 3961 1306 4003 ex
1324 3941 1510 4023 praedictis

361 4044 455 4126 Ergo
475 4042 502 4106 si
522 4044 738 4108 descenderet
759 4064 864 4127 usque
881 4066 903 4107 a
924 4054 1056 4128 caperet
1076 4044 1150 4127 plus
1172 4045 1216 4107 de
1238 4045 1397 4109 descensu
1421 4054 1511 4109 recto

360 4150 394 4212 in
410 4148 574 4213 diametro
590 4149 728 4213 cadente
744 4148 777 4211 in
793 4156 943 4212 centrum
960 4149 1075 4212 mundi
1090 4169 1189 4231 quam
1197 4159 1234 4232 p,
1244 4151 1326 4215 dum
1341 4151 1512 4215 descendit

359 4254 393 4319 in
407 4250 451 4331 h3
472 4272 575 4335 quare
590 4260 605 4314 t
618 4262 669 4317 est
684 4252 816 4335 gravius
831 4253 1014 4316 secundum
1029 4252 1130 4317 situm
1145 4273 1247 4336 quam
1255 4263 1292 4336 p.
1331 4253 1377 4317 Et
1393 4253 1512 4318 iterum

360 4356 567 4423 tdescendit
590 4377 702 4421 versus
728 4365 876 4419 centrum
903 4356 1028 4419 mundi.
1075 4356 1188 4439 Sedp
1209 4367 1345 4441 propter
1366 4354 1511 4422 declina·

358 4462 484 4527 tionem
507 4459 618 4528 circuli
638 4470 827 4525 recurvatur
842 4481 862 4523 a
878 4470 1002 4540 centro,
1016 4470 1051 4525 et
1072 4460 1193 4525 saltem
1217 4462 1326 4527 minus
1347 4462 1455 4527 tendit
1478 4464 1514 4529 in

360 4578 522 4644 centrum,
537 4574 574 4629 ut
590 4572 683 4648 patet
700 4566 903 4629 adsensum.
948 4562 1042 4649 Ergo
1060 4565 1263 4647 relinquitur,
1277 4568 1368 4649 quod
1386 4588 1431 4631 ex
1449 4566 1514 4633 hac

359 4690 459 4736 causa
476 4670 586 4734 adhuc
606 4669 668 4733 erit
688 4668 797 4732 minus
817 4689 927 4753 grave.
973 4669 1018 4734 Et
1033 4670 1111 4754 quia
1133 4669 1180 4735 sic
1200 4679 1262 4750 est,
1277 4670 1353 4734 ideo
1374 4668 1515 4737 solvitur
