<?xml version="1.0" encoding="UTF-8"?>
<!DOCTYPE html PUBLIC "-//W3C//DTD XHTML 1.0 Transitional//EN"
    "http://www.w3.org/TR/xhtml1/DTD/xhtml1-transitional.dtd">
<html xmlns="http://www.w3.org/1999/xhtml" xml:lang="en" lang="en">
 <head>
  <title>
</title>
<meta http-equiv="Content-Type" content="text/html;charset=utf-8" />
  <meta name='ocr-system' content='tesseract 3.04.00' />
  <meta name='ocr-capabilities' content='ocr_page ocr_carea ocr_par ocr_line ocrx_word'/>
</head>
<body>
  <div class='ocr_page' id='page_1' title='image "./opusmajusrogerb01bridgoog/opusmajusrogerb01bridgoog_0358.png"; bbox 0 0 3575 5375; ppageno 0'>
   <div class='ocr_carea' id='block_1_1' title="bbox 393 621 1409 684">
    <p class='ocr_par' dir='ltr' id='par_1_1' title="bbox 393 621 1409 684">
     <span class='ocr_line' id='line_1_1' title="bbox 393 621 1409 684; baseline 0.003 -5"><span class='ocrx_word' id='word_1_1' title='bbox 393 621 744 681; x_wconf 76' lang='lat' dir='ltr'><em>MATHEMATICAE</em></span> <span class='ocrx_word' id='word_1_2' title='bbox 768 623 819 680; x_wconf 89' lang='lat' dir='ltr'><strong>IN</strong></span> <span class='ocrx_word' id='word_1_3' title='bbox 840 623 1044 684; x_wconf 83' lang='lat' dir='ltr'><em>PHYSICIS</em></span> <span class='ocrx_word' id='word_1_4' title='bbox 1071 623 1277 684; x_wconf 81' lang='lat' dir='ltr'><em>UTILJTAS.</em></span> <span class='ocrx_word' id='word_1_5' title='bbox 1354 621 1409 682; x_wconf 80' lang='lat'><strong>161</strong></span> 
     </span>
    </p>
   </div>
   <div class='ocr_carea' id='block_1_2' title="bbox 256 783 1419 4813">
    <p class='ocr_par' dir='ltr' id='par_1_2' title="bbox 256 783 1412 1703">
     <span class='ocr_line' id='line_1_2' title="bbox 257 783 1412 869; baseline 0.005 -24"><span class='ocrx_word' id='word_1_6' title='bbox 257 802 358 865; x_wconf 90' lang='lat' dir='ltr'><strong>quam</strong></span> <span class='ocrx_word' id='word_1_7' title='bbox 374 792 517 866; x_wconf 89' lang='lat' dir='ltr'><strong>quatuor</strong></span> <span class='ocrx_word' id='word_1_8' title='bbox 537 783 625 865; x_wconf 88' lang='lat' dir='ltr'><strong>recti,</strong></span> <span class='ocrx_word' id='word_1_9' title='bbox 640 805 681 848; x_wconf 90' lang='lat' dir='ltr'><strong>eo</strong></span> <span class='ocrx_word' id='word_1_10' title='bbox 700 784 792 868; x_wconf 88' lang='lat' dir='ltr'><strong>quod</strong></span> <span class='ocrx_word' id='word_1_11' title='bbox 812 784 953 868; x_wconf 92' lang='lat' dir='ltr'><strong>angulus</strong></span> <span class='ocrx_word' id='word_1_12' title='bbox 975 785 1155 869; x_wconf 84' lang='lat' dir='ltr'>pentagoni</span> <span class='ocrx_word' id='word_1_13' title='bbox 1175 796 1224 851; x_wconf 87' lang='lat' dir='ltr'><strong>est</strong></span> <span class='ocrx_word' id='word_1_14' title='bbox 1247 798 1281 852; x_wconf 91' lang='lat' dir='ltr'><strong>et</strong></span> <span class='ocrx_word' id='word_1_15' title='bbox 1302 796 1412 852; x_wconf 88' lang='lat' dir='ltr'><strong>rectus</strong></span> 
     </span>
     <span class='ocr_line' id='line_1_3' title="bbox 257 887 1410 974; baseline 0.003 -24"><span class='ocrx_word' id='word_1_16' title='bbox 257 895 291 950; x_wconf 92' lang='lat' dir='ltr'><strong>et</strong></span> <span class='ocrx_word' id='word_1_17' title='bbox 329 887 447 969; x_wconf 92' lang='lat' dir='ltr'><strong>quinta</strong></span> <span class='ocrx_word' id='word_1_18' title='bbox 485 888 576 967; x_wconf 91' lang='lat' dir='ltr'><strong>recti,</strong></span> <span class='ocrx_word' id='word_1_19' title='bbox 607 897 644 952; x_wconf 93' lang='lat' dir='ltr'><strong>ut</strong></span> <span class='ocrx_word' id='word_1_20' title='bbox 689 895 783 974; x_wconf 89' lang='lat' dir='ltr'><strong>patet</strong></span> <span class='ocrx_word' id='word_1_21' title='bbox 828 909 872 953; x_wconf 89' lang='lat' dir='ltr'><strong>ex</strong></span> <span class='ocrx_word' id='word_1_22' title='bbox 914 889 1012 953; x_wconf 90' lang='lat' dir='ltr'><strong>xxxii</strong></span> <span class='ocrx_word' id='word_1_23' title='bbox 1049 890 1275 974; x_wconf 82' lang='lat' dir='ltr'><strong>propositione</strong></span> <span class='ocrx_word' id='word_1_24' title='bbox 1313 891 1410 974; x_wconf 89' lang='lat' dir='ltr'><strong>primi</strong></span> 
     </span>
     <span class='ocr_line' id='line_1_4' title="bbox 257 989 1412 1079; baseline 0.005 -26"><span class='ocrx_word' id='word_1_25' title='bbox 257 989 520 1070; x_wconf 87' lang='lat' dir='ltr'><strong>Elementorum,</strong></span> <span class='ocrx_word' id='word_1_26' title='bbox 549 1002 584 1057; x_wconf 89' lang='lat' dir='ltr'><strong>et</strong></span> <span class='ocrx_word' id='word_1_27' title='bbox 613 993 660 1058; x_wconf 91' lang='lat' dir='ltr'><strong>sic</strong></span> <span class='ocrx_word' id='word_1_28' title='bbox 691 1003 801 1058; x_wconf 87' lang='lat' dir='ltr'><strong>essent</strong></span> <span class='ocrx_word' id='word_1_29' title='bbox 831 993 877 1058; x_wconf 91' lang='lat' dir='ltr'><strong>ibi</strong></span> <span class='ocrx_word' id='word_1_30' title='bbox 914 1002 1058 1078; x_wconf 91' lang='lat' dir='ltr'><strong>quatuor</strong></span> <span class='ocrx_word' id='word_1_31' title='bbox 1092 994 1174 1059; x_wconf 92' lang='lat' dir='ltr'><strong>recti</strong></span> <span class='ocrx_word' id='word_1_32' title='bbox 1204 1004 1238 1059; x_wconf 91' lang='lat' dir='ltr'><strong>et</strong></span> <span class='ocrx_word' id='word_1_33' title='bbox 1268 1004 1412 1079; x_wconf 88' lang='lat' dir='ltr'><strong>quatuor</strong></span> 
     </span>
     <span class='ocr_line' id='line_1_5' title="bbox 256 1093 1411 1183; baseline 0.005 -25"><span class='ocrx_word' id='word_1_34' title='bbox 256 1093 401 1177; x_wconf 83' lang='lat' dir='ltr'><strong>quintae.</strong></span> <span class='ocrx_word' id='word_1_35' title='bbox 456 1094 524 1160; x_wconf 89' lang='lat' dir='ltr'><strong>Sed</strong></span> <span class='ocrx_word' id='word_1_36' title='bbox 554 1097 663 1161; x_wconf 90' lang='lat' dir='ltr'><strong>omnis</strong></span> <span class='ocrx_word' id='word_1_37' title='bbox 690 1097 834 1182; x_wconf 89' lang='lat' dir='ltr'><strong>angulus</strong></span> <span class='ocrx_word' id='word_1_38' title='bbox 858 1096 1038 1183; x_wconf 87' lang='lat' dir='ltr'><strong>corporalis</strong></span> <span class='ocrx_word' id='word_1_39' title='bbox 1063 1109 1115 1164; x_wconf 88' lang='lat' dir='ltr'><strong>est</strong></span> <span class='ocrx_word' id='word_1_40' title='bbox 1137 1099 1245 1163; x_wconf 85' lang='lat' dir='ltr'><strong>minor</strong></span> <span class='ocrx_word' id='word_1_41' title='bbox 1265 1109 1411 1182; x_wconf 89' lang='lat' dir='ltr'><strong>quatuor</strong></span> 
     </span>
     <span class='ocr_line' id='line_1_6' title="bbox 256 1200 1411 1287; baseline 0.007 -26"><span class='ocrx_word' id='word_1_42' title='bbox 256 1200 365 1262; x_wconf 91' lang='lat' dir='ltr'><strong>rectis.</strong></span> <span class='ocrx_word' id='word_1_43' title='bbox 411 1201 504 1286; x_wconf 88' lang='lat' dir='ltr'><strong>Ergo</strong></span> <span class='ocrx_word' id='word_1_44' title='bbox 518 1210 649 1266; x_wconf 91' lang='lat' dir='ltr'><strong>tantum</strong></span> <span class='ocrx_word' id='word_1_45' title='bbox 666 1203 728 1268; x_wconf 91' lang='lat' dir='ltr'><strong>erit</strong></span> <span class='ocrx_word' id='word_1_46' title='bbox 743 1223 809 1266; x_wconf 92' lang='lat' dir='ltr'><strong>uua</strong></span> <span class='ocrx_word' id='word_1_47' title='bbox 831 1201 937 1286; x_wconf 89' lang='lat' dir='ltr'><strong>figura</strong></span> <span class='ocrx_word' id='word_1_48' title='bbox 954 1202 1132 1286; x_wconf 87' lang='lat' dir='ltr'><strong>corporalis</strong></span> <span class='ocrx_word' id='word_1_49' title='bbox 1151 1224 1196 1267; x_wconf 90' lang='lat' dir='ltr'><strong>ex</strong></span> <span class='ocrx_word' id='word_1_50' title='bbox 1215 1204 1411 1287; x_wconf 82' lang='lat' dir='ltr'><strong>pentagonis</strong></span> 
     </span>
     <span class='ocr_line' id='line_1_7' title="bbox 256 1303 1412 1392; baseline 0.007 -26"><span class='ocrx_word' id='word_1_51' title='bbox 256 1303 501 1386; x_wconf 90' lang='lat' dir='ltr'><strong>superficiebus,</strong></span> <span class='ocrx_word' id='word_1_52' title='bbox 527 1315 561 1370; x_wconf 92' lang='lat' dir='ltr'><strong>et</strong></span> <span class='ocrx_word' id='word_1_53' title='bbox 591 1315 723 1390; x_wconf 81' lang='lat' dir='ltr'><strong>oportet</strong></span> <span class='ocrx_word' id='word_1_54' title='bbox 752 1308 843 1390; x_wconf 92' lang='lat' dir='ltr'><strong>quod</strong></span> <span class='ocrx_word' id='word_1_55' title='bbox 871 1307 996 1372; x_wconf 85' lang='lat' dir='ltr'><strong>habeat</strong></span> <span class='ocrx_word' id='word_1_56' title='bbox 1021 1308 1197 1373; x_wconf 88' lang='lat' dir='ltr'><strong>duodecim</strong></span> <span class='ocrx_word' id='word_1_57' title='bbox 1223 1308 1412 1392; x_wconf 87' lang='lat' dir='ltr'><strong>superficies</strong></span> 
     </span>
     <span class='ocr_line' id='line_1_8' title="bbox 257 1410 1412 1495; baseline 0.005 -24"><span class='ocrx_word' id='word_1_58' title='bbox 257 1420 474 1492; x_wconf 75' lang='lat' dir='ltr'><strong>pentagonus,</strong></span> <span class='ocrx_word' id='word_1_59' title='bbox 493 1411 579 1477; x_wconf 91' lang='lat' dir='ltr'><strong>sicut</strong></span> <span class='ocrx_word' id='word_1_60' title='bbox 601 1421 695 1493; x_wconf 88' lang='lat' dir='ltr'><strong>patet</strong></span> <span class='ocrx_word' id='word_1_61' title='bbox 718 1411 751 1474; x_wconf 90' lang='lat' dir='ltr'><strong>in</strong></span> <span class='ocrx_word' id='word_1_62' title='bbox 774 1410 992 1476; x_wconf 80' lang='lat' dir='ltr'><strong>fabricatione</strong></span> <span class='ocrx_word' id='word_1_63' title='bbox 1014 1410 1101 1478; x_wconf 88' lang='lat' dir='ltr'><strong>illius</strong></span> <span class='ocrx_word' id='word_1_64' title='bbox 1122 1415 1278 1495; x_wconf 87' lang='lat' dir='ltr'><strong>corporis,</strong></span> <span class='ocrx_word' id='word_1_65' title='bbox 1292 1422 1327 1477; x_wconf 89' lang='lat' dir='ltr'><strong>et</strong></span> <span class='ocrx_word' id='word_1_66' title='bbox 1348 1411 1412 1477; x_wconf 91' lang='lat' dir='ltr'><strong>hoe</strong></span> 
     </span>
     <span class='ocr_line' id='line_1_9' title="bbox 257 1515 1411 1601; baseline 0.003 -25"><span class='ocrx_word' id='word_1_67' title='bbox 257 1523 394 1577; x_wconf 85' lang='lat' dir='ltr'><strong>vocatur</strong></span> <span class='ocrx_word' id='word_1_68' title='bbox 423 1515 677 1594; x_wconf 88' lang='lat' dir='ltr'><strong>dodecaedrum,</strong></span> <span class='ocrx_word' id='word_1_69' title='bbox 707 1515 741 1578; x_wconf 95' lang='lat' dir='ltr'><strong>id</strong></span> <span class='ocrx_word' id='word_1_70' title='bbox 780 1526 840 1596; x_wconf 93' lang='lat' dir='ltr'><strong>est,</strong></span> <span class='ocrx_word' id='word_1_71' title='bbox 877 1515 983 1600; x_wconf 89' lang='lat' dir='ltr'><strong>figura</strong></span> <span class='ocrx_word' id='word_1_72' title='bbox 1020 1516 1201 1601; x_wconf 86' lang='lat' dir='ltr'><strong>corporalis</strong></span> <span class='ocrx_word' id='word_1_73' title='bbox 1234 1517 1411 1581; x_wconf 89' lang='lat' dir='ltr'><strong>duodecim</strong></span> 
     </span>
     <span class='ocr_line' id='line_1_10' title="bbox 256 1616 981 1703; baseline 0.008 -25"><span class='ocrx_word' id='word_1_74' title='bbox 256 1616 385 1680; x_wconf 89' lang='lat' dir='ltr'><strong>basium</strong></span> <span class='ocrx_word' id='word_1_75' title='bbox 409 1627 672 1703; x_wconf 73' lang='lat' dir='ltr'><strong>pentagonorum</strong></span> <span class='ocrx_word' id='word_1_76' title='bbox 695 1619 981 1703; x_wconf 84' lang='lat' dir='ltr'><strong>aequilateramm.</strong></span> 
     </span>
    </p>

    <p class='ocr_par' dir='ltr' id='par_1_3' title="bbox 259 1720 1416 3163">
     <span class='ocr_line' id='line_1_11' title="bbox 302 1720 1413 1810; baseline 0.004 -26"><span class='ocrx_word' id='word_1_77' title='bbox 302 1720 349 1784; x_wconf 93' lang='lat' dir='ltr'><strong>Et</strong></span> <span class='ocrx_word' id='word_1_78' title='bbox 367 1742 483 1788; x_wconf 91' lang='lat' dir='ltr'><strong>omnes</strong></span> <span class='ocrx_word' id='word_1_79' title='bbox 499 1724 583 1788; x_wconf 87' lang='lat' dir='ltr'><strong>istae</strong></span> <span class='ocrx_word' id='word_1_80' title='bbox 598 1723 723 1807; x_wconf 89' lang='lat' dir='ltr'><strong>figurae</strong></span> <span class='ocrx_word' id='word_1_81' title='bbox 742 1723 930 1807; x_wconf 88' lang='lat' dir='ltr'><strong>corporales</strong></span> <span class='ocrx_word' id='word_1_82' title='bbox 950 1723 1115 1810; x_wconf 85' lang='lat' dir='ltr'><strong>regulares</strong></span> <span class='ocrx_word' id='word_1_83' title='bbox 1135 1725 1218 1790; x_wconf 89' lang='lat' dir='ltr'><strong>fiunt</strong></span> <span class='ocrx_word' id='word_1_84' title='bbox 1237 1746 1281 1789; x_wconf 91' lang='lat' dir='ltr'><strong>ex</strong></span> <span class='ocrx_word' id='word_1_85' title='bbox 1299 1745 1413 1810; x_wconf 92' lang='lat' dir='ltr'><strong>super-</strong></span> 
     </span>
     <span class='ocr_line' id='line_1_12' title="bbox 259 1822 1413 1914; baseline 0.004 -26"><span class='ocrx_word' id='word_1_86' title='bbox 259 1822 395 1890; x_wconf 87' lang='lat' dir='ltr'><strong>ficiebus</strong></span> <span class='ocrx_word' id='word_1_87' title='bbox 417 1827 623 1912; x_wconf 85' lang='lat' dir='ltr'><strong>regularibus</strong></span> <span class='ocrx_word' id='word_1_88' title='bbox 646 1848 733 1911; x_wconf 89' lang='lat' dir='ltr'><strong>quae</strong></span> <span class='ocrx_word' id='word_1_89' title='bbox 757 1838 836 1892; x_wconf 93' lang='lat' dir='ltr'><strong>sunt</strong></span> <span class='ocrx_word' id='word_1_90' title='bbox 862 1827 1103 1914; x_wconf 89' lang='lat' dir='ltr'><strong>aequiangulae</strong></span> <span class='ocrx_word' id='word_1_91' title='bbox 1125 1840 1160 1894; x_wconf 85' lang='lat' dir='ltr'><strong>et</strong></span> <span class='ocrx_word' id='word_1_92' title='bbox 1181 1828 1413 1912; x_wconf 88' lang='lat' dir='ltr'><strong>aequilaterae.</strong></span> 
     </span>
     <span class='ocr_line' id='line_1_13' title="bbox 261 1929 1414 2018; baseline 0.005 -26"><span class='ocrx_word' id='word_1_93' title='bbox 261 1929 339 1994; x_wconf 93' lang='lat' dir='ltr'><strong>Nou</strong></span> <span class='ocrx_word' id='word_1_94' title='bbox 354 1941 405 1996; x_wconf 88' lang='lat' dir='ltr'><strong>est</strong></span> <span class='ocrx_word' id='word_1_95' title='bbox 419 1943 531 1997; x_wconf 89' lang='lat' dir='ltr'><strong>autern</strong></span> <span class='ocrx_word' id='word_1_96' title='bbox 548 1933 705 2016; x_wconf 89' lang='lat' dir='ltr'><strong>possibile</strong></span> <span class='ocrx_word' id='word_1_97' title='bbox 723 1934 814 2016; x_wconf 92' lang='lat' dir='ltr'><strong>quod</strong></span> <span class='ocrx_word' id='word_1_98' title='bbox 833 1955 877 1996; x_wconf 92' lang='lat' dir='ltr'><strong>ex</strong></span> <span class='ocrx_word' id='word_1_99' title='bbox 897 1932 1133 2016; x_wconf 86' lang='lat' dir='ltr'><strong>superficiebus</strong></span> <span class='ocrx_word' id='word_1_100' title='bbox 1153 1934 1340 2018; x_wconf 88' lang='lat' dir='ltr'><strong>hexagonis</strong></span> <span class='ocrx_word' id='word_1_101' title='bbox 1355 1932 1414 1998; x_wconf 89' lang='lat' dir='ltr'><strong>fiat</strong></span> 
     </span>
     <span class='ocr_line' id='line_1_14' title="bbox 259 2033 1413 2124; baseline 0.004 -27"><span class='ocrx_word' id='word_1_102' title='bbox 259 2033 372 2118; x_wconf 93' lang='lat' dir='ltr'><strong>aliqua</strong></span> <span class='ocrx_word' id='word_1_103' title='bbox 386 2034 491 2120; x_wconf 88' lang='lat' dir='ltr'><strong>figura</strong></span> <span class='ocrx_word' id='word_1_104' title='bbox 502 2038 683 2121; x_wconf 92' lang='lat' dir='ltr'><strong>corporalis</strong></span> <span class='ocrx_word' id='word_1_105' title='bbox 695 2037 862 2122; x_wconf 87' lang='lat' dir='ltr'><strong>regularis,</strong></span> <span class='ocrx_word' id='word_1_106' title='bbox 871 2038 949 2122; x_wconf 92' lang='lat' dir='ltr'><strong>quia</strong></span> <span class='ocrx_word' id='word_1_107' title='bbox 961 2037 1071 2102; x_wconf 92' lang='lat' dir='ltr'><strong>nullus</strong></span> <span class='ocrx_word' id='word_1_108' title='bbox 1082 2039 1222 2121; x_wconf 89' lang='lat' dir='ltr'><strong>angulus</strong></span> <span class='ocrx_word' id='word_1_109' title='bbox 1233 2039 1413 2124; x_wconf 90' lang='lat' dir='ltr'><strong>corporalis</strong></span> 
     </span>
     <span class='ocr_line' id='line_1_15' title="bbox 259 2140 1412 2227; baseline 0.003 -24"><span class='ocrx_word' id='word_1_110' title='bbox 259 2148 372 2221; x_wconf 90' lang='lat' dir='ltr'><strong>potest</strong></span> <span class='ocrx_word' id='word_1_111' title='bbox 389 2140 458 2205; x_wconf 92' lang='lat' dir='ltr'><strong>fieri</strong></span> <span class='ocrx_word' id='word_1_112' title='bbox 474 2163 519 2207; x_wconf 90' lang='lat' dir='ltr'><strong>ex</strong></span> <span class='ocrx_word' id='word_1_113' title='bbox 534 2142 664 2227; x_wconf 88' lang='lat' dir='ltr'><strong>angulis</strong></span> <span class='ocrx_word' id='word_1_114' title='bbox 678 2141 795 2208; x_wconf 90' lang='lat' dir='ltr'><strong>talium</strong></span> <span class='ocrx_word' id='word_1_115' title='bbox 810 2142 1072 2225; x_wconf 86' lang='lat' dir='ltr'><strong>hexagonorum,</strong></span> <span class='ocrx_word' id='word_1_116' title='bbox 1088 2153 1224 2226; x_wconf 91' lang='lat' dir='ltr'><strong>propter</strong></span> <span class='ocrx_word' id='word_1_117' title='bbox 1244 2143 1308 2208; x_wconf 91' lang='lat' dir='ltr'><strong>hoc</strong></span> <span class='ocrx_word' id='word_1_118' title='bbox 1322 2142 1412 2226; x_wconf 93' lang='lat' dir='ltr'><strong>quod</strong></span> 
     </span>
     <span class='ocr_line' id='line_1_16' title="bbox 260 2243 1414 2330; baseline 0.005 -24"><span class='ocrx_word' id='word_1_119' title='bbox 260 2243 402 2327; x_wconf 90' lang='lat' dir='ltr'><strong>angulus</strong></span> <span class='ocrx_word' id='word_1_120' title='bbox 422 2246 497 2310; x_wconf 91' lang='lat' dir='ltr'><strong>talis</strong></span> <span class='ocrx_word' id='word_1_121' title='bbox 518 2247 684 2329; x_wconf 87' lang='lat' dir='ltr'><strong>hexagoni</strong></span> <span class='ocrx_word' id='word_1_122' title='bbox 699 2247 789 2311; x_wconf 91' lang='lat' dir='ltr'><strong>valet</strong></span> <span class='ocrx_word' id='word_1_123' title='bbox 809 2255 935 2310; x_wconf 90' lang='lat' dir='ltr'><strong>rectum</strong></span> <span class='ocrx_word' id='word_1_124' title='bbox 956 2255 991 2310; x_wconf 91' lang='lat' dir='ltr'><strong>et</strong></span> <span class='ocrx_word' id='word_1_125' title='bbox 1011 2247 1141 2311; x_wconf 89' lang='lat' dir='ltr'><strong>tertiam</strong></span> <span class='ocrx_word' id='word_1_126' title='bbox 1164 2247 1252 2324; x_wconf 90' lang='lat' dir='ltr'><strong>recti,</strong></span> <span class='ocrx_word' id='word_1_127' title='bbox 1267 2258 1305 2312; x_wconf 91' lang='lat' dir='ltr'><strong>ut</strong></span> <span class='ocrx_word' id='word_1_128' title='bbox 1320 2258 1414 2330; x_wconf 91' lang='lat' dir='ltr'><strong>patet</strong></span> 
     </span>
     <span class='ocr_line' id='line_1_17' title="bbox 262 2349 1415 2433; baseline 0.003 -22"><span class='ocrx_word' id='word_1_129' title='bbox 262 2367 307 2411; x_wconf 90' lang='lat' dir='ltr'><strong>ex</strong></span> <span class='ocrx_word' id='word_1_130' title='bbox 331 2349 429 2412; x_wconf 88' lang='lat' dir='ltr'><strong>xxxii</strong></span> <span class='ocrx_word' id='word_1_131' title='bbox 456 2351 553 2432; x_wconf 91' lang='lat' dir='ltr'><strong>primi</strong></span> <span class='ocrx_word' id='word_1_132' title='bbox 579 2351 839 2415; x_wconf 87' lang='lat' dir='ltr'><strong>Elementorum.</strong></span> <span class='ocrx_word' id='word_1_133' title='bbox 896 2351 988 2433; x_wconf 92' lang='lat' dir='ltr'><strong>Ergo</strong></span> <span class='ocrx_word' id='word_1_134' title='bbox 1011 2359 1079 2414; x_wconf 91' lang='lat' dir='ltr'><strong>tres</strong></span> <span class='ocrx_word' id='word_1_135' title='bbox 1101 2351 1183 2414; x_wconf 89' lang='lat' dir='ltr'><strong>tales</strong></span> <span class='ocrx_word' id='word_1_136' title='bbox 1202 2351 1327 2417; x_wconf 85' lang='lat' dir='ltr'><strong>iaciunt</strong></span> <span class='ocrx_word' id='word_1_137' title='bbox 1347 2360 1415 2415; x_wconf 89' lang='lat' dir='ltr'><strong>tres</strong></span> 
     </span>
     <span class='ocr_line' id='line_1_18' title="bbox 262 2454 1415 2540; baseline 0.006 -27"><span class='ocrx_word' id='word_1_138' title='bbox 262 2462 372 2517; x_wconf 90' lang='lat' dir='ltr'><strong>rectos</strong></span> <span class='ocrx_word' id='word_1_139' title='bbox 386 2462 421 2516; x_wconf 93' lang='lat' dir='ltr'><strong>et</strong></span> <span class='ocrx_word' id='word_1_140' title='bbox 432 2465 499 2518; x_wconf 88' lang='lat' dir='ltr'><strong>tres</strong></span> <span class='ocrx_word' id='word_1_141' title='bbox 510 2454 626 2520; x_wconf 88' lang='lat' dir='ltr'><strong>tertias</strong></span> <span class='ocrx_word' id='word_1_142' title='bbox 637 2455 731 2519; x_wconf 93' lang='lat' dir='ltr'><strong>unius</strong></span> <span class='ocrx_word' id='word_1_143' title='bbox 743 2455 833 2532; x_wconf 93' lang='lat' dir='ltr'><strong>recti,</strong></span> <span class='ocrx_word' id='word_1_144' title='bbox 842 2456 901 2519; x_wconf 90' lang='lat' dir='ltr'><strong>sed</strong></span> <span class='ocrx_word' id='word_1_145' title='bbox 914 2463 981 2518; x_wconf 89' lang='lat' dir='ltr'><strong>tres</strong></span> <span class='ocrx_word' id='word_1_146' title='bbox 993 2455 1109 2518; x_wconf 90' lang='lat' dir='ltr'><strong>tertiae</strong></span> <span class='ocrx_word' id='word_1_147' title='bbox 1114 2454 1228 2519; x_wconf 85' lang='lat' dir='ltr'><strong>valent</strong></span> <span class='ocrx_word' id='word_1_148' title='bbox 1238 2456 1415 2540; x_wconf 90' lang='lat' dir='ltr'><strong>integrum.</strong></span> 
     </span>
     <span class='ocr_line' id='line_1_19' title="bbox 267 2555 1415 2644; baseline 0.004 -25"><span class='ocrx_word' id='word_1_149' title='bbox 267 2555 305 2619; x_wconf 95' lang='lat' dir='ltr'><strong>ln</strong></span> <span class='ocrx_word' id='word_1_150' title='bbox 329 2555 418 2620; x_wconf 90' lang='lat' dir='ltr'><strong>nulla</strong></span> <span class='ocrx_word' id='word_1_151' title='bbox 441 2558 528 2621; x_wconf 85' lang='lat' dir='ltr'><strong>enirn</strong></span> <span class='ocrx_word' id='word_1_152' title='bbox 551 2579 585 2622; x_wconf 91' lang='lat' dir='ltr'><strong>re</strong></span> <span class='ocrx_word' id='word_1_153' title='bbox 611 2568 750 2643; x_wconf 88' lang='lat' dir='ltr'><strong>possunt</strong></span> <span class='ocrx_word' id='word_1_154' title='bbox 777 2579 848 2622; x_wconf 92' lang='lat' dir='ltr'><strong>esse</strong></span> <span class='ocrx_word' id='word_1_155' title='bbox 872 2559 935 2622; x_wconf 91' lang='lat' dir='ltr'><strong>nisi</strong></span> <span class='ocrx_word' id='word_1_156' title='bbox 959 2568 1025 2622; x_wconf 90' lang='lat' dir='ltr'><strong>tres</strong></span> <span class='ocrx_word' id='word_1_157' title='bbox 1049 2560 1174 2623; x_wconf 84' lang='lat' dir='ltr'><strong>tertiae</strong></span> <span class='ocrx_word' id='word_1_158' title='bbox 1231 2559 1324 2644; x_wconf 88' lang='lat' dir='ltr'><strong>Ergo</strong></span> <span class='ocrx_word' id='word_1_159' title='bbox 1347 2569 1415 2624; x_wconf 90' lang='lat' dir='ltr'><strong>tres</strong></span> 
     </span>
     <span class='ocr_line' id='line_1_20' title="bbox 264 2660 1413 2748; baseline 0.003 -24"><span class='ocrx_word' id='word_1_160' title='bbox 264 2660 377 2745; x_wconf 90' lang='lat' dir='ltr'><strong>anguli</strong></span> <span class='ocrx_word' id='word_1_161' title='bbox 407 2661 656 2746; x_wconf 84' lang='lat' dir='ltr'><strong>hexagonorum</strong></span> <span class='ocrx_word' id='word_1_162' title='bbox 688 2662 886 2748; x_wconf 88' lang='lat' dir='ltr'><strong>regularium</strong></span> <span class='ocrx_word' id='word_1_163' title='bbox 915 2661 1028 2729; x_wconf 86' lang='lat' dir='ltr'><strong>valent</strong></span> <span class='ocrx_word' id='word_1_164' title='bbox 1051 2671 1194 2746; x_wconf 90' lang='lat' dir='ltr'><strong>quatuor</strong></span> <span class='ocrx_word' id='word_1_165' title='bbox 1216 2673 1333 2743; x_wconf 90' lang='lat' dir='ltr'><strong>rectos,</strong></span> <span class='ocrx_word' id='word_1_166' title='bbox 1355 2662 1413 2729; x_wconf 92' lang='lat' dir='ltr'><strong>sed</strong></span> 
     </span>
     <span class='ocr_line' id='line_1_21' title="bbox 263 2765 1416 2852; baseline 0.004 -25"><span class='ocrx_word' id='word_1_167' title='bbox 263 2765 372 2830; x_wconf 89' lang='lat' dir='ltr'><strong>nullus</strong></span> <span class='ocrx_word' id='word_1_168' title='bbox 402 2767 584 2851; x_wconf 91' lang='lat' dir='ltr'><strong>corporalis</strong></span> <span class='ocrx_word' id='word_1_169' title='bbox 609 2767 700 2832; x_wconf 90' lang='lat' dir='ltr'><strong>valet</strong></span> <span class='ocrx_word' id='word_1_170' title='bbox 730 2776 872 2852; x_wconf 90' lang='lat' dir='ltr'><strong>quatuor</strong></span> <span class='ocrx_word' id='word_1_171' title='bbox 901 2779 1018 2832; x_wconf 89' lang='lat' dir='ltr'><strong>rectos.</strong></span> <span class='ocrx_word' id='word_1_172' title='bbox 1072 2767 1165 2850; x_wconf 87' lang='lat' dir='ltr'><strong>Ergo</strong></span> <span class='ocrx_word' id='word_1_173' title='bbox 1188 2766 1278 2831; x_wconf 90' lang='lat' dir='ltr'><strong>nulla</strong></span> <span class='ocrx_word' id='word_1_174' title='bbox 1311 2767 1416 2851; x_wconf 88' lang='lat' dir='ltr'><strong>figura</strong></span> 
     </span>
     <span class='ocr_line' id='line_1_22' title="bbox 262 2869 1416 2956; baseline 0.001 -23"><span class='ocrx_word' id='word_1_175' title='bbox 262 2869 441 2951; x_wconf 85' lang='lat' dir='ltr'><strong>corporalis</strong></span> <span class='ocrx_word' id='word_1_176' title='bbox 470 2882 581 2955; x_wconf 90' lang='lat' dir='ltr'><strong>potest</strong></span> <span class='ocrx_word' id='word_1_177' title='bbox 612 2872 681 2935; x_wconf 92' lang='lat' dir='ltr'><strong>fieri</strong></span> <span class='ocrx_word' id='word_1_178' title='bbox 705 2893 748 2935; x_wconf 91' lang='lat' dir='ltr'><strong>ex</strong></span> <span class='ocrx_word' id='word_1_179' title='bbox 779 2871 1014 2955; x_wconf 90' lang='lat' dir='ltr'><strong>superficiebus</strong></span> <span class='ocrx_word' id='word_1_180' title='bbox 1040 2872 1235 2955; x_wconf 90' lang='lat' dir='ltr'><strong>hexagonis,</strong></span> <span class='ocrx_word' id='word_1_181' title='bbox 1257 2882 1292 2937; x_wconf 92' lang='lat' dir='ltr'><strong>et</strong></span> <span class='ocrx_word' id='word_1_182' title='bbox 1317 2871 1416 2956; x_wconf 89' lang='lat' dir='ltr'><strong>longe</strong></span> 
     </span>
     <span class='ocr_line' id='line_1_23' title="bbox 263 2974 1416 3060; baseline 0.004 -24"><span class='ocrx_word' id='word_1_183' title='bbox 263 2974 372 3038; x_wconf 91' lang='lat' dir='ltr'><strong>minus</strong></span> <span class='ocrx_word' id='word_1_184' title='bbox 402 2996 446 3039; x_wconf 90' lang='lat' dir='ltr'><strong>ex</strong></span> <span class='ocrx_word' id='word_1_185' title='bbox 475 2975 675 3059; x_wconf 88' lang='lat' dir='ltr'><strong>heptagonis</strong></span> <span class='ocrx_word' id='word_1_186' title='bbox 704 2987 738 3040; x_wconf 91' lang='lat' dir='ltr'><strong>et</strong></span> <span class='ocrx_word' id='word_1_187' title='bbox 769 2976 944 3058; x_wconf 89' lang='lat' dir='ltr'><strong>octogonis</strong></span> <span class='ocrx_word' id='word_1_188' title='bbox 972 2985 1007 3040; x_wconf 91' lang='lat' dir='ltr'><strong>et</strong></span> <span class='ocrx_word' id='word_1_189' title='bbox 1029 2998 1138 3060; x_wconf 88' lang='lat' dir='ltr'><strong>supra,</strong></span> <span class='ocrx_word' id='word_1_190' title='bbox 1161 2978 1241 3060; x_wconf 92' lang='lat' dir='ltr'><strong>quia</strong></span> <span class='ocrx_word' id='word_1_191' title='bbox 1273 2976 1416 3058; x_wconf 89' lang='lat' dir='ltr'><strong>majores</strong></span> 
     </span>
     <span class='ocr_line' id='line_1_24' title="bbox 263 3077 884 3163; baseline 0 -20"><span class='ocrx_word' id='word_1_192' title='bbox 263 3077 404 3161; x_wconf 87' lang='lat' dir='ltr'><strong>angulos</strong></span> <span class='ocrx_word' id='word_1_193' title='bbox 419 3080 573 3145; x_wconf 88' lang='lat' dir='ltr'><strong>obtinent</strong></span> <span class='ocrx_word' id='word_1_194' title='bbox 588 3100 689 3163; x_wconf 93' lang='lat' dir='ltr'><strong>quam</strong></span> <span class='ocrx_word' id='word_1_195' title='bbox 705 3080 884 3163; x_wconf 86' lang='lat' dir='ltr'><strong>hexagoni.</strong></span> 
     </span>
    </p>

    <p class='ocr_par' dir='ltr' id='par_1_4' title="bbox 261 3181 1419 4725">
     <span class='ocr_line' id='line_1_25' title="bbox 306 3181 1414 3266; baseline 0.001 -20"><span class='ocrx_word' id='word_1_196' title='bbox 306 3181 474 3265; x_wconf 87' lang='lat' dir='ltr'><strong>Quoniam</strong></span> <span class='ocrx_word' id='word_1_197' title='bbox 500 3205 579 3248; x_wconf 93' lang='lat' dir='ltr'><strong>vero</strong></span> <span class='ocrx_word' id='word_1_198' title='bbox 609 3184 852 3249; x_wconf 89' lang='lat' dir='ltr'><strong>dodecaedrum</strong></span> <span class='ocrx_word' id='word_1_199' title='bbox 883 3184 1010 3266; x_wconf 88' lang='lat' dir='ltr'><strong>patitur</strong></span> <span class='ocrx_word' id='word_1_200' title='bbox 1038 3184 1071 3248; x_wconf 91' lang='lat' dir='ltr'><strong>in</strong></span> <span class='ocrx_word' id='word_1_201' title='bbox 1101 3206 1138 3248; x_wconf 88' lang='lat' dir='ltr'><strong>se</strong></span> <span class='ocrx_word' id='word_1_202' title='bbox 1167 3185 1414 3266; x_wconf 88' lang='lat' dir='ltr'><strong>inscriptionem</strong></span> 
     </span>
     <span class='ocr_line' id='line_1_26' title="bbox 262 3286 1417 3371; baseline 0.001 -21"><span class='ocrx_word' id='word_1_203' title='bbox 262 3286 411 3350; x_wconf 91' lang='lat' dir='ltr'><strong>omnium</strong></span> <span class='ocrx_word' id='word_1_204' title='bbox 436 3286 584 3363; x_wconf 87' lang='lat' dir='ltr'><strong>aliarum,</strong></span> <span class='ocrx_word' id='word_1_205' title='bbox 610 3296 647 3351; x_wconf 92' lang='lat' dir='ltr'><strong>ut</strong></span> <span class='ocrx_word' id='word_1_206' title='bbox 672 3297 768 3371; x_wconf 91' lang='lat' dir='ltr'><strong>patet</strong></span> <span class='ocrx_word' id='word_1_207' title='bbox 792 3307 835 3350; x_wconf 90' lang='lat' dir='ltr'><strong>ex</strong></span> <span class='ocrx_word' id='word_1_208' title='bbox 859 3288 977 3370; x_wconf 93' lang='lat' dir='ltr'><strong>quinto</strong></span> <span class='ocrx_word' id='word_1_209' title='bbox 1000 3288 1130 3353; x_wconf 91' lang='lat' dir='ltr'><strong>decimo</strong></span> <span class='ocrx_word' id='word_1_210' title='bbox 1151 3287 1236 3352; x_wconf 93' lang='lat' dir='ltr'><strong>libro</strong></span> <span class='ocrx_word' id='word_1_211' title='bbox 1260 3288 1417 3352; x_wconf 88' lang='lat' dir='ltr'><strong>Elemen-</strong></span> 
     </span>
     <span class='ocr_line' id='line_1_27' title="bbox 262 3391 1416 3475; baseline 0.001 -21"><span class='ocrx_word' id='word_1_212' title='bbox 262 3399 382 3466; x_wconf 88' lang='lat' dir='ltr'><strong>torum,</strong></span> <span class='ocrx_word' id='word_1_213' title='bbox 405 3392 480 3455; x_wconf 89' lang='lat' dir='ltr'><strong>ideo</strong></span> <span class='ocrx_word' id='word_1_214' title='bbox 510 3393 672 3455; x_wconf 86' lang='lat' dir='ltr'><strong>dederunt</strong></span> <span class='ocrx_word' id='word_1_215' title='bbox 697 3391 858 3457; x_wconf 89' lang='lat' dir='ltr'><strong>Platonici</strong></span> <span class='ocrx_word' id='word_1_216' title='bbox 882 3391 968 3457; x_wconf 92' lang='lat' dir='ltr'><strong>hanc</strong></span> <span class='ocrx_word' id='word_1_217' title='bbox 989 3391 1128 3474; x_wconf 89' lang='lat' dir='ltr'><strong>figuram</strong></span> <span class='ocrx_word' id='word_1_218' title='bbox 1152 3391 1301 3475; x_wconf 91' lang='lat' dir='ltr'><strong>partibus</strong></span> <span class='ocrx_word' id='word_1_219' title='bbox 1322 3391 1416 3472; x_wconf 88' lang='lat' dir='ltr'><strong>coeli,</strong></span> 
     </span>
     <span class='ocr_line' id='line_1_28' title="bbox 262 3494 1417 3579; baseline 0.003 -22"><span class='ocrx_word' id='word_1_220' title='bbox 262 3503 399 3579; x_wconf 88' lang='lat' dir='ltr'><strong>propter</strong></span> <span class='ocrx_word' id='word_1_221' title='bbox 420 3494 493 3569; x_wconf 92' lang='lat' dir='ltr'><strong>hoc,</strong></span> <span class='ocrx_word' id='word_1_222' title='bbox 515 3496 607 3579; x_wconf 89' lang='lat' dir='ltr'><strong>quod</strong></span> <span class='ocrx_word' id='word_1_223' title='bbox 631 3494 760 3560; x_wconf 90' lang='lat' dir='ltr'><strong>coelum</strong></span> <span class='ocrx_word' id='word_1_224' title='bbox 787 3496 932 3560; x_wconf 90' lang='lat' dir='ltr'><strong>noscitur</strong></span> <span class='ocrx_word' id='word_1_225' title='bbox 955 3496 1068 3560; x_wconf 91' lang='lat' dir='ltr'><strong>omnia</strong></span> <span class='ocrx_word' id='word_1_226' title='bbox 1093 3494 1270 3559; x_wconf 90' lang='lat' dir='ltr'><strong>continere.</strong></span> <span class='ocrx_word' id='word_1_227' title='bbox 1316 3496 1417 3561; x_wconf 90' lang='lat' dir='ltr'><strong>Unde</strong></span> 
     </span>
     <span class='ocr_line' id='line_1_29' title="bbox 262 3598 1416 3685; baseline 0.003 -23"><span class='ocrx_word' id='word_1_228' title='bbox 262 3598 418 3663; x_wconf 90' lang='lat' dir='ltr'><strong>dixerunt</strong></span> <span class='ocrx_word' id='word_1_229' title='bbox 439 3610 549 3682; x_wconf 88' lang='lat' dir='ltr'><strong>partes</strong></span> <span class='ocrx_word' id='word_1_230' title='bbox 572 3598 656 3665; x_wconf 91' lang='lat' dir='ltr'><strong>coeli</strong></span> <span class='ocrx_word' id='word_1_231' title='bbox 675 3620 870 3665; x_wconf 87' lang='lat' dir='ltr'><strong>concurrere</strong></span> <span class='ocrx_word' id='word_1_232' title='bbox 885 3600 919 3663; x_wconf 94' lang='lat' dir='ltr'><strong>in</strong></span> <span class='ocrx_word' id='word_1_233' title='bbox 934 3609 1094 3685; x_wconf 90' lang='lat' dir='ltr'><strong>punctum</strong></span> <span class='ocrx_word' id='word_1_234' title='bbox 1113 3619 1215 3663; x_wconf 92' lang='lat' dir='ltr'><strong>unum</strong></span> <span class='ocrx_word' id='word_1_235' title='bbox 1233 3600 1416 3665; x_wconf 91' lang='lat' dir='ltr'><strong>secundum</strong></span> 
     </span>
     <span class='ocr_line' id='line_1_30' title="bbox 262 3702 1417 3789; baseline 0.004 -24"><span class='ocrx_word' id='word_1_236' title='bbox 262 3702 349 3768; x_wconf 87' lang='lat' dir='ltr'><strong>hanc</strong></span> <span class='ocrx_word' id='word_1_237' title='bbox 378 3702 527 3787; x_wconf 90' lang='lat' dir='ltr'><strong>figuram,</strong></span> <span class='ocrx_word' id='word_1_238' title='bbox 551 3714 588 3768; x_wconf 94' lang='lat' dir='ltr'><strong>ut</strong></span> <span class='ocrx_word' id='word_1_239' title='bbox 617 3706 838 3769; x_wconf 92' lang='lat' dir='ltr'><strong>constituatur</strong></span> <span class='ocrx_word' id='word_1_240' title='bbox 867 3724 986 3787; x_wconf 92' lang='lat' dir='ltr'><strong>corpus</strong></span> <span class='ocrx_word' id='word_1_241' title='bbox 1010 3704 1103 3769; x_wconf 88' lang='lat' dir='ltr'><strong>coeli.</strong></span> <span class='ocrx_word' id='word_1_242' title='bbox 1157 3704 1203 3769; x_wconf 88' lang='lat' dir='ltr'><strong>Et</strong></span> <span class='ocrx_word' id='word_1_243' title='bbox 1229 3704 1308 3787; x_wconf 91' lang='lat' dir='ltr'><strong>quia</strong></span> <span class='ocrx_word' id='word_1_244' title='bbox 1331 3704 1417 3789; x_wconf 91' lang='lat' dir='ltr'><strong>ignis</strong></span> 
     </span>
     <span class='ocr_line' id='line_1_31' title="bbox 262 3807 1417 3892; baseline 0.002 -20"><span class='ocrx_word' id='word_1_245' title='bbox 262 3808 413 3872; x_wconf 90' lang='lat' dir='ltr'><strong>ascendit</strong></span> <span class='ocrx_word' id='word_1_246' title='bbox 437 3809 470 3872; x_wconf 91' lang='lat' dir='ltr'><strong>in</strong></span> <span class='ocrx_word' id='word_1_247' title='bbox 500 3807 606 3891; x_wconf 87' lang='lat' dir='ltr'><strong>ligura</strong></span> <span class='ocrx_word' id='word_1_248' title='bbox 632 3809 840 3892; x_wconf 89' lang='lat' dir='ltr'><strong>pyramidali,</strong></span> <span class='ocrx_word' id='word_1_249' title='bbox 867 3811 943 3875; x_wconf 91' lang='lat' dir='ltr'><strong>ideo</strong></span> <span class='ocrx_word' id='word_1_250' title='bbox 969 3808 1134 3874; x_wconf 89' lang='lat' dir='ltr'><strong>dederunt</strong></span> <span class='ocrx_word' id='word_1_251' title='bbox 1157 3810 1307 3891; x_wconf 88' lang='lat' dir='ltr'><strong>partibus</strong></span> <span class='ocrx_word' id='word_1_252' title='bbox 1330 3811 1417 3892; x_wconf 88' lang='lat' dir='ltr'><strong>ignis</strong></span> 
     </span>
     <span class='ocr_line' id='line_1_32' title="bbox 261 3910 1418 3996; baseline 0.002 -20"><span class='ocrx_word' id='word_1_253' title='bbox 261 3910 364 3976; x_wconf 89' lang='lat' dir='ltr'><strong>talem</strong></span> <span class='ocrx_word' id='word_1_254' title='bbox 384 3911 531 3996; x_wconf 86' lang='lat' dir='ltr'><strong>figuram.</strong></span> <span class='ocrx_word' id='word_1_255' title='bbox 578 3912 744 3996; x_wconf 84' lang='lat' dir='ltr'><strong>Quoniam</strong></span> <span class='ocrx_word' id='word_1_256' title='bbox 767 3924 880 3977; x_wconf 93' lang='lat' dir='ltr'><strong>autem</strong></span> <span class='ocrx_word' id='word_1_257' title='bbox 903 3915 1096 3979; x_wconf 87' lang='lat' dir='ltr'><strong>octaedrum</strong></span> <span class='ocrx_word' id='word_1_258' title='bbox 1120 3915 1267 3978; x_wconf 83' lang='lat' dir='ltr'><strong>maxime</strong></span> <span class='ocrx_word' id='word_1_259' title='bbox 1289 3914 1418 3978; x_wconf 90' lang='lat' dir='ltr'><strong>assimi-</strong></span> 
     </span>
     <span class='ocr_line' id='line_1_33' title="bbox 262 4015 1417 4101; baseline 0.002 -21"><span class='ocrx_word' id='word_1_260' title='bbox 262 4015 351 4080; x_wconf 88' lang='lat' dir='ltr'><strong>latur</strong></span> <span class='ocrx_word' id='word_1_261' title='bbox 370 4018 546 4100; x_wconf 88' lang='lat' dir='ltr'><strong>pyramidi,</strong></span> <span class='ocrx_word' id='word_1_262' title='bbox 561 4026 596 4080; x_wconf 91' lang='lat' dir='ltr'><strong>et</strong></span> <span class='ocrx_word' id='word_1_263' title='bbox 617 4037 675 4081; x_wconf 91' lang='lat' dir='ltr'><strong>aer</strong></span> <span class='ocrx_word' id='word_1_264' title='bbox 695 4017 871 4100; x_wconf 89' lang='lat' dir='ltr'><strong>praecipue</strong></span> <span class='ocrx_word' id='word_1_265' title='bbox 892 4018 1094 4082; x_wconf 87' lang='lat' dir='ltr'><strong>assimilatur</strong></span> <span class='ocrx_word' id='word_1_266' title='bbox 1115 4018 1192 4101; x_wconf 91' lang='lat' dir='ltr'><strong>igni,</strong></span> <span class='ocrx_word' id='word_1_267' title='bbox 1211 4018 1371 4082; x_wconf 85' lang='lat' dir='ltr'><strong>dederunt</strong></span> <span class='ocrx_word' id='word_1_268' title='bbox 1386 4019 1417 4082; x_wconf 89' lang='lat' dir='ltr'><strong>ei</strong></span> 
     </span>
     <span class='ocr_line' id='line_1_34' title="bbox 262 4120 1417 4205; baseline 0.003 -22"><span class='ocrx_word' id='word_1_269' title='bbox 262 4120 402 4202; x_wconf 90' lang='lat' dir='ltr'><strong>figuram</strong></span> <span class='ocrx_word' id='word_1_270' title='bbox 430 4121 528 4185; x_wconf 91' lang='lat' dir='ltr'><strong>illam.</strong></span> <span class='ocrx_word' id='word_1_271' title='bbox 574 4120 641 4186; x_wconf 90' lang='lat' dir='ltr'><strong>Sed</strong></span> <span class='ocrx_word' id='word_1_272' title='bbox 672 4122 830 4204; x_wconf 91' lang='lat' dir='ltr'><strong>quoniam</strong></span> <span class='ocrx_word' id='word_1_273' title='bbox 857 4130 968 4205; x_wconf 89' lang='lat' dir='ltr'><strong>partes</strong></span> <span class='ocrx_word' id='word_1_274' title='bbox 991 4142 1099 4203; x_wconf 93' lang='lat' dir='ltr'><strong>aquae</strong></span> <span class='ocrx_word' id='word_1_275' title='bbox 1125 4121 1336 4185; x_wconf 88' lang='lat' dir='ltr'><strong>revolvuntur</strong></span> <span class='ocrx_word' id='word_1_276' title='bbox 1359 4142 1417 4186; x_wconf 91' lang='lat' dir='ltr'><strong>an·</strong></span> 
     </span>
     <span class='ocr_line' id='line_1_35' title="bbox 261 4223 1416 4309; baseline 0.001 -21"><span class='ocrx_word' id='word_1_277' title='bbox 261 4223 420 4289; x_wconf 88' lang='lat' dir='ltr'><strong>fractibus</strong></span> <span class='ocrx_word' id='word_1_278' title='bbox 449 4236 484 4290; x_wconf 88' lang='lat' dir='ltr'><strong>et</strong></span> <span class='ocrx_word' id='word_1_279' title='bbox 514 4224 660 4290; x_wconf 89' lang='lat' dir='ltr'><strong>fluxibus</strong></span> <span class='ocrx_word' id='word_1_280' title='bbox 690 4225 885 4304; x_wconf 79' lang='lat' dir='ltr'><strong>multifariis,</strong></span> <span class='ocrx_word' id='word_1_281' title='bbox 912 4225 988 4289; x_wconf 89' lang='lat' dir='ltr'><strong>ideo</strong></span> <span class='ocrx_word' id='word_1_282' title='bbox 1019 4226 1182 4289; x_wconf 92' lang='lat' dir='ltr'><strong>dederunt</strong></span> <span class='ocrx_word' id='word_1_283' title='bbox 1213 4228 1243 4288; x_wconf 92' lang='lat' dir='ltr'><strong>ei</strong></span> <span class='ocrx_word' id='word_1_284' title='bbox 1277 4224 1416 4309; x_wconf 90' lang='lat' dir='ltr'><strong>figuram</strong></span> 
     </span>
     <span class='ocr_line' id='line_1_36' title="bbox 262 4328 1416 4413; baseline 0.001 -22"><span class='ocrx_word' id='word_1_285' title='bbox 262 4328 480 4407; x_wconf 90' lang='lat' dir='ltr'><strong>icosaedrum,</strong></span> <span class='ocrx_word' id='word_1_286' title='bbox 523 4350 608 4412; x_wconf 89' lang='lat' dir='ltr'><strong>quae</strong></span> <span class='ocrx_word' id='word_1_287' title='bbox 658 4328 922 4394; x_wconf 81' lang='lat' dir='ltr'><strong>multiformitate</strong></span> <span class='ocrx_word' id='word_1_288' title='bbox 968 4328 1107 4394; x_wconf 91' lang='lat' dir='ltr'><strong>laterum</strong></span> <span class='ocrx_word' id='word_1_289' title='bbox 1144 4339 1179 4393; x_wconf 90' lang='lat' dir='ltr'><strong>et</strong></span> <span class='ocrx_word' id='word_1_290' title='bbox 1219 4329 1416 4413; x_wconf 88' lang='lat' dir='ltr'><strong>angulorum</strong></span> 
     </span>
     <span class='ocr_line' id='line_1_37' title="bbox 263 4430 1416 4516; baseline 0 -21"><span class='ocrx_word' id='word_1_291' title='bbox 263 4432 533 4497; x_wconf 91' lang='lat' dir='ltr'><strong>circumvolvitur</strong></span> <span class='ocrx_word' id='word_1_292' title='bbox 573 4434 605 4496; x_wconf 90' lang='lat' dir='ltr'><strong>in</strong></span> <span class='ocrx_word' id='word_1_293' title='bbox 643 4432 793 4516; x_wconf 87' lang='lat' dir='ltr'><strong>sphaera.</strong></span> <span class='ocrx_word' id='word_1_294' title='bbox 848 4432 1001 4496; x_wconf 86' lang='lat' dir='ltr'><strong>Partibus</strong></span> <span class='ocrx_word' id='word_1_295' title='bbox 1034 4452 1112 4495; x_wconf 90' lang='lat' dir='ltr'><strong>vero</strong></span> <span class='ocrx_word' id='word_1_296' title='bbox 1153 4438 1260 4495; x_wconf 88' lang='lat' dir='ltr'><strong>terrae</strong></span> <span class='ocrx_word' id='word_1_297' title='bbox 1293 4430 1416 4495; x_wconf 91' lang='lat' dir='ltr'><strong>cubum</strong></span> 
     </span>
     <span class='ocr_line' id='line_1_38' title="bbox 263 4534 1419 4620; baseline -0.002 -20"><span class='ocrx_word' id='word_1_298' title='bbox 263 4535 438 4617; x_wconf 85' lang='lat' dir='ltr'><strong>dederunt,</strong></span> <span class='ocrx_word' id='word_1_299' title='bbox 451 4538 530 4620; x_wconf 88' lang='lat' dir='ltr'><strong>quia</strong></span> <span class='ocrx_word' id='word_1_300' title='bbox 545 4536 601 4601; x_wconf 90' lang='lat' dir='ltr'><strong>illa</strong></span> <span class='ocrx_word' id='word_1_301' title='bbox 616 4535 721 4619; x_wconf 89' lang='lat' dir='ltr'><strong>figura</strong></span> <span class='ocrx_word' id='word_1_302' title='bbox 741 4536 869 4601; x_wconf 88' lang='lat' dir='ltr'><strong>stabilis</strong></span> <span class='ocrx_word' id='word_1_303' title='bbox 889 4545 941 4600; x_wconf 91' lang='lat' dir='ltr'><strong>est</strong></span> <span class='ocrx_word' id='word_1_304' title='bbox 955 4545 990 4600; x_wconf 89' lang='lat' dir='ltr'><strong>et</strong></span> <span class='ocrx_word' id='word_1_305' title='bbox 1004 4534 1074 4599; x_wconf 90' lang='lat' dir='ltr'><strong>fixa</strong></span> <span class='ocrx_word' id='word_1_306' title='bbox 1089 4536 1176 4599; x_wconf 90' lang='lat' dir='ltr'><strong>inter</strong></span> <span class='ocrx_word' id='word_1_307' title='bbox 1193 4554 1318 4609; x_wconf 89' lang='lat' dir='ltr'><strong>omnes,</strong></span> <span class='ocrx_word' id='word_1_308' title='bbox 1332 4534 1419 4600; x_wconf 91' lang='lat' dir='ltr'><strong>sicut</strong></span> 
     </span>
     <span class='ocr_line' id='line_1_39' title="bbox 264 4636 1362 4725; baseline -0.004 -20"><span class='ocrx_word' id='word_1_309' title='bbox 264 4648 351 4705; x_wconf 88' lang='lat' dir='ltr'><strong>terra</strong></span> <span class='ocrx_word' id='word_1_310' title='bbox 367 4641 452 4706; x_wconf 91' lang='lat' dir='ltr'><strong>inter</strong></span> <span class='ocrx_word' id='word_1_311' title='bbox 468 4641 583 4707; x_wconf 91' lang='lat' dir='ltr'><strong>muudi</strong></span> <span class='ocrx_word' id='word_1_312' title='bbox 599 4661 738 4725; x_wconf 90' lang='lat' dir='ltr'><strong>corpora</strong></span> <span class='ocrx_word' id='word_1_313' title='bbox 753 4642 969 4707; x_wconf 80' lang='lat' dir='ltr'><strong>stabilitatem</strong></span> <span class='ocrx_word' id='word_1_314' title='bbox 984 4639 1129 4703; x_wconf 90' lang='lat' dir='ltr'><strong>obtinuit</strong></span> <span class='ocrx_word' id='word_1_315' title='bbox 1144 4649 1178 4703; x_wconf 92' lang='lat' dir='ltr'><strong>et</strong></span> <span class='ocrx_word' id='word_1_316' title='bbox 1194 4636 1362 4705; x_wconf 84' lang='lat' dir='ltr'><strong>fixionem.</strong></span> 
     </span>
    </p>

    <p class='ocr_par' dir='ltr' id='par_1_5' title="bbox 304 4757 860 4813">
     <span class='ocr_line' id='line_1_40' title="bbox 304 4757 860 4813; baseline 0.009 -5"><span class='ocrx_word' id='word_1_317' title='bbox 304 4757 388 4809; x_wconf 75' lang='lat' dir='ltr'><strong>vol.</strong></span> <span class='ocrx_word' id='word_1_318' title='bbox 405 4760 429 4810; x_wconf 96' lang='lat'><strong>1.</strong></span> <span class='ocrx_word' id='word_1_319' title='bbox 830 4760 860 4813; x_wconf 77' lang='lat' dir='ltr'><strong>M</strong></span> 
     </span>
    </p>
   </div>
   <div class='ocr_carea' id='block_1_3' title="bbox 0 0 1798 5375">
    <p class='ocr_par' dir='ltr' id='par_1_6' title="bbox 0 0 1798 5375">
     <span class='ocr_line' id='line_1_41' title="bbox 0 0 1798 5375; baseline 0 0"><span class='ocrx_word' id='word_1_320' title='bbox 0 0 1798 5375; x_wconf 95' lang='lat' dir='ltr'><strong> </strong></span> 
     </span>
    </p>
   </div>
  </div>
 </body>
</html>
