3575 5375
387 663 737 724 MATHEMATICAE
760 666 812 725 IN
834 666 1038 726 PHYSICIS
1063 667 1270 728 UTILITAS.
1348 667 1406 745 165

256 825 390 909 figurae,
412 828 498 893 sicut
530 829 601 908 iste,
633 837 666 892 et
698 849 766 893 non
796 838 908 913 potest
931 851 1002 896 esse
1032 827 1188 896 distantia
1222 832 1308 895 inter
1340 851 1405 906 eos,

256 930 334 1013 quia
353 929 432 996 tun'c
452 933 598 1016 spatium
615 953 755 998 vacuum
781 935 852 997 sine
876 954 1013 1018 corpore
1037 946 1125 1000 esset
1142 936 1304 1019 signabile
1320 936 1406 1000 inter

256 1035 340 1115 illos,
356 1035 447 1119 quod
466 1036 585 1101 falsum
604 1047 664 1103 est.
709 1037 923 1122 Quapropter
948 1049 1082 1124 oportet
1104 1049 1141 1104 ut
1163 1061 1200 1104 se
1222 1051 1406 1124 tangerent,

256 1140 315 1203 sed
346 1160 413 1204 non
444 1150 585 1224 possunt
614 1152 750 1225 tangere
782 1163 819 1206 se
853 1143 916 1207 nisi
949 1143 983 1208 in
1015 1154 1141 1226 puncto
1173 1166 1239 1209 uno
1270 1165 1327 1227 per
1356 1145 1404 1207 xii

256 1242 343 1309 tertii
374 1244 635 1326 Elementorum,
659 1257 696 1311 ut
727 1246 815 1330 prius
846 1249 1051 1312 declaratum
1082 1259 1133 1313 est
1167 1271 1226 1333 per
1258 1249 1407 1314 circulos.

258 1348 350 1432 Ergo
373 1348 451 1413 alibi
478 1369 580 1432 quam
603 1349 636 1414 in
665 1349 722 1415 illo
750 1361 875 1434 puncto
901 1353 964 1416 erit
986 1353 1130 1438 spatium
1156 1373 1297 1417 vacuum
1322 1354 1408 1417 inter

257 1473 324 1516 eos.
369 1452 475 1516 Aliud
511 1461 569 1532 est,
599 1454 689 1536 quod
724 1455 903 1538 corporalis
938 1456 1076 1522 materia
1104 1458 1220 1521 mundi
1254 1477 1320 1522 non
1356 1466 1407 1520 est

258 1567 398 1620 extensa
420 1557 453 1620 in
477 1556 649 1637 inlinitum,
672 1568 708 1623 ut
732 1559 827 1623 multi
851 1559 1042 1643 posuerunt.
1087 1561 1177 1625 Nam
1207 1562 1408 1644 geometrica

258 1670 407 1744 potestas
430 1660 494 1725 hoc
516 1660 674 1727 excludit
718 1661 885 1746 Quoniam
909 1663 1175 1748 conjungantur¹
1199 1667 1287 1731 duae
1304 1663 1407 1729 lineae

259 1787 281 1828 a
303 1775 336 1830 et
361 1765 380 1829 b
405 1766 607 1849 angulariter
636 1765 669 1829 in
699 1777 813 1831 centro
843 1769 966 1847 mundi,
989 1777 1024 1832 et
1053 1789 1073 1832 a
1101 1788 1262 1833 concursu
1293 1788 1407 1832 earum

257 1869 484 1934 extendantur
500 1870 533 1933 in
549 1869 723 1948 inlinitum,
739 1881 774 1935 et
791 1872 889 1936 tertia
909 1871 966 1935 uni
988 1871 1119 1935 illarum
1137 1874 1278 1938 ducatur
1295 1871 1408 1955 aequi·

258 1975 419 2039 distanter
450 1983 483 2038 et
512 1975 708 2038 terminetur
734 1977 778 2040 ad
805 1974 915 2048 aliam,
933 1985 972 2042 ,et
997 1975 1039 2040 sit
1068 1996 1125 2040 ca.
1171 1975 1265 2061 Ergo
1286 1997 1309 2040 a
1330 1986 1364 2041 et
1390 1975 1409 2040 b

257 2088 335 2143 sunt
355 2078 521 2161 aequales,
537 2089 571 2142 et
591 2099 618 2154 0,
633 2099 720 2161 quae
742 2089 793 2144 est
814 2099 891 2160 pars
910 2103 943 2157 a,
960 2088 1029 2143 etc
1050 2089 1127 2143 sunt
1147 2080 1311 2163 aequales,
1331 2079 1410 2162 quia

257 2182 302 2245 ab
323 2185 442 2248 eodem
463 2193 589 2264 puncto
608 2183 733 2249 scilicet
752 2205 770 2248 0
790 2185 917 2248 vadunt
932 2183 966 2246 in
984 2182 1161 2247 infinitum.
1207 2183 1275 2248 Sed
1290 2205 1308 2247 c
1321 2182 1408 2248 linea

257 2296 419 2370 aequatur
448 2287 467 2351 b
495 2287 611 2352 lineae.
667 2287 759 2372 Ergo
787 2309 807 2352 o
835 2288 924 2352 linea
948 2288 1145 2370 aequabitur
1171 2287 1235 2369 ipsi
1258 2309 1281 2350 a
1302 2287 1408 2366 totali,

258 2391 383 2456 scilicet
396 2411 473 2476 pars
489 2411 550 2455 suo
566 2392 638 2473 toti,
655 2392 744 2475 quod
760 2401 811 2456 est
826 2393 1036 2474 impossibile.

647 2714 874 2782 Clmrunuu
898 2713 1016 2781 X1V².

633 2871 686 2937 De
712 2872 838 2937 unitate
867 2872 1037 2957 temporis

300 3034 429 3101 Multae
454 3045 566 3100 autem
593 3034 678 3099 aliae
706 3037 1007 3103 demonstrationes
1030 3038 1251 3122 geometricae
1274 3045 1410 3120 possent

256 3141 299 3205 ad
322 3140 385 3205 hoc
407 3140 538 3215 adduci,
555 3150 657 3223 atque
675 3142 832 3205 veritates
854 3142 939 3206 aliae
961 3142 994 3205 in
1016 3142 1114 3207 rebus
1136 3142 1252 3206 mundi
1273 3148 1408 3225 possent
1420 3151 1495 3201 Time
1505 3167 1563 3202 eon-

256 3245 363 3309 notari
388 3246 481 3327 quasi
509 3243 667 3323 infinitae,
690 3246 867 3328 inquibus
891 3246 1094 3330 geometrica
1114 3246 1220 3310 virtus
1242 3243 1407 3309 elucescit.
1420 3219 1563 3332 ffidm‘

258 3348 326 3413 Sed
347 3348 429 3413 haec
449 3348 615 3413 sufficiunt
635 3350 848 3431 persuasioni,
864 3360 898 3414 et
920 3348 1028 3414 solum
1050 3350 1219 3413 evacuabo
1241 3349 1325 3412 duas
1347 3346 1408 3412 lal-
1421 3358 1517 3425 matter,

257 3456 382 3530 sitates,
397 3474 482 3538 quae
505 3456 547 3518 ad
572 3455 734 3519 unitatem
758 3456 917 3519 materiae
938 3455 1142 3520 numeralem
1165 3462 1410 3538 consequuntur
1421 3414 1566 3529 mgb

257 3560 438 3623 secundum
451 3560 622 3643 opiniones
631 3560 792 3645 vulgatas.
819 3560 909 3625 Nam
922 3568 1051 3645 ponunt
1059 3561 1150 3643 quod
1161 3569 1292 3643 tempus
1300 3560 1409 3643 sequi·
1421 3546 1552 3661 {¹5¹¹}

256 3673 311 3727 tur
331 3663 374 3727 ad
397 3663 569 3727 materiam
594 3683 713 3741 rerum,
728 3671 762 3727 et
785 3683 904 3728 aevum
927 3664 971 3727 ad
996 3663 1149 3739 sormam,
1164 3673 1200 3729 et
1225 3664 1302 3728 ideo
1323 3664 1409 3728 sicut
1422 3627 1525 3755 olympi⁸

257 3766 396 3832 materia
418 3777 470 3830 est
487 3787 553 3830 una
575 3786 712 3831 numero
733 3777 767 3831 et
788 3787 854 3832 non
875 3767 994 3853 plures,
1009 3768 1056 3833 sic
1078 3777 1211 3851 tempus
1232 3779 1284 3832 est
1306 3787 1408 3831 unum
1422 3742 1570 3793 ⁶¹¹⁰⁶⁰⁵¹⁰‘¹·

258 3890 396 3934 numero
418 3870 516 3934 simul
539 3879 573 3934 et
596 3870 709 3943 semel,
728 3880 763 3937 et
785 3872 870 3937 sicut
892 3872 999 3936 forma
1013 3873 1160 3937 variatur
1182 3873 1215 3935 in
1238 3874 1345 3948 rebus,
1365 3873 1413 3937 sic

256 3994 375 4038 aevum
400 3974 638 4057 multiplicatur
660 3975 693 4039 in
715 3977 899 4040 aevitemis
945 3976 1047 4041 Unde
1062 3977 1157 4059 plura
1172 3976 1327 4041 dicuntur
1341 3997 1413 4041 esse

257 4098 350 4155 aeva,
365 4087 399 4141 et
415 4098 519 4141 unum
534 4087 679 4163 tempus,
693 4090 730 4144 ut
752 4081 935 4145 secundum
958 4100 1131 4144 numerum
1154 4080 1347 4164 angelorum
1369 4081 1413 4145 sit

256 4202 413 4246 numerus
431 4203 597 4247 aevorum.
640 4182 708 4249 Sed
723 4204 799 4249 cum
819 4184 998 4266 probatum
1016 4186 1174 4267 estquod
1191 4186 1330 4249 materia
1344 4204 1411 4249 non
1463 4267 1466 4271 λ

257 4296 368 4369 potest
383 4306 456 4349 esse
477 4306 551 4363 una,
567 4295 646 4350 tunc
669 4286 788 4352 salsum
811 4296 861 4353 est
883 4297 1015 4372 tempus
1037 4287 1161 4353 habere
1181 4289 1344 4353 unitatem
1366 4287 1412 4352 ab

256 4410 305 4454 ea.
344 4391 476 4455 Deinde
489 4399 623 4474 tempus
638 4410 703 4455 non
721 4402 832 4475 potest
848 4392 949 4475 sequi,
965 4392 1029 4455 nisi
1044 4392 1088 4455 ad
1103 4392 1289 4475 subjectum
1306 4411 1411 4456 suum.

290 4560 299 4588 ¹
315 4562 372 4610 The
383 4562 496 4623 dingram
508 4560 534 4610 in
547 4562 579 4611 Ο.
591 4562 640 4611 has
651 4562 717 4611 been
729 4562 836 4612 omitted
848 4577 878 4611 as
890 4562 1086 4624 unintelligible.

289 4640 299 4669 ¹
316 4640 355 4689 Cl.
368 4640 440 4703 Opus
454 4640 573 4701 Tertium,
585 4656 642 4702 cap.
653 4656 693 4703 41,
705 4642 792 4690 which
807 4640 927 4690 contains
943 4656 978 4691 an
990 4640 1147 4704 application
1161 4640 1245 4689 nithe
1260 4639 1328 4687 view
1342 4637 1407 4687 here

256 4720 342 4771 stated
353 4726 381 4769 to
393 4718 438 4767 the
448 4718 564 4768 doctrine
575 4718 605 4769 ol
612 4718 889 4772 Transubstautiation.
