3575 5375
323 603 384 680 396
537 602 694 661 OPERIS
719 601 907 671 MAJORIS
931 601 1047 660 PARS
1071 600 1254 674 QUARTA.

325 766 388 848 ipsi
408 765 526 849 magici
542 775 681 830 utuntur
699 764 961 830 invocationibus
977 765 1175 828 daemonum
1193 773 1226 827 et
1237 762 1475 844 conjurationi-

325 871 387 933 bus
409 889 532 948 eorum,
556 880 589 933 et
616 869 773 933 sacrificia
801 870 845 932 eis
869 868 1003 932 faciunt.
1049 868 1116 933 Sed
1148 868 1229 931 haec
1256 867 1369 931 omnia
1398 875 1475 929 sunt

326 973 502 1039 maledicta
518 985 551 1038 et
568 984 664 1038 extra
680 974 749 1037 vias
760 972 1044 1056 philosophorum,
1055 971 1159 1036 immo
1168 981 1284 1036 contra
1294 972 1476 1035 sententias

325 1099 459 1156 eorum;
482 1088 516 1142 et
533 1100 591 1161 per
607 1079 687 1141 haec
704 1077 891 1141 defamatur
906 1076 1138 1159 philosophiae
1154 1085 1313 1159 potestas.
1358 1076 1476 1156 Itaque

324 1184 473 1265 theologi
490 1203 577 1246 nunc
592 1183 751 1266 temporis
772 1192 805 1245 et
825 1181 1005 1246 Gratianus
1026 1190 1059 1244 et
1086 1181 1190 1244 sancti
1218 1180 1330 1262 plures
1353 1179 1475 1243 multas

326 1287 424 1351 utiles
440 1297 473 1350 et
490 1286 679 1371 magnificas
700 1286 853 1351 scientias
875 1285 1134 1368 reprobaverunt
1157 1305 1232 1348 curn
1254 1284 1307 1348 his
1329 1283 1475 1366 magicis,

327 1413 392 1456 non
415 1394 624 1456 attendentes
651 1390 869 1454 differentiam
894 1390 980 1453 inter
1002 1389 1165 1471 magicam
1188 1397 1222 1452 et
1244 1387 1476 1472 philosophiae

324 1495 497 1560 veritatem
524 1505 661 1578 propter
683 1515 799 1560 causas
821 1494 968 1576 quinque
990 1495 1033 1557 de
1055 1493 1175 1574 quibus
1198 1492 1230 1554 in
1254 1493 1360 1575 prima
1381 1503 1476 1575 parte

325 1601 450 1664 dictum
467 1609 537 1677 est;
560 1601 651 1682 quod
666 1598 848 1681 capitulum
864 1598 1084 1662 necessarium
1104 1605 1154 1661 est
1177 1597 1268 1660 omni
1288 1596 1413 1660 homiui
1433 1597 1476 1662 ad

326 1703 490 1786 magnalia
504 1705 688 1785 sapientiae
702 1703 860 1785 aspiranti
877 1711 911 1766 et
926 1701 1049 1765 volenti
1058 1720 1173 1764 verum
1188 1722 1209 1764 a
1220 1700 1302 1764 laiso
1314 1721 1476 1784 separare.

329 1809 416 1871 Nam
434 1808 623 1883 Gratianus,
638 1808 723 1872 sicut
740 1806 845 1871 multa
866 1806 998 1889 scripsit
1010 1805 1085 1888 jura
1100 1825 1187 1888 quae
1208 1825 1295 1869 nunc
1315 1806 1477 1887 abrogata

327 1921 414 1991 sunt,
450 1913 614 1976 sententia
651 1913 779 1977 saniore
823 1911 1043 1994 praevalente,
1069 1911 1127 1991 sic,
1157 1930 1233 1974 cum
1263 1910 1307 1972 de
1332 1910 1477 1974 scientiis

328 2019 458 2081 locutus
493 2029 553 2092 est,
583 2017 688 2081 multa
722 2017 808 2081 dixit
837 2037 924 2098 quae
957 2015 1081 2079 debent
1111 2015 1145 2077 in
1176 2024 1304 2097 partem
1338 2015 1476 2079 alteram

327 2124 536 2203 commutari,
552 2133 589 2187 ut
605 2121 738 2186 inferius
753 2119 977 2186 abundantius
993 2119 1182 2202 explicabo.

159 2244 188 2291 ln
201 2243 251 2292 this
372 2229 489 2291 Redeo
504 2227 602 2312 igitur
616 2229 660 2291 ad
674 2228 774 2290 verba
790 2235 824 2290 et
838 2246 940 2309 opera
956 2224 1152 2307 sapientum,
1170 2222 1342 2286 stellarum
1357 2223 1478 2288 virtute

158 2315 314 2424 mii?
328 2342 363 2396 et
388 2332 516 2396 animae
540 2332 709 2396 rationalis
732 2341 901 2415 potestate
924 2329 1076 2405 formata,
1094 2330 1235 2392 reddens
1258 2327 1419 2392 rationem
1444 2329 1476 2390 in

159 2439 282 2489 mindco-
328 2457 459 2500 summa
480 2437 523 2501 de
546 2436 596 2499 his
623 2437 805 2500 secundum
835 2435 925 2517 quod
955 2435 1137 2498 docuerunt
1166 2433 1340 2517 sapientes.
1386 2431 1479 2496 Sicut

159 2512 416 2622 ivisffifflnim
439 2562 522 2625 puer
544 2551 650 2617 natus,
674 2551 708 2604 et
730 2539 796 2604 aeri
819 2560 904 2603 novo
926 2549 1085 2621 tanquam
1113 2540 1239 2603 mundo
1268 2538 1390 2603 recenti
1420 2559 1479 2602 ex·

159 2636 245 2689 torces.
328 2646 464 2731 positus
488 2645 603 2729 recipit
626 2644 873 2729 impressionem
897 2643 1055 2708 virtutum
1085 2643 1289 2723 coelestium,
1310 2665 1331 2709 a
1360 2642 1479 2728 quibus

327 2751 429 2815 habet
440 2749 702 2832 complexionem
716 2750 892 2814 radicalem
903 2770 1004 2830 quam
1014 2768 1182 2830 nunquam
1196 2760 1307 2833 potest
1318 2748 1479 2824 amittere,

329 2855 407 2938 quia
423 2857 513 2936 quod
530 2874 616 2917 nova
634 2863 720 2917 testa
741 2854 838 2935 capit,
854 2854 1036 2917 inveterata
1056 2854 1163 2936 sapit;
1186 2854 1232 2919 sic
1254 2863 1304 2917 est
1324 2854 1367 2916 de
1388 2854 1477 2918 omni

331 2980 366 3023 re
396 2958 524 3022 noviter
550 2958 647 3033 lacta,
670 2978 755 3039 quae
779 2957 894 3041 recipit
919 2958 1076 3022 virtutem
1106 2958 1189 3023 coeli
1215 2959 1249 3021 in
1275 2958 1382 3041 prima
1408 2958 1479 3038 ejus

330 3062 515 3136 existentia,
532 3072 566 3125 et
581 3061 671 3124 illam
688 3082 789 3142 quam
805 3062 836 3124 in
857 3060 1016 3146 principio
1037 3062 1150 3146 recipit
1173 3082 1342 3144 nunquam
1357 3062 1480 3126 amittit

329 3171 434 3232 donec
449 3188 469 3230 a
483 3188 545 3231 suo
561 3186 632 3230 esse
648 3165 787 3230 naturali
802 3166 1003 3230 destituatur
1017 3175 1050 3231 et
1066 3176 1304 3250 corrumpatur.
1343 3167 1389 3230 Et
1404 3168 1480 3231 ideo

329 3273 362 3337 in
379 3274 449 3337 istis
464 3270 672 3355 imaginibus,
690 3271 898 3345 carminibus,
911 3281 944 3334 et
960 3271 1215 3349 characteribus,
1226 3270 1479 3336 constellatione

329 3377 443 3441 debita
459 3376 660 3458 compositis,
677 3375 878 3457 recipiuntur
891 3375 1031 3440 virtutes
1052 3375 1221 3439 stellarum
1237 3386 1270 3439 et
1292 3376 1480 3451 retinentur,

331 3492 366 3544 ut
390 3481 516 3563 possint
540 3500 600 3563 per
622 3500 677 3543 eas
700 3499 798 3562 agere
827 3479 859 3542 in
890 3500 942 3543 res
971 3480 1070 3561 hujus
1101 3478 1222 3556 mundi,
1245 3489 1279 3543 et
1309 3482 1481 3544 recedente

330 3585 587 3661 constellatione,
618 3584 650 3645 in
685 3603 751 3665 qua
791 3584 922 3649 luerunt
956 3606 1007 3649 res
1041 3584 1232 3667 hujusmodi
1267 3585 1481 3667 compositae,

331 3692 498 3753 recedunt.
546 3689 591 3751 Et
614 3688 769 3771 quoniam
793 3689 905 3752 anima
935 3689 1102 3753 rationalis
1131 3689 1261 3771 dignior
1289 3697 1339 3751 est
1368 3687 1480 3762 stellis,

330 3795 405 3857 ideo
421 3795 505 3857 sicut
524 3791 639 3856 stellae
662 3802 695 3856 et
714 3794 825 3856 omnia
846 3792 970 3857 faciunt
987 3794 1126 3857 virtutes
1148 3803 1276 3857 suaset
1301 3793 1425 3875 species
1449 3792 1481 3854 in

332 3898 429 3962 rebus
455 3906 558 3971 extra,
574 3896 617 3959 de
640 3896 760 3978 quibus
783 3896 953 3979 speciebus
973 3906 1007 3960 et
1027 3897 1202 3961 virtutibus
1221 3896 1329 3959 scribo
1349 3896 1429 3961 satis
1449 3896 1481 3958 in

331 4014 450 4087 quarta
473 4011 577 4083 parte,
600 4000 656 4063 ubi
687 4002 729 4063 de
755 4001 963 4083 geometricis
985 4000 1106 4083 agitur,
1129 4009 1241 4083 potest
1270 4020 1349 4083 ergo
1370 4001 1482 4064 anima

331 4105 507 4182 rationalis,
523 4124 609 4185 quae
624 4113 675 4167 est
690 4104 875 4168 substantia
892 4104 1040 4167 maxime
1058 4104 1166 4169 activa
1181 4106 1265 4167 inter
1280 4104 1391 4168 omnia
1405 4113 1481 4188 post

331 4212 442 4275 Deum
465 4220 499 4272 et
521 4208 667 4291 angelos,
690 4206 800 4272 lacere
823 4209 953 4272 etfacit
976 4209 1131 4273 continue
1153 4208 1296 4291 speciem
1326 4228 1421 4271 suam
1447 4218 1482 4271 et

330 4316 487 4380 virtutem
504 4314 537 4376 in
553 4333 684 4395 corpus,
698 4312 791 4393 cujus
807 4323 856 4376 est
872 4322 977 4388 actus,
989 4322 1023 4375 et
1038 4313 1072 4375 in
1087 4333 1139 4376 res
1153 4322 1249 4376 extra
1262 4336 1269 4389 ;
1284 4322 1318 4376 et
1335 4312 1482 4377 maxime

331 4440 433 4503 quum
464 4440 507 4482 ex
539 4417 614 4481 forti
645 4417 806 4481 desiderio
837 4426 870 4479 et
901 4418 1082 4481 intentione
1112 4428 1202 4481 certa
1225 4425 1258 4479 et
1281 4416 1483 4480 confidentia

334 4531 629 4607 magnaoperatur.
661 4521 714 4584 De
726 4522 845 4605 quibus
857 4521 1010 4604 operibus
1022 4520 1194 4584 Avicenna
1206 4521 1238 4584 in
1254 4530 1354 4584 sexto
1371 4520 1403 4583 N
1406 4531 1480 4585 atu·

335 4630 450 4693 talium
461 4636 615 4711 potenter
627 4625 799 4708 eloquitur.
839 4626 883 4689 Et
900 4625 975 4690 ideo
995 4626 1184 4708 hujusmodi
1204 4645 1307 4708 opera
1327 4634 1360 4688 et
1381 4624 1483 4688 verba
