3575 5375
399 625 751 686 MATHEMATICAE
771 627 823 685 IN
846 625 1049 686 PHYSICIS
1077 626 1282 686 UTILITAS.
1361 641 1419 703 173

265 791 373 876 prima
400 792 564 874 objecti03
599 811 677 856 narn
704 792 782 856 licet
806 813 881 876 pars
911 787 1065 874 regulae¹
1085 802 1112 874 p
1137 791 1341 855 descendens
1367 798 1418 852 est

264 896 481 980 propinquior
497 907 609 962 centro
629 898 757 971 mundi,
773 906 811 962 ut
830 905 933 981 patet,
946 895 974 958 si
993 892 1080 959 linea
1101 904 1191 962 recta
1211 894 1361 959 trahatur
1375 893 1417 957 ab

266 1023 308 1067 eo
339 1003 373 1067 in
400 1013 550 1069 centrum
580 1023 608 1082 0,
638 1003 716 1086 quia
741 1003 796 1068 illa
823 1001 910 1066 linea
932 1009 982 1064 est

265 1108 397 1173 brevior
417 1129 519 1192 quam
542 1109 627 1174 linea
644 1130 730 1193 quae
752 1110 893 1175 trahitur
914 1129 935 1172 a
958 1115 982 1180 t,
1051 1152 1064 1210 t

267 1223 304 1279 ut
326 1225 419 1298 patet
442 1216 485 1280 ad
506 1235 649 1290 sensum,
664 1224 699 1280 et
718 1215 764 1280 ita
786 1216 919 1298 gravior
940 1215 984 1280 sit

266 1319 301 1383 in
314 1331 474 1403 quantum
485 1319 559 1403 plus
569 1319 671 1384 habet
680 1320 722 1385 de
733 1318 806 1385 loco
817 1321 983 1397 deorsum,

267 1435 378 1490 tamen
401 1423 520 1509 quiap
541 1426 721 1490 secundum
743 1424 834 1489 illam
858 1433 982 1490 rectam

268 1529 402 1607 lineam,
435 1549 522 1611 quae
557 1537 607 1592 est
636 1539 697 1611 po
731 1549 797 1593 non
833 1540 986 1594 movetur

267 1653 381 1698 versus
407 1643 568 1712 centrum,
591 1633 649 1698 sed
676 1635 857 1698 secundum
880 1635 985 1698 circu-

268 1737 429 1803 lationem
448 1737 727 1803 circumferentiae
747 1738 863 1816 circuli,
879 1748 913 1804 et
929 1737 985 1802 illa

269 1841 438 1906 circulatio
464 1841 543 1906 facit
567 1862 640 1906 eam
668 1843 775 1907 minus
798 1863 914 1925 capere
943 1845 986 1907 de

271 1947 398 2011 incessu
426 1956 517 2012 recto
541 1948 575 2012 in
599 1947 761 2011 diametro
785 1949 926 2012 cadente
951 1947 984 2010 in

270 2061 421 2117 centrum
438 2071 539 2134 quam
555 2051 666 2134 capiat
682 2061 703 2129 t,
718 2060 819 2134 atque
834 2051 986 2134 obliquat

272 2167 305 2220 et
329 2157 476 2220 incurvat
499 2155 649 2239 ipsump
671 2177 691 2218 a
714 2166 837 2234 centro,
860 2165 986 2220 utnon

270 2260 317 2324 ita
344 2271 433 2325 recte
462 2261 580 2325 tendat
609 2260 642 2324 in
672 2268 822 2324 centrum
853 2261 939 2325 sicut
966 2268 988 2338 t,

272 2363 408 2447 quando
433 2364 612 2440 descendit,
637 2374 769 2448 oportet
791 2364 881 2446 quod
907 2372 923 2425 t
946 2363 989 2427 sit

273 2467 402 2549 gravior
437 2489 537 2551 quam
569 2478 596 2551 p
632 2470 712 2533 dum
746 2475 823 2532 sunt
858 2468 891 2530 in
930 2449 989 2531 tali

274 2573 349 2636 situ.
395 2573 440 2637 Et
464 2573 539 2638 ideo
561 2573 589 2636 si
615 2573 826 2638 dimittantur
850 2572 914 2636 sibi
943 2570 1022 2654 ipsis
1046 2579 1062 2632 t
1085 2570 1273 2646 descendet,
1296 2579 1332 2632 et
1353 2565 1425 2649 ejus

275 2676 469 2741 descensum
499 2686 655 2761 sequetur
676 2689 703 2761 p
733 2685 826 2741 motu
857 2674 1032 2751 contrario,
1063 2674 1188 2741 scilicet
1215 2672 1425 2739 ascendendo

276 2802 379 2865 usque
395 2783 437 2847 ad
453 2781 552 2847 situm
567 2782 785 2865 aequalitatis.
824 2782 871 2847 Et
886 2783 962 2846 ideo
970 2791 998 2864 p
1011 2801 1077 2844 non
1092 2774 1224 2863 semper
1238 2780 1426 2852 descendet,

278 2886 336 2949 sed
364 2886 553 2969 praevalent
577 2889 663 2952 duae
686 2907 805 2951 causae
829 2887 1001 2971 gravitatis
1023 2885 1077 2949 hic
1101 2886 1289 2967 assignatae
1311 2894 1427 2949 contra

278 2988 368 3053 illam
389 2992 432 3055 de
449 3010 516 3073 qua
535 2990 680 3073 objectio
700 2991 778 3057 lecit
801 2991 1014 3056 mentionem.
1060 2990 1185 3053 Iterum
1208 2988 1264 3053 illa
1282 2988 1428 3072 gravitas

279 3112 346 3158 non
362 3094 460 3178 cogis
475 3115 552 3159 nam
569 3094 699 3159 modica
713 3104 764 3159 est
779 3104 813 3160 et
829 3093 1034 3166 insensibilis,
1049 3103 1084 3158 et
1099 3093 1175 3157 ideo
1191 3112 1258 3156 non
1273 3102 1429 3174 operatur

276 3196 340 3277 hic,
349 3199 434 3263 sicut
446 3218 506 3262 nec
521 3198 548 3263 si
563 3199 676 3281 pluma
688 3219 754 3261 una
766 3207 989 3281 apponeretur
999 3198 1042 3261 ad
1053 3196 1194 3259 alterum
1206 3214 1428 3278 appensorum

277 3302 477 3385 aequalium,
500 3320 576 3366 cum
602 3311 680 3367 sunt
707 3302 740 3365 in
765 3302 830 3365 situ
857 3299 1078 3383 aequalitatis,
1099 3298 1221 3362 laceret
1245 3308 1374 3375 nutum,
1394 3307 1430 3360 et

276 3416 391 3470 tamen
414 3405 594 3469 secundum
615 3404 789 3469 veritatem
814 3404 895 3468 illud
918 3401 1090 3469 brachium
1115 3402 1172 3465 ubi
1197 3400 1294 3467 luerit
1315 3400 1430 3484 pluma

279 3518 329 3573 est
358 3508 477 3593 gravis,
504 3506 583 3592 quia
612 3506 726 3593 pluma
755 3507 858 3572 habet
890 3506 1015 3590 aliquid
1049 3504 1230 3589 gravitatis.
1277 3505 1324 3569 Et
1354 3504 1431 3569 ideo

278 3612 428 3677 similiter
447 3620 498 3675 est
517 3611 589 3691 hic;
612 3612 691 3696 quia
713 3612 800 3677 enim
815 3611 985 3677 brachium
1001 3610 1213 3685 descendens,
1228 3611 1364 3693 quando
1379 3618 1430 3674 est

279 3718 313 3780 in
328 3716 446 3780 ultimo
461 3716 619 3781 descensu
636 3737 752 3800 parum
769 3718 871 3781 distat
886 3737 908 3779 a
921 3716 987 3781 situ
1007 3714 1227 3797 aequalitatis,
1243 3714 1320 3778 ideo
1333 3713 1431 3779 valde

281 3822 446 3885 modicum
463 3830 496 3885 et
512 3820 700 3886 insensibile
718 3831 769 3887 est
783 3822 873 3905 quod
896 3820 1041 3903 adquirit
1059 3820 1101 3883 de
1115 3820 1287 3901 gravitate,
1304 3828 1338 3883 et
1355 3818 1431 3883 ideo

281 3926 426 4007 gravitas
442 3924 602 4009 acquisita
617 3946 683 3991 non
698 3936 748 3991 est
764 3926 999 4010 computanda.

1169 2429 1224 2477 Fre.
1238 2440 1277 2477 21.

314 4126 324 4157 ¹
340 4126 430 4188 Jebb's
441 4128 523 4190 ligure
535 4128 609 4191 (Tab.
622 4129 637 4178 i.
650 4130 693 4193 26)
706 4129 728 4179 is
738 4146 840 4191 wrong,
852 4118 881 4179 a's
893 4131 927 4178 he
939 4137 1028 4193 putsp
1038 4130 1064 4179 in
1077 4130 1122 4179 the
1135 4146 1218 4193 upper
1231 4130 1332 4179 instead
1345 4129 1375 4178 οἰ
1386 4129 1432 4177 tbe

281 4206 364 4255 lower
374 4207 424 4255 end
437 4207 467 4255 οἱ
478 4208 523 4255 tbe
538 4207 652 4257 balance
687 4208 805 4269 further,
819 4208 853 4256 he
870 4209 958 4256 drawa
971 4214 1012 4269 po
1027 4210 1078 4257 and
1093 4214 1126 4256 ot
1139 4217 1167 4257 to
1182 4209 1228 4257 the
1241 4216 1331 4257 centre
1348 4207 1379 4256 ol
1387 4208 1433 4255 the

282 4284 369 4344 circle,
381 4284 407 4331 in
422 4285 509 4334 which
521 4301 581 4334 case
596 4286 660 4334 botb
673 4302 727 4345 are,
739 4285 770 4334 ol
782 4300 882 4346 course,
894 4286 977 4348 equal.
1010 4286 1066 4334 'ibe
1077 4287 1145 4336 lines
1155 4286 1248 4335 should
1259 4286 1292 4334 be
1303 4286 1393 4335 drawn
1405 4292 1434 4333 to

282 4363 327 4412 the
339 4368 429 4411 centre
441 4362 472 4411 os
484 4363 529 4411 the
540 4364 622 4422 earth,
636 4380 666 4413 as
678 4364 703 4412 in
716 4364 759 4425 fig.
771 4379 813 4413 ar.
846 4364 928 4413 what
940 4365 963 4413 is
977 4372 1065 4413 meant
1076 4365 1098 4413 is
1110 4365 1165 4414 that
1172 4373 1193 4427 p
1205 4365 1227 4412 is
1237 4378 1330 4412 nearer
1345 4371 1374 4411 to
1388 4364 1434 4411 the

283 4438 379 4490 eartb's
392 4448 482 4490 centre
498 4442 560 4491 than
573 4448 590 4502 t,
602 4444 654 4492 and
666 4443 796 4493 therefore
813 4459 903 4492 moves
914 4443 978 4493 with
990 4451 1095 4504 greater
1106 4443 1192 4493 lorce:
1212 4442 1257 4490 but
1270 4443 1327 4490 that
1342 4441 1394 4489 this
1410 4442 1434 4491 ie

283 4520 516 4569 counterbalanced
528 4520 563 4581 by
575 4521 619 4569 the
635 4520 686 4571 lact
696 4522 753 4571 that
764 4522 807 4569 the
819 4523 881 4584 path
894 4521 924 4571 ol
931 4530 951 4585 p
961 4523 1038 4571 tends
1050 4530 1078 4570 to
1089 4521 1196 4571 beconoe
1207 4535 1279 4569 more
1290 4519 1435 4569 horizontal

283 4596 346 4647 than
359 4597 415 4647 that
425 4597 456 4646 ol
464 4603 488 4655 t;
508 4598 607 4648 ‘minus
625 4599 693 4661 capit
709 4600 743 4649 de
759 4600 863 4649 incessu
879 4608 952 4650 recto
967 4600 994 4648 in
1010 4600 1136 4648 diametro
1152 4599 1261 4649 cadente
1274 4596 1301 4646 in
1318 4604 1435 4647 centrum

283 4692 360 4741 quam
373 4676 456 4739 capiat
468 4672 493 4725 t'
