3575 5375
193 1951 254 1999 Law
266 1949 297 2000 os

193 2016 326 2068 rellectlon.

367 634 426 695 114
582 615 738 676 OPERIS
761 615 951 686 MAJORIS
974 615 1090 675 PARS
1112 615 1298 689 QUARTA.

364 791 400 844 ut
418 781 504 858 lana,
519 779 572 847 vel
589 779 751 863 bombyx,
766 780 818 844 vel
841 799 980 864 pannus,
994 781 1215 844 comburetur.
1261 779 1347 845 Curn
1368 799 1447 862 ergo
1462 778 1517 842 hic

362 885 405 949 sit
420 886 616 962 combustio,
632 894 665 950 et
680 884 744 947 hoc
766 884 834 948 fieri
852 905 919 948 non
935 896 1047 966 potest
1063 885 1126 949 nisi
1147 904 1206 968 per
1223 884 1516 968 congregationem

363 989 540 1068 radiorum,
560 998 594 1054 et
616 988 699 1053 radii
716 1008 783 1052 non
807 998 946 1072 possunt
968 991 1160 1072 congregari
1183 989 1244 1052 nisi
1267 1011 1328 1073 per
1346 988 1516 1071 duplicem

364 1093 568 1174 fractionem,
582 1095 661 1176 quia
676 1112 742 1157 una
756 1112 823 1156 non
843 1093 1017 1172 sufficeret,
1035 1114 1096 1157 nec
1118 1094 1216 1159 tertia
1239 1094 1422 1176 requiritur,
1435 1112 1517 1174 ergo

362 1210 495 1282 oportet
514 1219 636 1282 ponere
655 1197 740 1262 hanc
755 1198 949 1262 varietatem
971 1199 1174 1273 fractionem,
1191 1200 1282 1282 quod
1298 1208 1348 1262 est
1365 1197 1516 1261 mirabile

362 1304 395 1366 in
408 1303 511 1367 oculis
527 1303 724 1387 sapientum.
760 1302 848 1366 Nam
864 1303 956 1367 unde
970 1313 1030 1380 est,
1042 1304 1132 1387 quod
1144 1315 1261 1368 natura
1275 1305 1324 1366 sic
1339 1307 1516 1386 operatur?

364 1408 462 1474 Certe
490 1407 570 1470 nihil
596 1417 646 1471 est
673 1405 855 1489 jucundum
885 1418 1031 1488 naturae,
1056 1408 1108 1471 vel
1135 1408 1309 1485 voluntati,
1336 1408 1397 1470 nisi
1424 1407 1516 1491 quod

362 1511 467 1576 reficit
479 1512 638 1588 varietas3
661 1510 719 1574 sed
736 1531 854 1574 causae
869 1511 1021 1576 occultae
1035 1522 1121 1576 sunt.
1159 1512 1231 1577 Nec
1250 1521 1384 1596 oportet
1399 1531 1515 1577 causas

362 1616 464 1680 modo
491 1616 697 1700 investigare,
724 1635 800 1678 cum
826 1635 885 1698 per
910 1616 1147 1698 experientiam
1179 1617 1394 1681 certissimam
1427 1617 1515 1680 istud

362 1720 556 1784 miraculum
572 1720 722 1798 sciamus,
737 1729 771 1782 et
792 1718 823 1782 in
845 1720 1061 1802 sequentibus
1082 1720 1168 1784 aliae
1189 1721 1417 1803 experientiae
1435 1722 1515 1784 sub·

358 1825 549 1910 jungentur.

409 1929 554 2013 Quando
572 1949 651 1992 vero
669 1929 851 1992 secundum
871 1948 991 2012 corpus
1008 1939 1059 1993 est
1079 1931 1124 1995 ita
1142 1931 1292 2001 densum,
1308 1930 1399 2013 quod
1423 1929 1515 1994 nullo

362 2035 463 2098 modo
486 2034 655 2117 permittet
678 2033 853 2097 transitum
876 2035 1006 2117 speciei,
1029 2035 1106 2099 dico
1128 2035 1172 2099 de
1195 2034 1340 2099 sensibili
1365 2035 1517 2111 transitu,

360 2149 523 2222 quantum
550 2140 592 2202 ad
616 2137 776 2220 judicium
803 2137 892 2201 visus
922 2139 1068 2220 humani,
1094 2151 1173 2204 tunc
1200 2139 1340 2204 dicimus
1369 2139 1514 2222 speciem

361 2241 493 2308 reflecti.
549 2241 739 2307 Secundum
778 2251 889 2305 tamen
921 2242 1138 2308 Aristotelem
1177 2253 1210 2307 et
1241 2243 1394 2307 Boetium
1424 2243 1514 2306 visus

361 2347 468 2429 lyncis
497 2356 649 2431 penetrat
682 2346 834 2427 parietes.
893 2347 985 2429 Ergo
1022 2349 1150 2430 species
1178 2348 1295 2412 transit
1331 2349 1513 2410 secundum

360 2451 532 2515 veritatem
547 2449 568 2527 ¹,
587 2461 620 2515 et
636 2450 700 2514 hoc
716 2459 767 2513 est
790 2470 924 2513 verum:
951 2452 1010 2516 sed
1031 2454 1120 2516 visus
1141 2452 1285 2516 hominis
1300 2471 1366 2515 non
1386 2450 1514 2530 judicat

360 2556 404 2620 de
424 2555 496 2632 hoc,
515 2555 572 2617 sed
593 2556 634 2618 de
655 2553 846 2632 reflexione,
861 2575 948 2637 quae
970 2557 1154 2621 necessario
1175 2555 1220 2621 fit.
1268 2556 1356 2619 Nam
1381 2565 1516 2638 propter

910 2661 1137 2725 difficultatem
1161 2661 1318 2725 transitus
1345 2681 1404 2744 per
1434 2661 1515 2724 den·

909 2786 992 2843 sum,
1019 2787 1094 2829 cum
1122 2768 1154 2829 in
1181 2786 1257 2829 aere
1282 2788 1302 2829 a
1332 2786 1399 2847 quo
1421 2765 1515 2828 venit

909 2871 1054 2934 inveniat
1066 2870 1153 2933 viam
1169 2870 1304 2949 facilem,
1314 2869 1514 2952 multiplicat

910 2994 946 3038 se
976 2974 1142 3057 copiosius
1172 2975 1204 3038 in
1239 2984 1366 3057 partem
1397 2995 1417 3038 a
1446 2994 1513 3055 qua

909 3080 1010 3142 venit.
1056 3079 1102 3141 Et
1126 3088 1238 3161 potest
1259 3100 1332 3143 esse
1353 3079 1460 3160 primo
1480 3078 1513 3141 in

909 3183 1054 3265 generali
1070 3183 1201 3247 duobus
1216 3185 1324 3247 modis
1337 3204 1345 3260 ;
1366 3202 1441 3245 narn
1454 3192 1514 3245 aut

909 3288 1000 3352 cadit
1053 3286 1368 3369 perpendiculariter
1413 3306 1515 3369 super

909 3393 1060 3471 densum,
1096 3402 1130 3455 et
1164 3403 1245 3456 tunc
1279 3392 1364 3455 redit
1402 3392 1434 3453 in
1475 3408 1514 3455 se

908 3499 1044 3561 omnino
1066 3517 1125 3578 per
1138 3497 1277 3561 eandem
1293 3497 1380 3559 viam
1402 3518 1422 3559 a
1445 3517 1514 3580 qua

358 3604 458 3681 venit,
478 3614 511 3667 et
531 3603 719 3686 geminatur
743 3604 853 3668 radius
877 3602 910 3665 in
932 3604 1049 3665 eodem
1073 3600 1156 3678 loc0,
1171 3611 1209 3664 ut
1226 3622 1248 3664 a
1262 3601 1281 3664 b
1295 3602 1407 3664 radius
1421 3602 1513 3666 cadit

358 3706 682 3788 perpendiculariter,
705 3718 739 3772 et
761 3708 825 3770 hoc
848 3717 899 3770 est
923 3707 954 3769 in
981 3704 1088 3788 planis
1110 3706 1153 3768 ad
1176 3703 1316 3786 angulos
1337 3715 1454 3782 rectos,
1474 3716 1513 3770 ut

359 3810 498 3874 docetur
517 3812 549 3874 in
572 3812 748 3875 undecimo
771 3812 987 3894 geometriae,
1005 3810 1091 3874 sicut
1115 3810 1147 3871 in
1171 3808 1359 3892 sphaericis
1374 3810 1512 3892 quando

359 3915 447 3977 cadit
464 3915 496 3976 in
513 3924 672 3980 centrum.
707 3915 754 3980 Et
772 3936 872 3980 causa
887 3914 986 3996 hujus
1002 3922 1072 3990 est3
1091 3914 1170 3996 quia
1184 3913 1297 3997 anguli
1315 3913 1512 3981 incidentiae

358 4026 391 4081 et
408 4018 596 4083 reflexionis
612 4040 743 4103 semper
755 4030 833 4084 sunt
848 4019 1015 4101 aequales,
1027 4028 1064 4081 ut
1082 4017 1257 4099 multiplex
1269 4018 1512 4081 demonstratio

357 4121 465 4195 docet,
476 4132 510 4186 et
522 4133 670 4187 auctores
682 4144 798 4187 omnes
810 4131 1011 4205 supponunt,
1020 4131 1054 4186 et
1066 4122 1286 4185 instrumenta
1297 4122 1339 4184 ad
1351 4119 1413 4183 hoc
1423 4118 1514 4185 sacta

356 4226 500 4290 edocent
524 4228 566 4291 ad
589 4227 732 4292 oculum.
779 4227 845 4292 Sed
870 4248 937 4292 non
959 4237 1036 4291 sunt
1059 4226 1119 4290 nisi
1140 4226 1209 4289 duo
1230 4223 1342 4308 anguli
1363 4226 1443 4287 recti
1464 4244 1511 4288 ex

390 4416 398 4445 ¹
419 4416 521 4466 Recent
530 4418 686 4468 discoveries
701 4419 759 4481 give
776 4418 851 4467 much
863 4418 973 4467 interest
988 4426 1016 4466 to
1027 4418 1079 4466 this
1095 4417 1258 4478 expression.
1293 4415 1373 4476 Here,
1386 4430 1415 4463 as
1427 4415 1453 4463 in
1466 4416 1512 4465 the

358 4510 418 4545 case
429 4495 583 4545 allerwards
595 4505 622 4545 to
635 4497 668 4545 be
676 4498 777 4546 noticed
785 4497 816 4545 os
824 4496 869 4544 the
878 4496 941 4544 time
952 4495 1076 4557 occupied
1088 4495 1114 4542 in
1124 4494 1168 4543 the
1179 4509 1289 4556 passage
1298 4493 1328 4542 os
1335 4494 1409 4555 light,
1419 4493 1511 4542 Bacon

358 4573 499 4623 conceived
511 4576 567 4623 that
578 4590 715 4637 processes
727 4576 806 4637 might
820 4574 878 4622 talre
890 4573 1004 4635 placens
1017 4573 1102 4622 which
1115 4574 1209 4621 human
1221 4588 1299 4621 sense
1310 4588 1366 4619 was
1383 4579 1429 4620 not
1440 4571 1509 4621 keen

357 4651 460 4713 enough
474 4660 501 4701 to
512 4652 572 4701 take
584 4653 749 4714 cognitance.
785 4652 836 4701 See
848 4652 888 4700 De
897 4650 973 4702 Muti.
984 4652 1136 4715 Specr'emm,
1149 4650 1210 4700 Pars
1224 4650 1258 4711 ll,
1271 4666 1326 4712 cap.
1337 4664 1361 4710 5.
