3575 5375
358 532 421 595 330
582 518 738 577 OPERIS
762 517 953 588 MAJORIS
977 517 1092 577 PARS
1117 518 1301 592 QUARTA.

190 684 270 762 orirer
404 669 586 764 Postquam
601 702 681 747 vero
699 683 855 748 inventae
875 692 953 747 sunt
974 681 1037 746 hae
1056 683 1206 766 regiones
1229 705 1250 748 a
1272 683 1387 766 lingua
1411 683 1516 747 maris

191 750 332 870 ffliiffs
360 787 467 853 Rubri
483 808 542 870 per
558 789 744 852 mansiones
760 787 902 852 filiorum
920 788 1031 862 Israel,
1044 788 1154 852 adhuc
1169 789 1446 853 considerandum
1461 796 1516 851 est

359 895 450 975 quod
466 894 498 956 in
519 894 658 958 desertis
677 914 763 976 quae
783 904 860 958 sunt
881 895 967 957 inter
988 914 1079 958 mare
1095 894 1246 957 Rubrum
1267 903 1302 958 et
1320 902 1423 958 terras
1441 893 1516 975 jam

359 998 545 1061 nominatas
565 1007 641 1062 sunt
662 997 747 1062 aliae
770 999 922 1080 regiones
945 1019 1094 1081 magnae,
1114 1017 1201 1080 quae
1223 999 1450 1062 extenduntur
1468 998 1514 1060 ab

362 1100 535 1184 Euphrate
565 1101 597 1167 in
626 1102 761 1167 circuitu
791 1112 952 1166 terrarum
981 1103 1050 1185 jam
1081 1102 1257 1181 dictarum,
1279 1102 1404 1165 scilicet
1425 1112 1515 1165 terra

359 1203 501 1270 filiorum
525 1205 675 1270 Ammon
706 1215 740 1270 et
770 1206 884 1284 Moab,
908 1215 943 1270 et
968 1206 1137 1270 desertum
1167 1205 1307 1282 Pharan,
1332 1227 1437 1289 usque
1468 1206 1512 1268 ad

358 1320 481 1374 terram
504 1310 735 1388 Elamitarum,
757 1330 859 1392 quarn
882 1312 1033 1394 superius
1055 1330 1127 1375 esse
1150 1313 1295 1393 positam
1318 1311 1390 1374 dixi
1413 1329 1515 1392 super

360 1414 453 1478 littus
484 1415 599 1478 maris·
614 1415 722 1479 Rubri
752 1436 772 1479 a
801 1415 941 1479 transitu
973 1414 1116 1480 filiorum
1141 1414 1243 1479 lsrael
1274 1435 1378 1497 usque
1399 1434 1515 1480 versus

360 1520 529 1582 orientem.
577 1519 616 1582 In
647 1517 708 1581 hac
734 1519 835 1602 igitur
861 1521 996 1602 regione
1026 1520 1202 1603 pergrandi
1233 1519 1385 1584 similiter
1414 1529 1448 1582 et
1479 1517 1515 1581 in

361 1622 491 1687 Pharan
517 1622 751 1688 habitaverunt
780 1622 838 1687 filii
869 1623 1018 1688 Keturae
1045 1634 1080 1687 et
1105 1623 1207 1707 Agar,
1231 1645 1317 1707 quos
1342 1624 1515 1707 generavit

359 1725 545 1806 Abraham,
569 1727 610 1790 de
636 1728 755 1809 quibus
782 1726 820 1791 fit
847 1728 975 1792 mentio
999 1748 1072 1791 xxv
1095 1727 1244 1811 capitulo
1273 1727 1419 1792 Genesis.
1466 1727 1513 1791 Et

361 1832 469 1913 primo
493 1833 536 1894 ab
564 1831 737 1915 Euphrate
761 1832 993 1916 incipitregio
1020 1833 1223 1897 Nabathena
1253 1854 1273 1897 a
1303 1833 1372 1896 filio
1403 1833 1513 1915 primo

360 1935 519 2012 Ismaelis,
534 1938 591 2018 qui
606 1948 744 2000 vocatur
764 1937 946 2013 Nabaioth,
960 1937 1045 2001 sicut
1065 1938 1145 2002 dicit
1160 1937 1398 2020 Hieronymus,
1412 1957 1514 2019 super

361 2038 516 2104 Genesim
537 2062 608 2104 xxv
624 2041 776 2124 capitulo,
793 2051 827 2105 et
848 2061 935 2106 nunc
953 2042 1045 2106 dicto
1064 2043 1245 2106 concordat
1262 2041 1386 2106 Plinius
1401 2041 1512 2124 primo

359 2143 452 2222 libro,
468 2146 529 2208 nisi
545 2147 636 2228 quod
653 2166 753 2210 unam
771 2156 901 2228 partem
919 2145 1195 2211 Nabathenorum
1215 2156 1312 2210 vocat
1328 2146 1513 2224 Nomades,

358 2249 423 2330 quir
437 2261 602 2332 vagantur
627 2250 712 2313 circa
737 2250 945 2332 Euphratem
972 2271 1077 2333 prope
1105 2249 1312 2327 Chaldaeos3
1346 2261 1423 2333 post
1448 2249 1512 2313 hos

358 2373 471 2417 versus
481 2354 648 2418 desertum
660 2354 789 2419 Pharan
802 2365 853 2418 est
865 2355 974 2420 Cedat
987 2356 1089 2439 regio,
1098 2375 1184 2437 quae
1195 2355 1239 2419 ab
1250 2355 1353 2417 altero
1367 2355 1511 2418 filiorum

360 2443 485 2523 Ismael'
504 2460 693 2524 nominatur
714 2461 772 2542 qui
794 2459 904 2524 Cedar
919 2471 1057 2525 vocatus
1079 2470 1140 2524 est.
1187 2459 1234 2523 Et
1256 2461 1408 2541 quamvis
1427 2458 1513 2523 aliae

359 2563 510 2645 regiones
525 2562 667 2627 filiorum
685 2562 807 2627 Ismael
822 2565 1036 2628 nominentur
1050 2584 1157 2646 usque
1172 2562 1333 2640 Sur,nam
1349 2563 1513 2627 habitavit

358 2667 400 2730 ab
412 2665 509 2730 Evila
521 2686 625 2749 usque
638 2667 710 2743 Sur,
722 2667 805 2732 sicut
818 2669 898 2732 dicit
909 2668 1091 2751 Scriptura,
1102 2679 1215 2733 tamen
1228 2689 1341 2732 omnes
1352 2677 1513 2731 vocantur

360 2771 477 2849 Cedar,
492 2772 577 2836 sicut
597 2772 669 2836 vult
691 2772 919 2854 Hieronymus
942 2774 1060 2855 quinto
1076 2773 1162 2838 libro
1184 2793 1283 2856 super
1301 2772 1382 2836 illud
1404 2772 1513 2836 Isaiae

359 2876 420 2938 xxi
438 2875 531 2940 Onus
547 2876 579 2939 in
594 2875 732 2953 Arabia,
747 2877 870 2953 dicens,
887 2877 953 2940 Hic
974 2878 1119 2960 loquitur
1140 2898 1200 2960 pro
1222 2877 1340 2956 Cedar,
1356 2898 1443 2960 quae
1459 2886 1513 2941 est

359 2981 450 3062 regio
468 2979 720 3060 ismaelitarum,
735 2982 792 3063 qui
808 2982 961 3046 dicuntur
976 2982 1123 3065 Agareni
1141 2992 1174 3046 et
1196 2982 1353 3047 Saraceni
1375 2982 1511 3044 nomine

359 3105 532 3168 perverso;
556 3093 589 3148 et
604 3088 747 3167 septimo
769 3086 854 3150 libro
869 3107 968 3169 super
982 3086 1166 3169 capitulum
1184 3086 1291 3175 isaiae
1311 3085 1349 3148 lx
1364 3085 1446 3149 dicit
1467 3086 1511 3148 de

359 3190 410 3252 his
426 3190 616 3273 regionibus
628 3189 737 3255 Cedar
749 3200 783 3254 et
797 3190 1006 3265 Nabathena‚
1017 3192 1108 3273 quod
1123 3189 1233 3255 Cedar
1244 3199 1295 3253 est
1307 3191 1397 3271 regio
1409 3187 1510 3253 Sara-

357 3314 523 3373 cenorum,
536 3296 592 3377 qui
609 3295 642 3357 in
656 3293 827 3377 Scriptura
837 3306 1000 3359 vocantur
1015 3293 1214 3371 ismaelitae,
1225 3305 1259 3359 et
1271 3293 1442 3359 Nabaioth
1458 3302 1511 3356 est

357 3419 442 3462 unus
462 3398 605 3463 filiorum
627 3400 757 3475 Ismael‚
774 3419 916 3481 quorum
938 3399 1128 3463 nominibus
1146 3398 1291 3463 solitudo
1313 3397 1512 3481 appellatur,

357 3522 444 3584 quae
463 3505 592 3584 lrugum
614 3504 718 3586 inops
735 3525 892 3586 pecorum
918 3504 1015 3587 plena
1038 3513 1098 3568 est.
1144 3502 1242 3567 Evila
1259 3524 1338 3567 vero
1360 3513 1412 3565 est
1435 3523 1512 3585 pars

357 3608 499 3690 regionis
517 3607 667 3671 Ismaelis
686 3609 812 3672 distans
833 3630 853 3672 a
874 3609 1004 3673 Pharan
1025 3609 1151 3690 oppido
1171 3609 1205 3671 in
1226 3608 1358 3672 deserto
1378 3607 1509 3670 Pharan

358 3730 417 3792 per
434 3721 501 3775 tres
521 3711 638 3790 dietas,
652 3722 689 3775 ut
709 3712 829 3775 dicitur
844 3714 877 3775 in
894 3712 979 3776 libro
996 3711 1171 3776 Locorum.
1218 3711 1281 3775 Est
1295 3732 1374 3774 vero
1395 3719 1429 3775 et
1446 3710 1512 3774 alia

358 3815 451 3895 regio
474 3813 572 3877 Evila
599 3816 631 3877 in
661 3815 756 3880 India
781 3816 880 3899 juxta
908 3815 1031 3880 fiumen
1058 3816 1211 3898 Gangem
1238 3817 1282 3879 de
1306 3835 1374 3897 qua
1400 3816 1511 3897 primo

358 3917 497 3982 Genesis
520 3919 649 3982 dicitur.

188 4035 264 4113 Saba,
276 4034 302 4112 in
403 4024 450 4087 Et
464 4023 550 4087 inter
566 4023 675 4089 Cedar
690 4035 724 4089 et
741 4024 962 4089 Elamitarum
974 4026 1141 4110 regionem
1153 4025 1379 4108 supradictam
1391 4035 1509 4087 exten-

187 4100 326 4215 Xlfflm
357 4128 446 4191 ditur
469 4126 559 4192 Saba
582 4131 672 4212 regio
692 4150 790 4212 super
814 4130 906 4194 littus
925 4131 1025 4194 maris
1046 4130 1152 4194 Rubri
1167 4130 1350 4194 secundum
1368 4128 1510 4193 Plinium

188 4232 266 4282 Felix.
357 4234 475 4316 quinto
491 4233 584 4297 libro.
629 4234 676 4298 Et
691 4234 773 4298 haec
789 4236 880 4318 regio
897 4242 948 4298 est
964 4235 1120 4299 thurifera
1135 4244 1169 4299 et
1185 4234 1389 4299 aromatibus
1401 4232 1511 4314 plena,

358 4347 392 4401 et
414 4337 516 4401 habet
538 4349 606 4401 tres
629 4349 750 4421 partes
797 4338 873 4403 Una
892 4351 1031 4404 vocatur
1050 4338 1178 4403 Arabia
1200 4339 1409 4415 Eudaemon,
1424 4357 1512 4419 quae

358 4441 535 4506 includitur
552 4444 637 4506 inter
656 4444 764 4507 sinum
782 4443 947 4508 Persicum
970 4445 1069 4507 maris
1087 4444 1191 4508 Rubri
1212 4453 1246 4507 et
1261 4444 1371 4506 sinum
1389 4441 1512 4505 Arabi·

357 4568 442 4625 cum,
452 4549 635 4612 secundum
647 4548 801 4613 Orosium
815 4547 900 4612 libro
912 4549 955 4611 de
969 4546 1126 4613 Ormesta
1137 4547 1265 4625 Mundi,
1275 4557 1310 4611 et
1324 4546 1510 4611 secundum
