<?xml version="1.0" encoding="UTF-8"?>
<!DOCTYPE html PUBLIC "-//W3C//DTD XHTML 1.0 Transitional//EN"
    "http://www.w3.org/TR/xhtml1/DTD/xhtml1-transitional.dtd">
<html xmlns="http://www.w3.org/1999/xhtml" xml:lang="en" lang="en">
 <head>
  <title>
</title>
<meta http-equiv="Content-Type" content="text/html;charset=utf-8" />
  <meta name='ocr-system' content='tesseract 3.04.00' />
  <meta name='ocr-capabilities' content='ocr_page ocr_carea ocr_par ocr_line ocrx_word'/>
</head>
<body>
  <div class='ocr_page' id='page_1' title='image "./opusmajusrogerb01bridgoog/opusmajusrogerb01bridgoog_0593.png"; bbox 0 0 3575 5375; ppageno 0'>
   <div class='ocr_carea' id='block_1_1' title="bbox 340 586 1271 677">
    <p class='ocr_par' dir='ltr' id='par_1_1' title="bbox 340 586 1271 677">
     <span class='ocr_line' id='line_1_1' title="bbox 340 586 1271 677; baseline -0.012 -24"><span class='ocrx_word' id='word_1_1' title='bbox 340 605 402 667; x_wconf 84' lang='lat'><strong>394</strong></span> <span class='ocrx_word' id='word_1_2' title='bbox 467 591 470 596; x_wconf 74' lang='grc'>’</span> <span class='ocrx_word' id='word_1_3' title='bbox 554 589 921 677; x_wconf 67' lang='lat' dir='ltr'><strong>OPERISMAJORIS</strong></span> <span class='ocrx_word' id='word_1_4' title='bbox 946 587 1061 647; x_wconf 84' lang='lat' dir='ltr'><em>PARS</em></span> <span class='ocrx_word' id='word_1_5' title='bbox 1086 586 1271 660; x_wconf 83' lang='lat' dir='ltr'><strong>QUARTA.</strong></span> 
     </span>
    </p>
   </div>
   <div class='ocr_carea' id='block_1_2' title="bbox 169 748 1706 3866">
    <p class='ocr_par' dir='ltr' id='par_1_2' title="bbox 339 748 1706 2405">
     <span class='ocr_line' id='line_1_2' title="bbox 340 748 1494 836; baseline -0.005 -19"><span class='ocrx_word' id='word_1_6' title='bbox 340 753 486 817; x_wconf 90' lang='lat' dir='ltr'><strong>omniurn</strong></span> <span class='ocrx_word' id='word_1_7' title='bbox 505 773 591 834; x_wconf 91' lang='lat' dir='ltr'><strong>quae</strong></span> <span class='ocrx_word' id='word_1_8' title='bbox 606 762 789 836; x_wconf 84' lang='lat' dir='ltr'><strong>tanguntur</strong></span> <span class='ocrx_word' id='word_1_9' title='bbox 806 753 849 816; x_wconf 93' lang='lat' dir='ltr'><strong>de</strong></span> <span class='ocrx_word' id='word_1_10' title='bbox 867 754 930 816; x_wconf 91' lang='lat' dir='ltr'><strong>hac</strong></span> <span class='ocrx_word' id='word_1_11' title='bbox 946 753 1083 817; x_wconf 88' lang='lat' dir='ltr'><strong>materia</strong></span> <span class='ocrx_word' id='word_1_12' title='bbox 1094 751 1115 813; x_wconf 88' lang='lat'><strong>¹.</strong></span> <span class='ocrx_word' id='word_1_13' title='bbox 1161 750 1380 834; x_wconf 88' lang='lat' dir='ltr'><strong>Philosophus</strong></span> <span class='ocrx_word' id='word_1_14' title='bbox 1395 748 1494 832; x_wconf 91' lang='lat' dir='ltr'><strong>igitur</strong></span> 
     </span>
     <span class='ocr_line' id='line_1_3' title="bbox 340 853 1706 941; baseline -0.007 -19"><span class='ocrx_word' id='word_1_15' title='bbox 340 859 444 923; x_wconf 91' lang='lat' dir='ltr'><strong>voluit</strong></span> <span class='ocrx_word' id='word_1_16' title='bbox 471 859 561 940; x_wconf 92' lang='lat' dir='ltr'><strong>quod</strong></span> <span class='ocrx_word' id='word_1_17' title='bbox 592 857 715 922; x_wconf 86' lang='lat' dir='ltr'><strong>faceret</strong></span> <span class='ocrx_word' id='word_1_18' title='bbox 746 879 844 941; x_wconf 89' lang='lat' dir='ltr'><strong>opera</strong></span> <span class='ocrx_word' id='word_1_19' title='bbox 878 858 1058 940; x_wconf 85' lang='lat' dir='ltr'><strong>sapientiae</strong></span> <span class='ocrx_word' id='word_1_20' title='bbox 1087 877 1146 938; x_wconf 88' lang='lat' dir='ltr'><strong>per</strong></span> <span class='ocrx_word' id='word_1_21' title='bbox 1168 856 1295 919; x_wconf 91' lang='lat' dir='ltr'><strong>debitas</strong></span> <span class='ocrx_word' id='word_1_22' title='bbox 1317 853 1492 917; x_wconf 88' lang='lat' dir='ltr'><strong>constella-</strong></span> <span class='ocrx_word' id='word_1_23' title='bbox 1690 871 1706 926; x_wconf 67' lang='grc' dir='ltr'><strong>ε</strong></span> 
     </span>
     <span class='ocr_line' id='line_1_4' title="bbox 340 959 1706 1046; baseline -0.005 -20"><span class='ocrx_word' id='word_1_24' title='bbox 340 963 445 1026; x_wconf 89' lang='lat' dir='ltr'><strong>tiones</strong></span> <span class='ocrx_word' id='word_1_25' title='bbox 464 965 507 1025; x_wconf 88' lang='lat' dir='ltr'><strong>ad</strong></span> <span class='ocrx_word' id='word_1_26' title='bbox 529 964 664 1026; x_wconf 91' lang='lat' dir='ltr'><strong>modum</strong></span> <span class='ocrx_word' id='word_1_27' title='bbox 689 963 828 1044; x_wconf 77' lang='lat' dir='ltr'><strong>MoysiS,</strong></span> <span class='ocrx_word' id='word_1_28' title='bbox 847 962 904 1044; x_wconf 91' lang='lat' dir='ltr'><strong>qui</strong></span> <span class='ocrx_word' id='word_1_29' title='bbox 926 963 1085 1027; x_wconf 88' lang='lat' dir='ltr'><strong>excitavit</strong></span> <span class='ocrx_word' id='word_1_30' title='bbox 1105 960 1251 1024; x_wconf 89' lang='lat' dir='ltr'><strong>animam</strong></span> <span class='ocrx_word' id='word_1_31' title='bbox 1270 959 1414 1022; x_wconf 89' lang='lat' dir='ltr'><strong>mulieris</strong></span> <span class='ocrx_word' id='word_1_32' title='bbox 1435 978 1494 1039; x_wconf 88' lang='lat' dir='ltr'><strong>per</strong></span> <span class='ocrx_word' id='word_1_33' title='bbox 1686 995 1706 1046; x_wconf 43' lang='grc' dir='ltr'><em>ἃ</em></span> 
     </span>
     <span class='ocr_line' id='line_1_5' title="bbox 341 1063 1493 1150; baseline -0.004 -20"><span class='ocrx_word' id='word_1_34' title='bbox 341 1067 500 1131; x_wconf 89' lang='lat' dir='ltr'><strong>coelestes</strong></span> <span class='ocrx_word' id='word_1_35' title='bbox 528 1069 666 1131; x_wconf 89' lang='lat' dir='ltr'><strong>virtutes</strong></span> <span class='ocrx_word' id='word_1_36' title='bbox 701 1077 849 1150; x_wconf 86' lang='lat' dir='ltr'><strong>receptas</strong></span> <span class='ocrx_word' id='word_1_37' title='bbox 880 1067 913 1128; x_wconf 91' lang='lat' dir='ltr'><strong>in</strong></span> <span class='ocrx_word' id='word_1_38' title='bbox 944 1067 1089 1130; x_wconf 89' lang='lat' dir='ltr'><strong>materia.</strong></span> <span class='ocrx_word' id='word_1_39' title='bbox 1150 1064 1239 1127; x_wconf 90' lang='lat' dir='ltr'><strong>Nam</strong></span> <span class='ocrx_word' id='word_1_40' title='bbox 1270 1083 1335 1146; x_wconf 92' lang='lat' dir='ltr'><strong>qua</strong></span> <span class='ocrx_word' id='word_1_41' title='bbox 1366 1063 1493 1126; x_wconf 91' lang='lat' dir='ltr'><strong>ratione</strong></span> 
     </span>
     <span class='ocr_line' id='line_1_6' title="bbox 341 1168 1493 1254; baseline -0.006 -18"><span class='ocrx_word' id='word_1_42' title='bbox 341 1173 451 1254; x_wconf 92' lang='lat' dir='ltr'><strong>potuit</strong></span> <span class='ocrx_word' id='word_1_43' title='bbox 468 1172 525 1234; x_wconf 94' lang='lat' dir='ltr'><strong>illa</strong></span> <span class='ocrx_word' id='word_1_44' title='bbox 539 1172 656 1235; x_wconf 87' lang='lat' dir='ltr'><strong>mulier</strong></span> <span class='ocrx_word' id='word_1_45' title='bbox 673 1173 793 1235; x_wconf 89' lang='lat' dir='ltr'><strong>mutari</strong></span> <span class='ocrx_word' id='word_1_46' title='bbox 808 1173 850 1236; x_wconf 93' lang='lat' dir='ltr'><strong>ad</strong></span> <span class='ocrx_word' id='word_1_47' title='bbox 870 1172 1058 1237; x_wconf 87' lang='lat' dir='ltr'><strong>castitatem</strong></span> <span class='ocrx_word' id='word_1_48' title='bbox 1081 1180 1114 1235; x_wconf 90' lang='lat' dir='ltr'><strong>et</strong></span> <span class='ocrx_word' id='word_1_49' title='bbox 1133 1169 1331 1233; x_wconf 90' lang='lat' dir='ltr'><strong>oblivionem</strong></span> <span class='ocrx_word' id='word_1_50' title='bbox 1357 1168 1416 1230; x_wconf 91' lang='lat' dir='ltr'><strong>viri</strong></span> <span class='ocrx_word' id='word_1_51' title='bbox 1433 1187 1493 1247; x_wconf 92' lang='lat' dir='ltr'><strong>per</strong></span> 
     </span>
     <span class='ocr_line' id='line_1_7' title="bbox 341 1273 1491 1359; baseline -0.003 -21"><span class='ocrx_word' id='word_1_52' title='bbox 341 1277 512 1358; x_wconf 86' lang='lat' dir='ltr'><strong>imagines,</strong></span> <span class='ocrx_word' id='word_1_53' title='bbox 528 1277 635 1359; x_wconf 92' lang='lat' dir='ltr'><strong>potuit</strong></span> <span class='ocrx_word' id='word_1_54' title='bbox 652 1287 684 1340; x_wconf 91' lang='lat' dir='ltr'><strong>et</strong></span> <span class='ocrx_word' id='word_1_55' title='bbox 704 1279 745 1340; x_wconf 92' lang='lat' dir='ltr'><strong>ad</strong></span> <span class='ocrx_word' id='word_1_56' title='bbox 762 1277 845 1340; x_wconf 90' lang='lat' dir='ltr'><strong>alios</strong></span> <span class='ocrx_word' id='word_1_57' title='bbox 862 1297 970 1339; x_wconf 92' lang='lat' dir='ltr'><strong>mores</strong></span> <span class='ocrx_word' id='word_1_58' title='bbox 985 1276 1111 1339; x_wconf 91' lang='lat' dir='ltr'><strong>moveri</strong></span> <span class='ocrx_word' id='word_1_59' title='bbox 1128 1294 1194 1337; x_wconf 89' lang='lat' dir='ltr'><strong>non</strong></span> <span class='ocrx_word' id='word_1_60' title='bbox 1209 1273 1316 1338; x_wconf 89' lang='lat' dir='ltr'><strong>solum</strong></span> <span class='ocrx_word' id='word_1_61' title='bbox 1333 1273 1414 1356; x_wconf 89' lang='lat' dir='ltr'><strong>ipsa,</strong></span> <span class='ocrx_word' id='word_1_62' title='bbox 1433 1273 1491 1334; x_wconf 90' lang='lat' dir='ltr'><strong>sed</strong></span> 
     </span>
     <span class='ocr_line' id='line_1_8' title="bbox 340 1377 1492 1463; baseline -0.005 -20"><span class='ocrx_word' id='word_1_63' title='bbox 340 1383 536 1462; x_wconf 89' lang='lat' dir='ltr'><strong>quicunque.</strong></span> <span class='ocrx_word' id='word_1_64' title='bbox 572 1381 780 1446; x_wconf 86' lang='lat' dir='ltr'><strong>Ptolemaeus</strong></span> <span class='ocrx_word' id='word_1_65' title='bbox 796 1383 827 1444; x_wconf 92' lang='lat' dir='ltr'><strong>in</strong></span> <span class='ocrx_word' id='word_1_66' title='bbox 846 1402 933 1445; x_wconf 92' lang='lat' dir='ltr'><strong>nona</strong></span> <span class='ocrx_word' id='word_1_67' title='bbox 949 1380 1179 1463; x_wconf 89' lang='lat' dir='ltr'><strong>propositione</strong></span> <span class='ocrx_word' id='word_1_68' title='bbox 1192 1377 1368 1458; x_wconf 88' lang='lat' dir='ltr'><strong>Centilogii</strong></span> <span class='ocrx_word' id='word_1_69' title='bbox 1384 1377 1492 1451; x_wconf 87' lang='lat' dir='ltr'><strong>docet,</strong></span> 
     </span>
     <span class='ocr_line' id='line_1_9' title="bbox 339 1481 1491 1568; baseline -0.004 -19"><span class='ocrx_word' id='word_1_70' title='bbox 339 1489 430 1567; x_wconf 93' lang='lat' dir='ltr'><strong>quod</strong></span> <span class='ocrx_word' id='word_1_71' title='bbox 460 1489 570 1549; x_wconf 92' lang='lat' dir='ltr'><strong>vultus</strong></span> <span class='ocrx_word' id='word_1_72' title='bbox 602 1486 699 1568; x_wconf 89' lang='lat' dir='ltr'><strong>hujus</strong></span> <span class='ocrx_word' id='word_1_73' title='bbox 729 1486 828 1550; x_wconf 86' lang='lat' dir='ltr'><strong>seculi</strong></span> <span class='ocrx_word' id='word_1_74' title='bbox 851 1496 929 1550; x_wconf 91' lang='lat' dir='ltr'><strong>sunt</strong></span> <span class='ocrx_word' id='word_1_75' title='bbox 952 1487 1091 1567; x_wconf 90' lang='lat' dir='ltr'><strong>subjecti</strong></span> <span class='ocrx_word' id='word_1_76' title='bbox 1114 1484 1260 1547; x_wconf 90' lang='lat' dir='ltr'><strong>vultibus</strong></span> <span class='ocrx_word' id='word_1_77' title='bbox 1283 1481 1491 1545; x_wconf 87' lang='lat' dir='ltr'><strong>coelestibus.</strong></span> 
     </span>
     <span class='ocr_line' id='line_1_10' title="bbox 341 1587 1491 1673; baseline -0.004 -21"><span class='ocrx_word' id='word_1_78' title='bbox 341 1591 386 1653; x_wconf 89' lang='lat' dir='ltr'><strong>Et</strong></span> <span class='ocrx_word' id='word_1_79' title='bbox 402 1592 483 1654; x_wconf 89' lang='lat' dir='ltr'><strong>dicit</strong></span> <span class='ocrx_word' id='word_1_80' title='bbox 502 1591 603 1672; x_wconf 86' lang='lat' dir='ltr'><strong>Haly‚</strong></span> <span class='ocrx_word' id='word_1_81' title='bbox 620 1593 708 1672; x_wconf 92' lang='lat' dir='ltr'><strong>quod</strong></span> <span class='ocrx_word' id='word_1_82' title='bbox 727 1591 758 1653; x_wconf 93' lang='lat' dir='ltr'><strong>in</strong></span> <span class='ocrx_word' id='word_1_83' title='bbox 770 1591 835 1654; x_wconf 92' lang='lat' dir='ltr'><strong>hoc</strong></span> <span class='ocrx_word' id='word_1_84' title='bbox 846 1591 993 1673; x_wconf 90' lang='lat' dir='ltr'><strong>capitulo</strong></span> <span class='ocrx_word' id='word_1_85' title='bbox 1004 1591 1075 1653; x_wconf 92' lang='lat' dir='ltr'><strong>vult</strong></span> <span class='ocrx_word' id='word_1_86' title='bbox 1088 1589 1298 1653; x_wconf 87' lang='lat' dir='ltr'><strong>Ptolemaeus</strong></span> <span class='ocrx_word' id='word_1_87' title='bbox 1310 1587 1491 1669; x_wconf 86' lang='lat' dir='ltr'><strong>imaginum</strong></span> 
     </span>
     <span class='ocr_line' id='line_1_11' title="bbox 340 1691 1492 1778; baseline -0.003 -22"><span class='ocrx_word' id='word_1_88' title='bbox 340 1706 465 1758; x_wconf 85' lang='lat' dir='ltr'><strong>secreta</strong></span> <span class='ocrx_word' id='word_1_89' title='bbox 496 1695 690 1777; x_wconf 78' lang='lat' dir='ltr'><strong>patefacere.</strong></span> <span class='ocrx_word' id='word_1_90' title='bbox 737 1696 782 1758; x_wconf 91' lang='lat' dir='ltr'><strong>Et</strong></span> <span class='ocrx_word' id='word_1_91' title='bbox 813 1705 906 1778; x_wconf 89' lang='lat' dir='ltr'><strong>patet</strong></span> <span class='ocrx_word' id='word_1_92' title='bbox 937 1697 1074 1758; x_wconf 89' lang='lat' dir='ltr'><strong>intentio</strong></span> <span class='ocrx_word' id='word_1_93' title='bbox 1104 1715 1218 1758; x_wconf 90' lang='lat' dir='ltr'><strong>eorum</strong></span> <span class='ocrx_word' id='word_1_94' title='bbox 1249 1693 1281 1754; x_wconf 93' lang='lat' dir='ltr'><strong>in</strong></span> <span class='ocrx_word' id='word_1_95' title='bbox 1308 1691 1492 1767; x_wconf 91' lang='lat' dir='ltr'><strong>universali,</strong></span> 
     </span>
     <span class='ocr_line' id='line_1_12' title="bbox 340 1795 1492 1881; baseline -0.006 -19"><span class='ocrx_word' id='word_1_96' title='bbox 340 1799 417 1880; x_wconf 91' lang='lat' dir='ltr'><strong>quia</strong></span> <span class='ocrx_word' id='word_1_97' title='bbox 447 1799 473 1862; x_wconf 93' lang='lat' dir='ltr'><strong>si</strong></span> <span class='ocrx_word' id='word_1_98' title='bbox 501 1800 661 1881; x_wconf 91' lang='lat' dir='ltr'><strong>contingit</strong></span> <span class='ocrx_word' id='word_1_99' title='bbox 689 1801 897 1880; x_wconf 90' lang='lat' dir='ltr'><strong>temporibus</strong></span> <span class='ocrx_word' id='word_1_100' title='bbox 923 1800 1034 1864; x_wconf 87' lang='lat' dir='ltr'><strong>electis</strong></span> <span class='ocrx_word' id='word_1_101' title='bbox 1065 1820 1120 1862; x_wconf 89' lang='lat' dir='ltr'><strong>eas</strong></span> <span class='ocrx_word' id='word_1_102' title='bbox 1143 1797 1293 1878; x_wconf 91' lang='lat' dir='ltr'><strong>sculpere</strong></span> <span class='ocrx_word' id='word_1_103' title='bbox 1313 1795 1357 1860; x_wconf 93' lang='lat' dir='ltr'><strong>ad</strong></span> <span class='ocrx_word' id='word_1_104' title='bbox 1380 1795 1492 1858; x_wconf 88' lang='lat' dir='ltr'><strong>vultus</strong></span> 
     </span>
     <span class='ocr_line' id='line_1_13' title="bbox 340 1897 1491 1987; baseline -0.005 -22"><span class='ocrx_word' id='word_1_105' title='bbox 340 1904 517 1982; x_wconf 89' lang='lat' dir='ltr'><strong>coelorum,</strong></span> <span class='ocrx_word' id='word_1_106' title='bbox 547 1905 656 1967; x_wconf 90' lang='lat' dir='ltr'><strong>omnia</strong></span> <span class='ocrx_word' id='word_1_107' title='bbox 679 1906 796 1967; x_wconf 91' lang='lat' dir='ltr'><strong>nociva</strong></span> <span class='ocrx_word' id='word_1_108' title='bbox 820 1903 932 1986; x_wconf 90' lang='lat' dir='ltr'><strong>repelli</strong></span> <span class='ocrx_word' id='word_1_109' title='bbox 964 1912 1102 1987; x_wconf 88' lang='lat' dir='ltr'><strong>possunt</strong></span> <span class='ocrx_word' id='word_1_110' title='bbox 1124 1911 1158 1965; x_wconf 94' lang='lat' dir='ltr'><strong>et</strong></span> <span class='ocrx_word' id='word_1_111' title='bbox 1182 1897 1272 1965; x_wconf 88' lang='lat' dir='ltr'><strong>utilia</strong></span> <span class='ocrx_word' id='word_1_112' title='bbox 1294 1899 1491 1984; x_wconf 89' lang='lat' dir='ltr'><strong>promoveri.</strong></span> 
     </span>
     <span class='ocr_line' id='line_1_14' title="bbox 341 2003 1490 2089; baseline -0.004 -19"><span class='ocrx_word' id='word_1_113' title='bbox 341 2006 488 2071; x_wconf 78' lang='lat' dir='ltr'><strong>Thebit²</strong></span> <span class='ocrx_word' id='word_1_114' title='bbox 504 2009 588 2072; x_wconf 91' lang='lat' dir='ltr'><strong>inter</strong></span> <span class='ocrx_word' id='word_1_115' title='bbox 606 2029 723 2073; x_wconf 91' lang='lat' dir='ltr'><strong>omncs</strong></span> <span class='ocrx_word' id='word_1_116' title='bbox 745 2007 952 2073; x_wconf 89' lang='lat' dir='ltr'><strong>Christianos</strong></span> <span class='ocrx_word' id='word_1_117' title='bbox 972 2027 1121 2070; x_wconf 90' lang='lat' dir='ltr'><strong>summus</strong></span> <span class='ocrx_word' id='word_1_118' title='bbox 1142 2006 1366 2089; x_wconf 76' lang='lat' dir='ltr'><strong>philosophus¹</strong></span> <span class='ocrx_word' id='word_1_119' title='bbox 1381 2005 1438 2086; x_wconf 93' lang='lat' dir='ltr'><strong>qui</strong></span> <span class='ocrx_word' id='word_1_120' title='bbox 1457 2003 1490 2065; x_wconf 89' lang='lat' dir='ltr'><strong>in</strong></span> 
     </span>
     <span class='ocr_line' id='line_1_15' title="bbox 340 2111 1490 2195; baseline -0.003 -22"><span class='ocrx_word' id='word_1_121' title='bbox 340 2113 453 2175; x_wconf 89' lang='lat' dir='ltr'><strong>multis</strong></span> <span class='ocrx_word' id='word_1_122' title='bbox 474 2114 603 2176; x_wconf 88' lang='lat' dir='ltr'><strong>addidit</strong></span> <span class='ocrx_word' id='word_1_123' title='bbox 621 2115 662 2176; x_wconf 92' lang='lat' dir='ltr'><strong>ad</strong></span> <span class='ocrx_word' id='word_1_124' title='bbox 683 2134 784 2195; x_wconf 90' lang='lat' dir='ltr'><strong>opera</strong></span> <span class='ocrx_word' id='word_1_125' title='bbox 806 2112 988 2176; x_wconf 89' lang='lat' dir='ltr'><strong>Ptolemaei</strong></span> <span class='ocrx_word' id='word_1_126' title='bbox 1011 2123 1046 2176; x_wconf 92' lang='lat' dir='ltr'><strong>et</strong></span> <span class='ocrx_word' id='word_1_127' title='bbox 1064 2111 1205 2175; x_wconf 92' lang='lat' dir='ltr'><strong>aliorum</strong></span> <span class='ocrx_word' id='word_1_128' title='bbox 1226 2120 1490 2173; x_wconf 89' lang='lat' dir='ltr'><strong>astronomorum</strong></span> 
     </span>
     <span class='ocr_line' id='line_1_16' title="bbox 340 2213 1490 2301; baseline -0.005 -21"><span class='ocrx_word' id='word_1_129' title='bbox 340 2228 408 2280; x_wconf 91' lang='lat' dir='ltr'><strong>tarn</strong></span> <span class='ocrx_word' id='word_1_130' title='bbox 425 2218 456 2280; x_wconf 92' lang='lat' dir='ltr'><strong>in</strong></span> <span class='ocrx_word' id='word_1_131' title='bbox 472 2217 683 2300; x_wconf 87' lang='lat' dir='ltr'><strong>speculativis</strong></span> <span class='ocrx_word' id='word_1_132' title='bbox 698 2237 798 2298; x_wconf 92' lang='lat' dir='ltr'><strong>quarn</strong></span> <span class='ocrx_word' id='word_1_133' title='bbox 810 2218 842 2280; x_wconf 90' lang='lat' dir='ltr'><strong>in</strong></span> <span class='ocrx_word' id='word_1_134' title='bbox 855 2217 1016 2301; x_wconf 89' lang='lat' dir='ltr'><strong>practicis,</strong></span> <span class='ocrx_word' id='word_1_135' title='bbox 1027 2215 1211 2299; x_wconf 87' lang='lat' dir='ltr'><strong>specialiter</strong></span> <span class='ocrx_word' id='word_1_136' title='bbox 1222 2215 1308 2277; x_wconf 89' lang='lat' dir='ltr'><strong>hanc</strong></span> <span class='ocrx_word' id='word_1_137' title='bbox 1319 2213 1490 2276; x_wconf 90' lang='lat' dir='ltr'><strong>scientiam</strong></span> 
     </span>
     <span class='ocr_line' id='line_1_17' title="bbox 339 2320 1290 2405; baseline -0.006 -20"><span class='ocrx_word' id='word_1_138' title='bbox 339 2323 518 2405; x_wconf 89' lang='lat' dir='ltr'><strong>ampliavit,</strong></span> <span class='ocrx_word' id='word_1_139' title='bbox 535 2331 569 2385; x_wconf 90' lang='lat' dir='ltr'><strong>et</strong></span> <span class='ocrx_word' id='word_1_140' title='bbox 587 2323 641 2386; x_wconf 92' lang='lat' dir='ltr'><strong>alii</strong></span> <span class='ocrx_word' id='word_1_141' title='bbox 658 2322 889 2404; x_wconf 90' lang='lat' dir='ltr'><strong>sapientissimi</strong></span> <span class='ocrx_word' id='word_1_142' title='bbox 904 2342 1003 2404; x_wconf 90' lang='lat' dir='ltr'><strong>super</strong></span> <span class='ocrx_word' id='word_1_143' title='bbox 1018 2321 1070 2384; x_wconf 92' lang='lat' dir='ltr'><strong>his</strong></span> <span class='ocrx_word' id='word_1_144' title='bbox 1085 2320 1290 2384; x_wconf 88' lang='lat' dir='ltr'><strong>insistebant.</strong></span> 
     </span>
    </p>

    <p class='ocr_par' dir='ltr' id='par_1_3' title="bbox 171 2425 1492 2510">
     <span class='ocr_line' id='line_1_18' title="bbox 171 2425 1492 2510; baseline -0.005 -19"><span class='ocrx_word' id='word_1_145' title='bbox 171 2453 254 2502; x_wconf 82' lang='lat' dir='ltr'><strong>Theo·</strong></span> <span class='ocrx_word' id='word_1_146' title='bbox 385 2425 453 2489; x_wconf 86' lang='lat' dir='ltr'><strong>Sed</strong></span> <span class='ocrx_word' id='word_1_147' title='bbox 470 2427 547 2508; x_wconf 86' lang='lat' dir='ltr'><strong>quia</strong></span> <span class='ocrx_word' id='word_1_148' title='bbox 566 2427 646 2491; x_wconf 90' lang='lat' dir='ltr'><strong>haec</strong></span> <span class='ocrx_word' id='word_1_149' title='bbox 664 2447 766 2510; x_wconf 92' lang='lat' dir='ltr'><strong>opera</strong></span> <span class='ocrx_word' id='word_1_150' title='bbox 780 2426 933 2490; x_wconf 88' lang='lat' dir='ltr'><strong>videntur</strong></span> <span class='ocrx_word' id='word_1_151' title='bbox 947 2425 1048 2508; x_wconf 87' lang='lat' dir='ltr'><strong>vulgo</strong></span> <span class='ocrx_word' id='word_1_152' title='bbox 1068 2425 1274 2489; x_wconf 89' lang='lat' dir='ltr'><strong>studentium</strong></span> <span class='ocrx_word' id='word_1_153' title='bbox 1299 2442 1371 2486; x_wconf 87' lang='lat' dir='ltr'><strong>esse</strong></span> <span class='ocrx_word' id='word_1_154' title='bbox 1391 2441 1492 2504; x_wconf 88' lang='lat' dir='ltr'><strong>supra</strong></span> 
     </span>
    </p>

    <p class='ocr_par' dir='ltr' id='par_1_4' title="bbox 170 2518 1490 2634">
     <span class='ocr_line' id='line_1_19' title="bbox 170 2518 1490 2634; baseline -0.002 -43"><span class='ocrx_word' id='word_1_155' title='bbox 170 2518 304 2634; x_wconf 48' lang='grc' dir='ltr'><strong>ὲῗξῑίᾒῃξῂίε</strong></span> <span class='ocrx_word' id='word_1_156' title='bbox 340 2528 520 2594; x_wconf 87' lang='lat' dir='ltr'><strong>humanum</strong></span> <span class='ocrx_word' id='word_1_157' title='bbox 545 2532 755 2601; x_wconf 85' lang='lat' dir='ltr'><strong>intellectum,</strong></span> <span class='ocrx_word' id='word_1_158' title='bbox 779 2533 858 2613; x_wconf 92' lang='lat' dir='ltr'><strong>quia</strong></span> <span class='ocrx_word' id='word_1_159' title='bbox 882 2531 1001 2612; x_wconf 84' lang='lat' dir='ltr'><strong>vulgus</strong></span> <span class='ocrx_word' id='word_1_160' title='bbox 1025 2550 1099 2594; x_wconf 90' lang='lat' dir='ltr'><strong>curn</strong></span> <span class='ocrx_word' id='word_1_161' title='bbox 1121 2530 1188 2593; x_wconf 92' lang='lat' dir='ltr'><strong>suis</strong></span> <span class='ocrx_word' id='word_1_162' title='bbox 1206 2527 1400 2592; x_wconf 91' lang='lat' dir='ltr'><strong>doctoribus</strong></span> <span class='ocrx_word' id='word_1_163' title='bbox 1423 2548 1490 2590; x_wconf 93' lang='lat' dir='ltr'><strong>non</strong></span> 
     </span>
    </p>

    <p class='ocr_par' dir='ltr' id='par_1_5' title="bbox 170 2631 1491 2719">
     <span class='ocr_line' id='line_1_20' title="bbox 170 2631 1491 2719; baseline -0.003 -20"><span class='ocrx_word' id='word_1_164' title='bbox 170 2649 282 2713; x_wconf 79' lang='lat' dir='ltr'><strong>subject;</strong></span> <span class='ocrx_word' id='word_1_165' title='bbox 339 2645 435 2699; x_wconf 89' lang='lat' dir='ltr'><strong>vacat</strong></span> <span class='ocrx_word' id='word_1_166' title='bbox 462 2636 616 2718; x_wconf 91' lang='lat' dir='ltr'><strong>operibus</strong></span> <span class='ocrx_word' id='word_1_167' title='bbox 640 2637 829 2719; x_wconf 88' lang='lat' dir='ltr'><strong>sapientiae,</strong></span> <span class='ocrx_word' id='word_1_168' title='bbox 852 2636 927 2700; x_wconf 89' lang='lat' dir='ltr'><strong>ideo</strong></span> <span class='ocrx_word' id='word_1_169' title='bbox 945 2636 1003 2698; x_wconf 91' lang='lat' dir='ltr'><strong>vix</strong></span> <span class='ocrx_word' id='word_1_170' title='bbox 1022 2644 1072 2699; x_wconf 89' lang='lat' dir='ltr'><strong>est</strong></span> <span class='ocrx_word' id='word_1_171' title='bbox 1087 2633 1204 2716; x_wconf 89' lang='lat' dir='ltr'><strong>aliquis</strong></span> <span class='ocrx_word' id='word_1_172' title='bbox 1224 2652 1322 2697; x_wconf 92' lang='lat' dir='ltr'><strong>ausus</strong></span> <span class='ocrx_word' id='word_1_173' title='bbox 1343 2631 1433 2714; x_wconf 93' lang='lat' dir='ltr'><strong>loqui</strong></span> <span class='ocrx_word' id='word_1_174' title='bbox 1448 2632 1491 2695; x_wconf 89' lang='lat' dir='ltr'><strong>de</strong></span> 
     </span>
    </p>

    <p class='ocr_par' dir='ltr' id='par_1_6' title="bbox 169 2718 1490 2847">
     <span class='ocr_line' id='line_1_21' title="bbox 169 2718 1490 2847; baseline -0.002 -45"><span class='ocrx_word' id='word_1_175' title='bbox 169 2718 319 2847; x_wconf 50' lang='grc' dir='ltr'><strong>ξῇζζξῒξξξ</strong></span> <span class='ocrx_word' id='word_1_176' title='bbox 340 2738 391 2802; x_wconf 94' lang='lat' dir='ltr'><strong>his</strong></span> <span class='ocrx_word' id='word_1_177' title='bbox 412 2742 566 2825; x_wconf 92' lang='lat' dir='ltr'><strong>operibus</strong></span> <span class='ocrx_word' id='word_1_178' title='bbox 587 2742 618 2804; x_wconf 95' lang='lat' dir='ltr'><strong>in</strong></span> <span class='ocrx_word' id='word_1_179' title='bbox 641 2742 783 2824; x_wconf 91' lang='lat' dir='ltr'><strong>publico.</strong></span> <span class='ocrx_word' id='word_1_180' title='bbox 830 2740 954 2805; x_wconf 89' lang='lat' dir='ltr'><strong>Statim</strong></span> <span class='ocrx_word' id='word_1_181' title='bbox 978 2740 1063 2803; x_wconf 92' lang='lat' dir='ltr'><strong>enirn</strong></span> <span class='ocrx_word' id='word_1_182' title='bbox 1083 2750 1244 2804; x_wconf 91' lang='lat' dir='ltr'><strong>vocantur</strong></span> <span class='ocrx_word' id='word_1_183' title='bbox 1267 2738 1392 2821; x_wconf 84' lang='lat' dir='ltr'><strong>magici,</strong></span> <span class='ocrx_word' id='word_1_184' title='bbox 1414 2757 1490 2800; x_wconf 92' lang='lat' dir='ltr'><strong>cum</strong></span> 
     </span>
    </p>

    <p class='ocr_par' dir='ltr' id='par_1_7' title="bbox 171 2842 1491 3866">
     <span class='ocr_line' id='line_1_22' title="bbox 171 2842 1491 2929; baseline -0.008 -16"><span class='ocrx_word' id='word_1_185' title='bbox 171 2850 200 2897; x_wconf 78' lang='lat' dir='ltr'><strong>⁰s</strong></span> <span class='ocrx_word' id='word_1_186' title='bbox 209 2851 297 2913; x_wconf 68' lang='lat' dir='ltr'>¹¹¹³le</span> <span class='ocrx_word' id='word_1_187' title='bbox 341 2855 452 2909; x_wconf 86' lang='lat' dir='ltr'><strong>tamen</strong></span> <span class='ocrx_word' id='word_1_188' title='bbox 473 2848 537 2909; x_wconf 92' lang='lat' dir='ltr'><strong>sint</strong></span> <span class='ocrx_word' id='word_1_189' title='bbox 558 2846 789 2929; x_wconf 89' lang='lat' dir='ltr'><strong>sapientissimi</strong></span> <span class='ocrx_word' id='word_1_190' title='bbox 808 2846 864 2927; x_wconf 92' lang='lat' dir='ltr'><strong>qui</strong></span> <span class='ocrx_word' id='word_1_191' title='bbox 882 2846 963 2909; x_wconf 90' lang='lat' dir='ltr'><strong>haec</strong></span> <span class='ocrx_word' id='word_1_192' title='bbox 984 2847 1098 2909; x_wconf 90' lang='lat' dir='ltr'><strong>sciunt.</strong></span> <span class='ocrx_word' id='word_1_193' title='bbox 1146 2846 1272 2927; x_wconf 89' lang='lat' dir='ltr'><strong>Utique</strong></span> <span class='ocrx_word' id='word_1_194' title='bbox 1291 2842 1438 2925; x_wconf 86' lang='lat' dir='ltr'><strong>theologi</strong></span> <span class='ocrx_word' id='word_1_195' title='bbox 1457 2850 1491 2904; x_wconf 90' lang='lat' dir='ltr'><strong>et</strong></span> 
     </span>
     <span class='ocr_line' id='line_1_23' title="bbox 339 2947 1490 3032; baseline -0.002 -20"><span class='ocrx_word' id='word_1_196' title='bbox 339 2950 536 3014; x_wconf 87' lang='lat' dir='ltr'><strong>decretistae</strong></span> <span class='ocrx_word' id='word_1_197' title='bbox 563 2971 629 3015; x_wconf 93' lang='lat' dir='ltr'><strong>non</strong></span> <span class='ocrx_word' id='word_1_198' title='bbox 655 2952 802 3015; x_wconf 89' lang='lat' dir='ltr'><strong>instructi</strong></span> <span class='ocrx_word' id='word_1_199' title='bbox 832 2952 865 3014; x_wconf 94' lang='lat' dir='ltr'><strong>in</strong></span> <span class='ocrx_word' id='word_1_200' title='bbox 888 2952 1018 3030; x_wconf 87' lang='lat' dir='ltr'><strong>talibus,</strong></span> <span class='ocrx_word' id='word_1_201' title='bbox 1042 2950 1205 3032; x_wconf 89' lang='lat' dir='ltr'><strong>simulque</strong></span> <span class='ocrx_word' id='word_1_202' title='bbox 1225 2950 1376 3013; x_wconf 89' lang='lat' dir='ltr'><strong>videntes</strong></span> <span class='ocrx_word' id='word_1_203' title='bbox 1399 2947 1490 3029; x_wconf 92' lang='lat' dir='ltr'><strong>quod</strong></span> 
     </span>
     <span class='ocr_line' id='line_1_24' title="bbox 340 3053 1490 3139; baseline -0.001 -22"><span class='ocrx_word' id='word_1_204' title='bbox 340 3055 427 3119; x_wconf 91' lang='lat' dir='ltr'><strong>mala</strong></span> <span class='ocrx_word' id='word_1_205' title='bbox 444 3067 582 3139; x_wconf 90' lang='lat' dir='ltr'><strong>possunt</strong></span> <span class='ocrx_word' id='word_1_206' title='bbox 599 3055 670 3119; x_wconf 91' lang='lat' dir='ltr'><strong>fieri</strong></span> <span class='ocrx_word' id='word_1_207' title='bbox 685 3058 768 3120; x_wconf 92' lang='lat' dir='ltr'><strong>sicut</strong></span> <span class='ocrx_word' id='word_1_208' title='bbox 784 3066 817 3119; x_wconf 88' lang='lat' dir='ltr'><strong>et</strong></span> <span class='ocrx_word' id='word_1_209' title='bbox 833 3057 931 3136; x_wconf 90' lang='lat' dir='ltr'><strong>bona,</strong></span> <span class='ocrx_word' id='word_1_210' title='bbox 945 3056 1118 3138; x_wconf 88' lang='lat' dir='ltr'><strong>negligunt</strong></span> <span class='ocrx_word' id='word_1_211' title='bbox 1140 3056 1222 3119; x_wconf 93' lang='lat' dir='ltr'><strong>haec</strong></span> <span class='ocrx_word' id='word_1_212' title='bbox 1243 3064 1277 3118; x_wconf 87' lang='lat' dir='ltr'><strong>et</strong></span> <span class='ocrx_word' id='word_1_213' title='bbox 1300 3053 1490 3129; x_wconf 88' lang='lat' dir='ltr'><strong>abhorrent,</strong></span> 
     </span>
     <span class='ocr_line' id='line_1_25' title="bbox 339 3158 1490 3245; baseline -0.003 -22"><span class='ocrx_word' id='word_1_214' title='bbox 339 3171 373 3223; x_wconf 88' lang='lat' dir='ltr'><strong>et</strong></span> <span class='ocrx_word' id='word_1_215' title='bbox 403 3172 596 3244; x_wconf 90' lang='lat' dir='ltr'><strong>computant</strong></span> <span class='ocrx_word' id='word_1_216' title='bbox 627 3163 710 3225; x_wconf 91' lang='lat' dir='ltr'><strong>inter</strong></span> <span class='ocrx_word' id='word_1_217' title='bbox 734 3161 872 3245; x_wconf 86' lang='lat' dir='ltr'><strong>magica.</strong></span> <span class='ocrx_word' id='word_1_218' title='bbox 931 3160 1057 3224; x_wconf 91' lang='lat' dir='ltr'><strong>Vident</strong></span> <span class='ocrx_word' id='word_1_219' title='bbox 1080 3159 1167 3223; x_wconf 89' lang='lat' dir='ltr'><strong>enirn</strong></span> <span class='ocrx_word' id='word_1_220' title='bbox 1193 3160 1283 3242; x_wconf 93' lang='lat' dir='ltr'><strong>quod</strong></span> <span class='ocrx_word' id='word_1_221' title='bbox 1312 3158 1429 3241; x_wconf 85' lang='lat' dir='ltr'><strong>magici</strong></span> <span class='ocrx_word' id='word_1_222' title='bbox 1456 3168 1490 3220; x_wconf 91' lang='lat' dir='ltr'><strong>et</strong></span> 
     </span>
     <span class='ocr_line' id='line_1_26' title="bbox 340 3263 1490 3347; baseline -0.003 -19"><span class='ocrx_word' id='word_1_223' title='bbox 340 3266 496 3329; x_wconf 86' lang='lat' dir='ltr'><strong>abusores</strong></span> <span class='ocrx_word' id='word_1_224' title='bbox 540 3267 813 3329; x_wconf 90' lang='lat' dir='ltr'><strong>documentorum</strong></span> <span class='ocrx_word' id='word_1_225' title='bbox 863 3265 1045 3347; x_wconf 90' lang='lat' dir='ltr'><strong>sapientiae</strong></span> <span class='ocrx_word' id='word_1_226' title='bbox 1079 3264 1130 3326; x_wconf 93' lang='lat' dir='ltr'><strong>his</strong></span> <span class='ocrx_word' id='word_1_227' title='bbox 1163 3274 1308 3338; x_wconf 89' lang='lat' dir='ltr'><strong>utuntur,</strong></span> <span class='ocrx_word' id='word_1_228' title='bbox 1340 3272 1373 3326; x_wconf 92' lang='lat' dir='ltr'><strong>et</strong></span> <span class='ocrx_word' id='word_1_229' title='bbox 1414 3263 1490 3325; x_wconf 89' lang='lat' dir='ltr'><strong>ideo</strong></span> 
     </span>
     <span class='ocr_line' id='line_1_27' title="bbox 338 3366 1490 3452; baseline -0.003 -20"><span class='ocrx_word' id='word_1_230' title='bbox 338 3371 515 3433; x_wconf 87' lang='lat' dir='ltr'><strong>aestimant</strong></span> <span class='ocrx_word' id='word_1_231' title='bbox 532 3371 665 3452; x_wconf 86' lang='lat' dir='ltr'><strong>indigna</strong></span> <span class='ocrx_word' id='word_1_232' title='bbox 682 3370 885 3434; x_wconf 89' lang='lat' dir='ltr'><strong>Christianis.</strong></span> <span class='ocrx_word' id='word_1_233' title='bbox 925 3368 993 3432; x_wconf 89' lang='lat' dir='ltr'><strong>Sed</strong></span> <span class='ocrx_word' id='word_1_234' title='bbox 1009 3389 1076 3431; x_wconf 92' lang='lat' dir='ltr'><strong>non</strong></span> <span class='ocrx_word' id='word_1_235' title='bbox 1092 3369 1192 3432; x_wconf 89' lang='lat' dir='ltr'><strong>debet</strong></span> <span class='ocrx_word' id='word_1_236' title='bbox 1207 3368 1327 3432; x_wconf 86' lang='lat' dir='ltr'><strong>veritas</strong></span> <span class='ocrx_word' id='word_1_237' title='bbox 1343 3366 1490 3430; x_wconf 91' lang='lat' dir='ltr'><strong>damnari</strong></span> 
     </span>
     <span class='ocr_line' id='line_1_28' title="bbox 339 3470 1490 3557; baseline -0.002 -22"><span class='ocrx_word' id='word_1_238' title='bbox 339 3494 398 3555; x_wconf 92' lang='lat' dir='ltr'><strong>pro</strong></span> <span class='ocrx_word' id='word_1_239' title='bbox 423 3474 616 3557; x_wconf 84' lang='lat' dir='ltr'><strong>ignorantia,</strong></span> <span class='ocrx_word' id='word_1_240' title='bbox 644 3497 704 3538; x_wconf 88' lang='lat' dir='ltr'><strong>nec</strong></span> <span class='ocrx_word' id='word_1_241' title='bbox 729 3476 850 3539; x_wconf 89' lang='lat' dir='ltr'><strong>utilitas</strong></span> <span class='ocrx_word' id='word_1_242' title='bbox 873 3494 933 3556; x_wconf 94' lang='lat' dir='ltr'><strong>pro</strong></span> <span class='ocrx_word' id='word_1_243' title='bbox 957 3473 1091 3551; x_wconf 88' lang='lat' dir='ltr'><strong>malitia,</strong></span> <span class='ocrx_word' id='word_1_244' title='bbox 1107 3472 1255 3555; x_wconf 89' lang='lat' dir='ltr'><strong>quamvis</strong></span> <span class='ocrx_word' id='word_1_245' title='bbox 1278 3473 1395 3536; x_wconf 90' lang='lat' dir='ltr'><strong>eadem</strong></span> <span class='ocrx_word' id='word_1_246' title='bbox 1419 3470 1490 3534; x_wconf 87' lang='lat' dir='ltr'><strong>fieri</strong></span> 
     </span>
     <span class='ocr_line' id='line_1_29' title="bbox 338 3575 1489 3655; baseline -0.002 -14"><span class='ocrx_word' id='word_1_247' title='bbox 338 3578 491 3655; x_wconf 81' lang='lat' dir='ltr'><strong>valeant3</strong></span> <span class='ocrx_word' id='word_1_248' title='bbox 509 3600 586 3643; x_wconf 94' lang='lat' dir='ltr'><strong>narn</strong></span> <span class='ocrx_word' id='word_1_249' title='bbox 603 3590 683 3644; x_wconf 92' lang='lat' dir='ltr'><strong>tunc</strong></span> <span class='ocrx_word' id='word_1_250' title='bbox 699 3580 859 3643; x_wconf 83' lang='lat' dir='ltr'><strong>deberent</strong></span> <span class='ocrx_word' id='word_1_251' title='bbox 874 3576 1148 3643; x_wconf 85' lang='lat' dir='ltr'><strong>hominescarere</strong></span> <span class='ocrx_word' id='word_1_252' title='bbox 1163 3575 1303 3640; x_wconf 89' lang='lat' dir='ltr'><strong>cultellis</strong></span> <span class='ocrx_word' id='word_1_253' title='bbox 1317 3578 1350 3639; x_wconf 91' lang='lat' dir='ltr'><strong>in</strong></span> <span class='ocrx_word' id='word_1_254' title='bbox 1368 3596 1489 3655; x_wconf 88' lang='lat' dir='ltr'><strong>mensa,</strong></span> 
     </span>
     <span class='ocr_line' id='line_1_30' title="bbox 339 3679 1490 3766; baseline 0.001 -23"><span class='ocrx_word' id='word_1_255' title='bbox 339 3682 496 3762; x_wconf 86' lang='lat' dir='ltr'><strong>quoniam</strong></span> <span class='ocrx_word' id='word_1_256' title='bbox 523 3687 736 3747; x_wconf 88' lang='lat' dir='ltr'><strong>comedentes</strong></span> <span class='ocrx_word' id='word_1_257' title='bbox 767 3696 907 3766; x_wconf 90' lang='lat' dir='ltr'><strong>possunt</strong></span> <span class='ocrx_word' id='word_1_258' title='bbox 929 3682 1112 3746; x_wconf 85' lang='lat' dir='ltr'><strong>interficere</strong></span> <span class='ocrx_word' id='word_1_259' title='bbox 1134 3683 1240 3747; x_wconf 91' lang='lat' dir='ltr'><strong>socios</strong></span> <span class='ocrx_word' id='word_1_260' title='bbox 1263 3684 1380 3745; x_wconf 90' lang='lat' dir='ltr'><strong>eodem</strong></span> <span class='ocrx_word' id='word_1_261' title='bbox 1405 3679 1490 3745; x_wconf 86' lang='lat' dir='ltr'><strong>ferro</strong></span> 
     </span>
     <span class='ocr_line' id='line_1_31' title="bbox 340 3785 1490 3866; baseline 0.001 -19"><span class='ocrx_word' id='word_1_262' title='bbox 340 3806 407 3866; x_wconf 91' lang='lat' dir='ltr'><strong>quo</strong></span> <span class='ocrx_word' id='word_1_263' title='bbox 423 3787 577 3851; x_wconf 89' lang='lat' dir='ltr'><strong>scindunt</strong></span> <span class='ocrx_word' id='word_1_264' title='bbox 593 3787 723 3866; x_wconf 90' lang='lat' dir='ltr'><strong>cibaria,</strong></span> <span class='ocrx_word' id='word_1_265' title='bbox 741 3798 773 3851; x_wconf 90' lang='lat' dir='ltr'><strong>et</strong></span> <span class='ocrx_word' id='word_1_266' title='bbox 789 3799 869 3851; x_wconf 91' lang='lat' dir='ltr'><strong>tunc</strong></span> <span class='ocrx_word' id='word_1_267' title='bbox 888 3807 978 3851; x_wconf 89' lang='lat' dir='ltr'><strong>arma</strong></span> <span class='ocrx_word' id='word_1_268' title='bbox 996 3789 1122 3851; x_wconf 89' lang='lat' dir='ltr'><strong>debent</strong></span> <span class='ocrx_word' id='word_1_269' title='bbox 1145 3786 1246 3850; x_wconf 89' lang='lat' dir='ltr'><strong>deleri</strong></span> <span class='ocrx_word' id='word_1_270' title='bbox 1279 3785 1322 3849; x_wconf 91' lang='lat' dir='ltr'><strong>ab</strong></span> <span class='ocrx_word' id='word_1_271' title='bbox 1352 3785 1490 3848; x_wconf 89' lang='lat' dir='ltr'><strong>ecclesia</strong></span> 
     </span>
    </p>
   </div>
   <div class='ocr_carea' id='block_1_3' title="bbox 341 3887 1489 3973">
    <p class='ocr_par' dir='ltr' id='par_1_8' title="bbox 341 3887 1489 3973">
     <span class='ocr_line' id='line_1_32' title="bbox 341 3887 1489 3973; baseline 0.002 -22"><span class='ocrx_word' id='word_1_272' title='bbox 341 3899 375 3951; x_wconf 92' lang='lat' dir='ltr'><strong>et</strong></span> <span class='ocrx_word' id='word_1_273' title='bbox 388 3887 556 3952; x_wconf 88' lang='lat' dir='ltr'><strong>brachium</strong></span> <span class='ocrx_word' id='word_1_274' title='bbox 574 3892 727 3967; x_wconf 83' lang='lat' dir='ltr'><strong>seculare,</strong></span> <span class='ocrx_word' id='word_1_275' title='bbox 738 3894 815 3973; x_wconf 90' lang='lat' dir='ltr'><strong>quia</strong></span> <span class='ocrx_word' id='word_1_276' title='bbox 831 3892 936 3955; x_wconf 88' lang='lat' dir='ltr'><strong>multa</strong></span> <span class='ocrx_word' id='word_1_277' title='bbox 951 3892 1038 3954; x_wconf 90' lang='lat' dir='ltr'><strong>mala</strong></span> <span class='ocrx_word' id='word_1_278' title='bbox 1051 3902 1190 3971; x_wconf 90' lang='lat' dir='ltr'><strong>possunt</strong></span> <span class='ocrx_word' id='word_1_279' title='bbox 1202 3910 1262 3973; x_wconf 89' lang='lat' dir='ltr'><strong>per</strong></span> <span class='ocrx_word' id='word_1_280' title='bbox 1272 3889 1355 3953; x_wconf 90' lang='lat' dir='ltr'><strong>haec</strong></span> <span class='ocrx_word' id='word_1_281' title='bbox 1366 3888 1444 3965; x_wconf 89' lang='lat' dir='ltr'><strong>fieri,</strong></span> <span class='ocrx_word' id='word_1_282' title='bbox 1455 3899 1489 3953; x_wconf 91' lang='lat' dir='ltr'><strong>et</strong></span> 
     </span>
    </p>
   </div>
   <div class='ocr_carea' id='block_1_4' title="bbox 338 4075 1492 4533">
    <p class='ocr_par' dir='ltr' id='par_1_9' title="bbox 371 4075 621 4140">
     <span class='ocr_line' id='line_1_33' title="bbox 371 4075 621 4140; baseline -0.004 -14"><span class='ocrx_word' id='word_1_283' title='bbox 371 4075 379 4103; x_wconf 87' lang='lat'>¹</span> <span class='ocrx_word' id='word_1_284' title='bbox 397 4077 449 4126; x_wconf 88' lang='lat' dir='ltr'><strong>See</strong></span> <span class='ocrx_word' id='word_1_285' title='bbox 461 4092 503 4140; x_wconf 92' lang='lat' dir='ltr'><strong>pp.</strong></span> <span class='ocrx_word' id='word_1_286' title='bbox 517 4080 621 4139; x_wconf 77' lang='lat'><strong>246—53.</strong></span> 
     </span>
    </p>

    <p class='ocr_par' dir='ltr' id='par_1_10' title="bbox 338 4152 1492 4533">
     <span class='ocr_line' id='line_1_34' title="bbox 371 4152 1490 4216; baseline 0.001 -14"><span class='ocrx_word' id='word_1_287' title='bbox 371 4152 380 4182; x_wconf 77' lang='lat'>²</span> <span class='ocrx_word' id='word_1_288' title='bbox 397 4154 497 4215; x_wconf 88' lang='lat' dir='ltr'><strong>Thebit,</strong></span> <span class='ocrx_word' id='word_1_289' title='bbox 515 4171 545 4203; x_wconf 93' lang='lat' dir='ltr'><strong>or</strong></span> <span class='ocrx_word' id='word_1_290' title='bbox 561 4155 653 4204; x_wconf 90' lang='lat' dir='ltr'><strong>Thablt</strong></span> <span class='ocrx_word' id='word_1_291' title='bbox 671 4156 720 4204; x_wconf 89' lang='lat' dir='ltr'><strong>ben</strong></span> <span class='ocrx_word' id='word_1_292' title='bbox 739 4156 819 4205; x_wconf 89' lang='lat' dir='ltr'><strong>Corra</strong></span> <span class='ocrx_word' id='word_1_293' title='bbox 835 4158 885 4206; x_wconf 89' lang='lat' dir='ltr'><strong>ben</strong></span> <span class='ocrx_word' id='word_1_294' title='bbox 904 4157 1008 4206; x_wconf 88' lang='lat' dir='ltr'><strong>Zahrun</strong></span> <span class='ocrx_word' id='word_1_295' title='bbox 1020 4158 1043 4205; x_wconf 89' lang='lat' dir='ltr'><strong>el</strong></span> <span class='ocrx_word' id='word_1_296' title='bbox 1057 4156 1169 4205; x_wconf 88' lang='lat' dir='ltr'><strong>Harrani</strong></span> <span class='ocrx_word' id='word_1_297' title='bbox 1181 4170 1238 4204; x_wconf 87' lang='lat' dir='ltr'><strong>was</strong></span> <span class='ocrx_word' id='word_1_298' title='bbox 1251 4156 1316 4203; x_wconf 93' lang='lat' dir='ltr'><strong>born</strong></span> <span class='ocrx_word' id='word_1_299' title='bbox 1328 4171 1381 4205; x_wconf 73' lang='lat' dir='ltr'><strong>run.</strong></span> <span class='ocrx_word' id='word_1_300' title='bbox 1395 4157 1451 4216; x_wconf 78' lang='lat'><strong>836,</strong></span> <span class='ocrx_word' id='word_1_301' title='bbox 1464 4163 1490 4203; x_wconf 88' lang='lat' dir='ltr'><strong>at</strong></span> 
     </span>
     <span class='ocr_line' id='line_1_35' title="bbox 341 4233 1492 4299; baseline 0.002 -18"><span class='ocrx_word' id='word_1_302' title='bbox 341 4233 442 4282; x_wconf 88' lang='lat' dir='ltr'><strong>Harran</strong></span> <span class='ocrx_word' id='word_1_303' title='bbox 455 4235 481 4281; x_wconf 94' lang='lat' dir='ltr'><strong>in</strong></span> <span class='ocrx_word' id='word_1_304' title='bbox 495 4234 687 4299; x_wconf 86' lang='lat' dir='ltr'><strong>Mesopotamia,</strong></span> <span class='ocrx_word' id='word_1_305' title='bbox 699 4237 749 4284; x_wconf 91' lang='lat' dir='ltr'><strong>and</strong></span> <span class='ocrx_word' id='word_1_306' title='bbox 762 4236 822 4283; x_wconf 89' lang='lat' dir='ltr'><strong>died</strong></span> <span class='ocrx_word' id='word_1_307' title='bbox 836 4251 887 4286; x_wconf 64' lang='lat' dir='ltr'><strong>ren.</strong></span> <span class='ocrx_word' id='word_1_308' title='bbox 899 4251 956 4298; x_wconf 91' lang='lat'><strong>901.</strong></span> <span class='ocrx_word' id='word_1_309' title='bbox 994 4237 1062 4283; x_wconf 88' lang='lat' dir='ltr'><strong>Most</strong></span> <span class='ocrx_word' id='word_1_310' title='bbox 1073 4236 1104 4283; x_wconf 86' lang='lat' dir='ltr'><strong>ol</strong></span> <span class='ocrx_word' id='word_1_311' title='bbox 1111 4236 1151 4283; x_wconf 92' lang='lat' dir='ltr'><strong>his</strong></span> <span class='ocrx_word' id='word_1_312' title='bbox 1163 4235 1207 4283; x_wconf 83' lang='lat' dir='ltr'><strong>life</strong></span> <span class='ocrx_word' id='word_1_313' title='bbox 1218 4250 1274 4284; x_wconf 88' lang='lat' dir='ltr'><strong>was</strong></span> <span class='ocrx_word' id='word_1_314' title='bbox 1285 4243 1363 4296; x_wconf 91' lang='lat' dir='ltr'><strong>spent</strong></span> <span class='ocrx_word' id='word_1_315' title='bbox 1380 4242 1406 4283; x_wconf 87' lang='lat' dir='ltr'><strong>at</strong></span> <span class='ocrx_word' id='word_1_316' title='bbox 1424 4234 1492 4295; x_wconf 82' lang='lat' dir='ltr'><strong>Bag·</strong></span> 
     </span>
     <span class='ocr_line' id='line_1_36' title="bbox 339 4313 1490 4375; baseline 0.003 -15"><span class='ocrx_word' id='word_1_317' title='bbox 339 4314 395 4361; x_wconf 85' lang='lat' dir='ltr'><strong>dad.</strong></span> <span class='ocrx_word' id='word_1_318' title='bbox 434 4314 476 4362; x_wconf 89' lang='lat' dir='ltr'><strong>He</strong></span> <span class='ocrx_word' id='word_1_319' title='bbox 492 4328 548 4362; x_wconf 86' lang='lat' dir='ltr'><strong>was</strong></span> <span class='ocrx_word' id='word_1_320' title='bbox 565 4330 581 4362; x_wconf 90' lang='lat' dir='ltr'><strong>a</strong></span> <span class='ocrx_word' id='word_1_321' title='bbox 596 4313 679 4363; x_wconf 87' lang='lat' dir='ltr'><strong>lriend</strong></span> <span class='ocrx_word' id='word_1_322' title='bbox 696 4315 726 4362; x_wconf 87' lang='lat' dir='ltr'><strong>ol</strong></span> <span class='ocrx_word' id='word_1_323' title='bbox 740 4315 784 4362; x_wconf 87' lang='lat' dir='ltr'><strong>the</strong></span> <span class='ocrx_word' id='word_1_324' title='bbox 801 4322 873 4375; x_wconf 86' lang='lat' dir='ltr'><strong>great</strong></span> <span class='ocrx_word' id='word_1_325' title='bbox 890 4315 1028 4375; x_wconf 84' lang='lat' dir='ltr'><strong>algebraist</strong></span> <span class='ocrx_word' id='word_1_326' title='bbox 1041 4315 1202 4363; x_wconf 87' lang='lat' dir='ltr'><strong>Mahommed</strong></span> <span class='ocrx_word' id='word_1_327' title='bbox 1217 4315 1267 4362; x_wconf 85' lang='lat' dir='ltr'><strong>ben</strong></span> <span class='ocrx_word' id='word_1_328' title='bbox 1283 4313 1373 4372; x_wconf 84' lang='lat' dir='ltr'><strong>Musa;</strong></span> <span class='ocrx_word' id='word_1_329' title='bbox 1393 4315 1444 4362; x_wconf 87' lang='lat' dir='ltr'><strong>and</strong></span> <span class='ocrx_word' id='word_1_330' title='bbox 1456 4314 1490 4364; x_wconf 86' lang='lat' dir='ltr'><strong>be</strong></span> 
     </span>
     <span class='ocr_line' id='line_1_37' title="bbox 339 4392 1490 4455; baseline 0.003 -17"><span class='ocrx_word' id='word_1_331' title='bbox 339 4394 478 4441; x_wconf 83' lang='lat' dir='ltr'><strong>translated</strong></span> <span class='ocrx_word' id='word_1_332' title='bbox 494 4394 547 4441; x_wconf 83' lang='lat' dir='ltr'><strong>into</strong></span> <span class='ocrx_word' id='word_1_333' title='bbox 565 4392 658 4442; x_wconf 88' lang='lat' dir='ltr'><strong>Arabic</strong></span> <span class='ocrx_word' id='word_1_334' title='bbox 676 4395 720 4441; x_wconf 90' lang='lat' dir='ltr'><strong>the</strong></span> <span class='ocrx_word' id='word_1_335' title='bbox 737 4394 825 4441; x_wconf 90' lang='lat' dir='ltr'><strong>works</strong></span> <span class='ocrx_word' id='word_1_336' title='bbox 838 4393 867 4442; x_wconf 86' lang='lat' dir='ltr'><strong>ol</strong></span> <span class='ocrx_word' id='word_1_337' title='bbox 879 4393 1057 4455; x_wconf 81' lang='lat' dir='ltr'><strong>Archimedes,</strong></span> <span class='ocrx_word' id='word_1_338' title='bbox 1070 4393 1233 4455; x_wconf 86' lang='lat' dir='ltr'><strong>Apollonius,</strong></span> <span class='ocrx_word' id='word_1_339' title='bbox 1247 4393 1299 4439; x_wconf 92' lang='lat' dir='ltr'><strong>and</strong></span> <span class='ocrx_word' id='word_1_340' title='bbox 1312 4392 1417 4449; x_wconf 83' lang='lat' dir='ltr'><strong>Euclid;</strong></span> <span class='ocrx_word' id='word_1_341' title='bbox 1434 4393 1490 4441; x_wconf 86' lang='lat' dir='ltr'><strong>also</strong></span> 
     </span>
     <span class='ocr_line' id='line_1_38' title="bbox 338 4470 1490 4533; baseline 0.002 -16"><span class='ocrx_word' id='word_1_342' title='bbox 338 4470 382 4517; x_wconf 87' lang='lat' dir='ltr'><strong>the</strong></span> <span class='ocrx_word' id='word_1_343' title='bbox 396 4470 504 4532; x_wconf 87' lang='lat' dir='ltr'><strong>Physics</strong></span> <span class='ocrx_word' id='word_1_344' title='bbox 516 4473 568 4520; x_wconf 89' lang='lat' dir='ltr'><strong>and</strong></span> <span class='ocrx_word' id='word_1_345' title='bbox 579 4472 715 4533; x_wconf 82' lang='lat' dir='ltr'><strong>Analytics</strong></span> <span class='ocrx_word' id='word_1_346' title='bbox 727 4472 756 4520; x_wconf 87' lang='lat' dir='ltr'><strong>ol</strong></span> <span class='ocrx_word' id='word_1_347' title='bbox 763 4473 896 4527; x_wconf 86' lang='lat' dir='ltr'><strong>Aristotle.</strong></span> <span class='ocrx_word' id='word_1_348' title='bbox 908 4474 960 4521; x_wconf 90' lang='lat' dir='ltr'><strong>and</strong></span> <span class='ocrx_word' id='word_1_349' title='bbox 972 4488 1051 4533; x_wconf 90' lang='lat' dir='ltr'><strong>many</strong></span> <span class='ocrx_word' id='word_1_350' title='bbox 1066 4471 1097 4519; x_wconf 82' lang='lat' dir='ltr'><strong>ol</strong></span> <span class='ocrx_word' id='word_1_351' title='bbox 1108 4472 1153 4519; x_wconf 87' lang='lat' dir='ltr'><strong>the</strong></span> <span class='ocrx_word' id='word_1_352' title='bbox 1168 4472 1255 4519; x_wconf 88' lang='lat' dir='ltr'><strong>works</strong></span> <span class='ocrx_word' id='word_1_353' title='bbox 1271 4471 1301 4519; x_wconf 86' lang='lat' dir='ltr'><strong>os</strong></span> <span class='ocrx_word' id='word_1_354' title='bbox 1318 4471 1490 4533; x_wconf 84' lang='lat' dir='ltr'><strong>Hippocrates</strong></span> 
     </span>
    </p>
   </div>
   <div class='ocr_carea' id='block_1_5' title="bbox 336 4548 1490 4675">
    <p class='ocr_par' dir='ltr' id='par_1_11' title="bbox 336 4548 1490 4675">
     <span class='ocr_line' id='line_1_39' title="bbox 338 4548 1490 4611; baseline 0.002 -16"><span class='ocrx_word' id='word_1_355' title='bbox 338 4548 389 4595; x_wconf 90' lang='lat' dir='ltr'><strong>and</strong></span> <span class='ocrx_word' id='word_1_356' title='bbox 408 4550 499 4599; x_wconf 83' lang='lat' dir='ltr'><strong>Galen.</strong></span> <span class='ocrx_word' id='word_1_357' title='bbox 535 4549 577 4598; x_wconf 89' lang='lat' dir='ltr'><strong>He</strong></span> <span class='ocrx_word' id='word_1_358' title='bbox 592 4566 648 4599; x_wconf 84' lang='lat' dir='ltr'><strong>was</strong></span> <span class='ocrx_word' id='word_1_359' title='bbox 666 4558 711 4600; x_wconf 84' lang='lat' dir='ltr'><strong>not</strong></span> <span class='ocrx_word' id='word_1_360' title='bbox 726 4567 741 4600; x_wconf 87' lang='lat' dir='ltr'><strong>a</strong></span> <span class='ocrx_word' id='word_1_361' title='bbox 759 4551 975 4610; x_wconf 78' lang='lat' dir='ltr'><strong>Mahonrmedan3</strong></span> <span class='ocrx_word' id='word_1_362' title='bbox 993 4551 1038 4599; x_wconf 89' lang='lat' dir='ltr'><strong>but</strong></span> <span class='ocrx_word' id='word_1_363' title='bbox 1055 4550 1097 4599; x_wconf 88' lang='lat' dir='ltr'><strong>his</strong></span> <span class='ocrx_word' id='word_1_364' title='bbox 1113 4550 1283 4611; x_wconf 85' lang='lat' dir='ltr'><strong>Christianity</strong></span> <span class='ocrx_word' id='word_1_365' title='bbox 1300 4550 1323 4598; x_wconf 87' lang='lat' dir='ltr'><strong>is</strong></span> <span class='ocrx_word' id='word_1_366' title='bbox 1340 4565 1411 4599; x_wconf 90' lang='lat' dir='ltr'><strong>more</strong></span> <span class='ocrx_word' id='word_1_367' title='bbox 1427 4550 1490 4599; x_wconf 84' lang='lat' dir='ltr'><strong>than</strong></span> 
     </span>
     <span class='ocr_line' id='line_1_40' title="bbox 336 4625 461 4675; baseline 0.016 -2"><span class='ocrx_word' id='word_1_368' title='bbox 336 4625 461 4675; x_wconf 83' lang='lat' dir='ltr'><strong>doubtful.</strong></span> 
     </span>
    </p>
   </div>
   <div class='ocr_carea' id='block_1_6' title="bbox 0 0 1792 5375">
    <p class='ocr_par' dir='ltr' id='par_1_12' title="bbox 0 0 1792 5375">
     <span class='ocr_line' id='line_1_41' title="bbox 0 0 1792 5375; baseline 0 0"><span class='ocrx_word' id='word_1_369' title='bbox 0 0 1792 5375; x_wconf 95' lang='lat' dir='ltr'><strong> </strong></span> 
     </span>
    </p>
   </div>
  </div>
 </body>
</html>
