3575 5375
366 599 408 679 98
585 600 740 660 OPERIS
763 598 953 670 MAJORIS
976 598 1092 658 PARS
1115 598 1299 671 QUARTA.

368 767 602 848 cognitionem,
614 776 650 830 ut
660 767 686 829 si
697 766 821 830 radices
833 764 1015 849 sapientiae
1027 764 1123 827 datas
1135 763 1219 827 circa
1229 762 1317 826 illam
1331 769 1518 843 cognoscat,

368 881 403 935 et
417 892 473 935 eas
482 870 606 935 radices
622 880 710 935 recte
722 868 865 953 applicet
876 868 921 932 ad
932 879 1133 932 caeterarum
1146 867 1353 932 scientiarum
1366 875 1400 928 et
1411 884 1518 928 rerum

369 978 587 1060 cognitiones,
599 986 680 1040 tunc
695 976 806 1039 omnia
824 974 997 1057 sequentia
1018 973 1141 1057 poterit
1161 974 1242 1038 scire
1266 974 1335 1036 sine
1358 991 1467 1035 errore
1486 980 1521 1034 et

369 1082 438 1146 sine
457 1081 670 1152 dubitatione,
686 1100 725 1145 ac
746 1078 790 1143 de
809 1078 893 1144 lacili
915 1088 950 1142 et
970 1088 1133 1162 potenter.
1179 1078 1258 1144 Sine
1280 1078 1331 1141 his
1354 1078 1439 1141 enim
1459 1095 1520 1139 nec

368 1184 599 1270 praecedentia
621 1205 681 1249 nec
703 1183 939 1266 consequentia
961 1183 1035 1247 sciri
1057 1192 1218 1264 possunt;
1241 1183 1329 1246 unde
1349 1179 1521 1265 perficiunt

369 1290 475 1373 priora
499 1298 533 1352 et
555 1288 716 1372 regulant,
738 1287 821 1353 sicut
845 1287 921 1351 finis
943 1308 982 1350 ea
1001 1306 1088 1369 quae
1109 1298 1187 1353 sunt
1209 1287 1252 1351 ad
1276 1284 1385 1363 finem,
1400 1295 1434 1348 et
1456 1284 1521 1349 dis-

369 1404 496 1478 ponunt
511 1403 545 1458 et
560 1394 712 1475 aperiunt
723 1392 809 1455 viam
822 1392 865 1456 ad
881 1390 1063 1474 sequentia.
1108 1391 1165 1455 Ad
1178 1393 1267 1473 quod
1283 1411 1369 1455 nunc
1385 1388 1522 1452 intendo

369 1499 503 1562 innuere
526 1518 586 1580 per
607 1497 838 1561 auctoritatem
866 1505 900 1560 et
927 1495 1108 1571 rationem;
1139 1506 1173 1560 et
1196 1496 1303 1577 primo
1326 1494 1357 1558 in
1380 1491 1521 1557 scientiis

371 1601 524 1665 humanis
550 1611 584 1665 et
609 1602 707 1664 rebus
734 1601 827 1663 istius
854 1599 978 1673 mundi,
1002 1600 1120 1664 deinde
1144 1600 1176 1662 in
1205 1600 1324 1674 divina,
1347 1608 1381 1662 et
1406 1597 1521 1660 ultimo

370 1715 470 1789 prout
485 1707 528 1769 ad
546 1704 727 1770 Ecclesiam
743 1713 777 1769 et
791 1713 920 1768 caetera
936 1704 998 1768 tria
1013 1714 1255 1788 comparantur.

798 1971 1026 2036 Carrrunun
1052 1972 1094 2035 11.

418 2130 456 2193 In
489 2150 556 2210 quo
588 2128 747 2211 probatur
777 2146 836 2211 per
864 2128 1107 2207 auctoritatem,
1131 2127 1220 2210 quod
1252 2126 1359 2190 omnis
1388 2123 1524 2190 scientia

372 2235 506 2318 requirit
523 2233 801 2298 mathematicam.

205 2467 360 2519 rethoricis
419 2443 482 2507 Per
504 2444 733 2508 auctoritatem
758 2444 893 2526 quidem
927 2445 972 2509 sic
999 2442 1151 2526 procedo.
1198 2441 1289 2505 Dicit
1312 2437 1467 2505 Boetius¹
1491 2439 1523 2501 in

203 2616 276 2651 VleW·

204 2534 303 2611 “3¹⁰¹ss
375 2552 522 2613 secundo
545 2550 685 2632 prologo
706 2549 956 2628 Arithmeticae,
976 2548 1071 2631 quod
1086 2546 1360 2610 ‘mathematicae
1383 2553 1525 2627 quatuor

205 2691 332 2742 &euius
375 2654 523 2736 partibus
546 2654 573 2718 si
597 2664 707 2719 careat
730 2653 911 2737 inquisitor,
931 2674 1045 2718 verum
1070 2652 1202 2716 minime
1229 2651 1372 2716 invenire
1402 2644 1523 2734 possit'

374 2756 420 2820 Et
437 2757 552 2820 iterum
570 2756 669 2822 ‘Sine
690 2758 751 2822 hac
771 2759 906 2840 quidem
925 2758 1152 2840 speculatione
1170 2757 1317 2822 veritatis
1337 2755 1416 2818 nulli
1438 2765 1525 2818 recte

374 2862 569 2944 sapiendum
580 2859 652 2926 est.'
691 2862 736 2926 Et
748 2863 855 2928 adhuc
865 2863 943 2927 dicit
954 2867 960 2894 ‘
973 2861 1038 2945 Qui
1051 2861 1173 2944 spernit
1182 2861 1243 2926 has
1253 2861 1384 2925 semitas
1396 2859 1525 2943 sapien·

374 2969 450 3044 tiae,
480 2966 509 3030 ei
540 2969 704 3032 denuncio
734 2988 799 3032 non
832 2979 920 3032 recte
951 2965 1274 3050 philosophandum?
1321 2965 1367 3029 Et
1397 2965 1527 3043 iterum,

377 3070 537 3137 ‘Constat
553 3072 699 3154 quisquis
714 3069 796 3136 haec
813 3072 1080 3155 praetermiserit,
1096 3071 1202 3136 omnis
1218 3070 1398 3153 sapientiae
1416 3069 1525 3153 perdi-

376 3178 465 3241 disse
483 3175 685 3242 doctrinam.’
721 3177 822 3260 Quod
838 3178 938 3242 etiam
951 3177 1098 3240 omnium
1109 3177 1250 3240 virorum
1263 3174 1525 3239 authenticorum

376 3284 542 3347 sententia
565 3280 738 3347 confirmat
762 3283 881 3358 dicens,
905 3280 1017 3346 ‘lnter
1039 3301 1155 3345 omnes
1177 3281 1301 3364 priscae
1324 3278 1527 3342 auctoritatis

375 3387 471 3462 viros,
493 3388 549 3469 qui
573 3387 763 3469 Pythagora
789 3389 873 3452 duce
900 3387 1031 3468 puriore
1054 3384 1172 3448 mentis
1198 3385 1324 3447 ratione
1345 3383 1528 3463 viguerunt,

377 3502 527 3555 constare
537 3490 745 3556 manifestum
758 3501 818 3568 est,
834 3491 924 3555 haud
936 3509 1136 3573 quemquam
1149 3489 1180 3551 in
1193 3487 1420 3570 philosophiae
1431 3485 1527 3550 disci·

377 3596 473 3678 plinis
489 3597 530 3660 ad
547 3597 715 3659 cumulum
732 3595 938 3680 perfectionis
954 3595 1105 3671 evadere,
1115 3593 1172 3657 nisi
1185 3593 1236 3656 cui
1248 3591 1323 3656 talis
1334 3591 1528 3673 prudentiae

376 3699 530 3763 nobilitas
541 3701 687 3781 quodam
697 3699 967 3782 quasiquadrivio
977 3694 1208 3782 investigatur?
1246 3695 1290 3759 Et
1300 3697 1331 3759 in
1342 3694 1527 3779 particulari

375 3803 561 3866 ostenditur
583 3824 643 3887 per
666 3804 895 3868 Ptolemaeum
919 3803 1084 3888 ethipsum
1109 3799 1292 3866 Boetium².
1340 3801 1424 3866 Cum
1440 3799 1528 3862 enim

410 3987 420 4015 ¹
437 3989 574 4048 Boethius,
586 4005 616 4039 as
635 4007 747 4052 appears
764 3991 827 4040 from
846 4007 861 4040 a
875 3991 951 4040 letter
967 3990 1107 4040 addressed
1124 3998 1152 4040 to
1168 3989 1219 4038 him
1237 3989 1273 4050 by
1281 3987 1426 4037 Theodoric
1441 3987 1528 4036 which

378 4069 401 4118 is
413 4071 509 4130 quoted
521 4069 556 4130 by
568 4070 746 4124 Cassiodorus,
758 4071 833 4119 made
846 4071 921 4119 Latin
932 4070 1098 4118 translations
1109 4069 1139 4116 ol
1147 4083 1224 4128 many
1238 4067 1267 4115 ol
1276 4067 1322 4115 the
1333 4065 1420 4115 Greek
1431 4067 1528 4114 mathe-

378 4147 528 4207 maticians;
545 4147 642 4203 Euclid,
661 4147 839 4210 Nicomachus,
858 4148 1037 4209 Archimedes,
1056 4147 1182 4209 Ptolemy,
1202 4149 1251 4195 dcc.
1284 4144 1379 4204 These,
1397 4145 1530 4200 however.

379 4227 446 4274 have
468 4227 656 4288 disappeared3
679 4228 724 4275 the
742 4235 797 4275 two
817 4227 898 4275 books
919 4226 958 4274 De
979 4226 1136 4274 institutione
1155 4223 1328 4286 Arithmetr'ca,
1347 4223 1398 4271 and
1418 4223 1462 4272 the
1480 4223 1529 4272 five

379 4305 463 4354 books
473 4305 512 4354 De
526 4305 633 4366 Musr'ca,
644 4307 708 4354 with
720 4321 735 4354 a
747 4306 799 4355 lew
809 4306 924 4355 doubtful
937 4306 1077 4367 fragments
1089 4305 1119 4354 ol
1132 4305 1173 4353 his
1186 4303 1320 4365 Geometm
1335 4302 1411 4350 alone
1422 4305 1527 4351 remrein.

379 4383 436 4433 The
457 4386 609 4447 expression
631 4385 799 4446 quadr-ilium,
818 4401 848 4434 as
869 4385 973 4446 applied
997 4393 1024 4433 to
1047 4384 1091 4432 the
1113 4383 1171 4431 sour
1186 4381 1303 4430 sciences
1326 4380 1356 4429 os
1375 4381 1528 4444 arithmetic,

379 4463 469 4523 music,
481 4471 623 4525 geometry,
635 4464 686 4512 and
697 4472 855 4524 astronom,
867 4479 953 4512 seems
965 4471 992 4512 to
1003 4464 1069 4511 have
1081 4461 1225 4522 originated
1241 4461 1306 4510 with
1320 4460 1454 4509 Boethius.

411 4541 423 4570 ²
439 4542 468 4590 ln
481 4543 526 4591 the
537 4542 710 4591 introduction
722 4549 750 4590 to
761 4543 807 4591 the
816 4543 953 4604 Almagest
964 4541 1083 4602 Ptolemy
1094 4541 1208 4588 remarks
1216 4540 1272 4588 that
1281 4540 1443 4589 mathematic
1455 4539 1531 4588 holds

379 4635 412 4669 an
430 4621 610 4672 intermediate
627 4621 701 4684 place
720 4621 839 4670 between
860 4621 906 4670 the
925 4620 1044 4670 invisible
1063 4621 1115 4669 and
1136 4619 1385 4682 incomprehensible
1404 4619 1489 4682 object
1505 4617 1536 4668 οἰ
