3575 5375
365 643 716 704 MATHEMATICAE
742 643 791 701 IN
813 643 1018 702 PHYSICIS
1045 643 1251 702 UTILITAS.
1355 659 1413 720 149

259 807 404 874 latitudo
418 817 452 872 et
467 807 676 892 profunditas
690 805 878 892 corporalis,
888 816 922 871 et
933 806 981 872 sic
996 827 1116 890 corpus
1129 807 1266 872 tertium
1282 827 1303 870 a
1318 807 1411 871 coelo
1423 821 1445 871 ts
1456 829 1497 872 cn
1509 823 1534 870 in

260 922 293 977 et
309 912 474 978 elemento
489 921 577 978 esset
597 913 683 975 inter
703 931 751 985 ea,
765 913 856 994 quod
877 909 996 975 falsum
1016 921 1077 976 est.
1122 911 1214 994 Ergo
1237 912 1270 974 in
1291 912 1410 975 eodem
1422 895 1537 1015 {lgj‘ssoem

258 1027 383 1101 puncto
398 1016 644 1082 intersecabunt
654 1014 776 1080 lineam
791 1014 892 1078 illam.
932 1014 1000 1080 Sed
1014 1015 1168 1079 continua
1180 1025 1257 1079 sunt
1268 1034 1410 1098 quorum
1423 1019 1513 1084 points

259 1123 418 1187 terminus
433 1131 483 1185 est
500 1121 598 1186 idem.
645 1121 736 1203 Ergo
751 1130 828 1184 sunt
844 1119 1012 1184 continua.
1053 1119 1237 1183 Multorum
1253 1131 1287 1183 et
1302 1121 1411 1182 maxi-

259 1247 388 1290 morum
418 1227 562 1290 virorum
593 1223 726 1289 luerunt
752 1225 805 1288 hic
833 1224 1061 1306 responsiones
1089 1225 1208 1301 variae,
1232 1231 1267 1290 et
1295 1243 1411 1287 omnes

258 1331 483 1396 adhaerebant
506 1329 559 1394 isti
582 1328 680 1412 parti,
695 1330 785 1412 quod
806 1331 838 1392 in
862 1328 1001 1392 diversis
1022 1328 1155 1410 punctis
1178 1326 1409 1391 intersecarent

258 1435 310 1498 vel
336 1433 529 1500 naturaliter
553 1433 606 1498 vel
638 1433 881 1511 mathematice,
903 1432 957 1496 vel
983 1443 1124 1514 utroque
1155 1433 1268 1511 modo,
1293 1432 1408 1497 distin·

258 1549 397 1620 guentes
433 1536 520 1601 inter
557 1535 811 1601 continuitatem
849 1534 1035 1599 naturalem
1072 1544 1106 1598 et
1137 1535 1408 1599 mathematicam

257 1642 438 1705 secundum
452 1640 637 1706 Averroem
654 1639 686 1702 in
702 1639 820 1722 quinto
836 1638 1005 1720 Physicae
1052 1637 1119 1704 Sed
1139 1639 1228 1702 istud
1244 1636 1325 1701 nihil
1340 1649 1409 1717 est3

258 1765 389 1809 necesse
404 1745 491 1808 enim
506 1755 557 1808 est
575 1745 664 1826 quod
686 1744 719 1806 in
740 1743 857 1806 eodem
878 1754 1004 1826 puncto
1024 1742 1131 1808 lineae
1150 1742 1348 1806 intersecent
1362 1764 1408 1823 se,

256 1859 294 1912 ut
314 1851 358 1914 sit
371 1849 464 1932 virga
487 1848 590 1913 ferrea
611 1848 809 1926 imaginata3
832 1847 890 1910 sed
914 1846 969 1910 ille
987 1857 1128 1929 punctus
1149 1866 1215 1910 non
1237 1848 1408 1912 continuat

256 1972 395 2037 corpora
409 1953 564 2029 secantia,
580 1961 612 2015 et
633 1950 709 2014 ideo
727 1971 793 2014 non
813 1959 892 2014 sunt
908 1953 1074 2024 continua,
1089 1952 1148 2016 sed
1169 1961 1281 2033 partes
1296 1950 1409 2033 virgae

255 2056 308 2120 vel
335 2057 442 2120 lineae
468 2055 676 2134 transeuntis
698 2056 741 2118 de
765 2073 907 2136 quarum
931 2055 1180 2120 continuatione
1206 2075 1273 2118 non
1297 2065 1409 2136 potest

256 2159 408 2224 concludi
424 2181 564 2243 corpora
584 2179 658 2223 esse
678 2159 836 2223 continua
856 2177 917 2240 per
935 2179 1021 2243 quae
1041 2160 1158 2224 transit
1173 2159 1284 2240 virga3
1306 2161 1364 2223 sed
1380 2158 1409 2222 si

255 2265 288 2328 in
309 2263 445 2328 diversis
465 2263 595 2347 punctis
609 2263 723 2345 virgae
744 2263 898 2326 daremus
918 2263 1108 2342 sectionem,
1123 2274 1203 2327 tunc
1223 2264 1407 2327 necessario

254 2389 331 2452 pars
339 2370 461 2452 virgae,
467 2388 554 2451 quae
568 2377 619 2432 est
630 2388 759 2450 corpus,
769 2375 856 2430 esset
869 2366 995 2439 media;
1012 2375 1046 2430 et
1057 2366 1120 2430 hoc
1131 2375 1182 2430 est
1194 2365 1407 2448 impossibile.

255 2473 342 2536 Item
361 2473 454 2555 argui
475 2479 585 2554 potest
605 2471 767 2549 subtilius,
783 2469 874 2552 quod
894 2471 1144 2553 quibuscunque
1163 2469 1354 2551 corporibus
1372 2471 1405 2534 in

253 2576 317 2640 hoc
334 2577 459 2640 mundo
477 2575 606 2660 positis,
624 2576 651 2639 si
674 2576 741 2639 sint
764 2575 894 2639 diversa
917 2585 952 2638 et
974 2573 1138 2658 contigua,
1152 2595 1218 2637 non
1240 2574 1406 2651 continua,

253 2691 495 2765 supraponatur
508 2680 560 2744 vel
583 2689 790 2764 supponatur
812 2679 947 2743 tertium
970 2699 1099 2760 corpus,
1114 2679 1156 2743 ad
1180 2677 1271 2760 quod
1290 2680 1406 2764 aequi·

252 2786 414 2849 distanter
442 2786 605 2849 ducantur
634 2785 739 2848 lineae
768 2785 855 2848 duae
883 2805 906 2848 a
935 2782 1054 2847 mediis
1085 2783 1215 2865 punctis
1250 2783 1404 2847 datorum

253 2908 439 2970 corporum.
485 2887 521 2953 Si
536 2908 615 2971 ergo
630 2887 706 2951 illae
721 2888 827 2951 lineae
842 2887 1064 2952 terminentur
1077 2887 1119 2951 ad
1136 2898 1261 2970 puncta
1277 2888 1407 2952 diversa

252 2991 286 3056 in
301 2993 399 3057 tertio
415 3012 562 3075 corpore,
577 3001 656 3057 tunc
673 3012 750 3076 pars
766 2991 853 3056 illius
868 2991 1015 3074 corporis
1034 3000 1085 3055 est
1104 2992 1214 3055 media
1235 2992 1320 3056 inter
1340 3012 1405 3065 eas,

253 3108 286 3162 et
313 3097 494 3180 aequaliter
518 3115 649 3178 semper
674 3096 800 3160 distant
821 3105 856 3159 et
878 3096 1155 3179 appropinquant,
1178 3104 1279 3158 etex
1302 3095 1405 3159 altera

252 3203 393 3285 partein
410 3198 523 3265 medio
538 3200 679 3265 duorum
699 3219 876 3280 corporum
896 3200 1068 3264 distabunt
1086 3220 1146 3281 per
1166 3218 1286 3279 corpus
1304 3199 1404 3262 inter-

251 3307 409 3390 positum,
428 3307 517 3388 quod
542 3304 677 3370 omnino
699 3313 750 3367 est
773 3302 902 3368 salsum.
949 3303 1041 3384 Ergo
1062 3304 1342 3368 continuabuntur
1361 3303 1405 3366 ad

251 3430 352 3475 unum
367 3419 527 3491 punctum
544 3409 578 3472 in
593 3408 692 3472 tertio
708 3427 854 3489 corpore,
866 3417 901 3471 et
915 3408 1031 3471 eadem
1048 3408 1175 3471 ratione
1189 3407 1231 3470 ad
1247 3407 1404 3471 extremi-

250 3525 338 3580 tates
364 3534 440 3578 suas
466 3513 499 3577 in
526 3512 755 3595 conjunctione
781 3530 957 3593 corporum
983 3511 1179 3593 positorum,
1202 3520 1404 3593 quapropter

251 3640 353 3683 unum
370 3638 489 3701 corpus
510 3628 604 3681 erunt
627 3637 714 3699 quae
737 3616 845 3700 posita
862 3623 952 3691 sunt,
967 3616 1045 3699 quia
1066 3636 1150 3678 unus
1171 3624 1314 3697 punctus
1336 3634 1404 3677 non

250 3734 361 3807 potest
377 3742 448 3789 esse
463 3723 495 3785 in
511 3722 647 3785 diversis
668 3722 868 3805 corporibus.
915 3720 962 3784 Et
983 3720 1034 3785 hic
1055 3720 1179 3784 turbati
1199 3729 1278 3783 sunt
1298 3719 1404 3793 multi,

250 3848 312 3893 nec
327 3839 378 3892 est
389 3838 522 3909 tempus
534 3827 715 3891 renovandi
728 3826 901 3910 opiniones
912 3825 1128 3909 singulorum,
1137 3824 1313 3908 praecipue
1327 3844 1403 3887 cum

249 3932 371 3996 veritas
396 3941 519 4014 pateat.
575 3929 613 3995 Si
639 3931 768 3995 dicatur
793 3931 884 4013 quod
912 3930 945 3993 in
968 3931 1084 3993 eodem
1109 3939 1234 4012 puncto
1257 3929 1405 4011 corporis

249 4036 514 4101 terminabuntur
538 4035 616 4100 illae
642 4034 747 4100 lineae
769 4055 829 4099 nec
852 4035 918 4099 sint
940 4034 1208 4116 aequidistantes
1232 4034 1311 4115 quia
1335 4055 1401 4097 non

249 4142 375 4205 distant
390 4140 422 4204 in
438 4140 561 4223 aliquo,
570 4159 610 4201 eo
627 4139 718 4221 quod
734 4157 871 4219 corpora
883 4138 980 4201 simul
993 4138 1102 4221 posita
1113 4147 1188 4202 sunt
1199 4138 1270 4201 sine
1282 4140 1401 4212 medio,

249 4255 283 4309 et
295 4246 374 4327 quia
384 4244 493 4307 omnis
505 4244 664 4307 distantia
675 4241 812 4315 tollitur,
824 4251 958 4325 oportet
970 4242 1060 4323 quod
1071 4242 1114 4305 ad
1126 4262 1228 4305 unum
1241 4251 1401 4323 punctum

249 4348 282 4413 in
312 4348 412 4413 tertio
438 4366 575 4431 corpore
601 4346 828 4423 terminentur,
853 4356 887 4411 et
913 4346 1071 4428 quoniam
1096 4346 1164 4410 duo
1189 4356 1312 4428 puncta
1335 4367 1401 4411 non

247 4452 374 4518 habent
397 4450 523 4533 aliquid
549 4448 771 4533 longitudinis,
793 4450 949 4531 quoniam
976 4468 1043 4513 non
1068 4459 1147 4513 sunt
1168 4460 1302 4531 quanta,
1324 4450 1400 4513 ideo

248 4577 314 4621 non
331 4556 454 4621 iaciunt
469 4554 662 4619 distantiam
678 4554 821 4635 aliquam
836 4555 921 4618 sicut
932 4573 993 4617 nec
1006 4572 1090 4616 unus
1101 4562 1250 4635 punctus
1297 4552 1398 4616 Unde
1413 4550 1460 4599 ¹3⁰¹
1472 4558 1524 4599 ¹⁹¹⁰

247 4673 375 4729 tantam
392 4658 621 4725 indivisionem
638 4658 818 4742 important
834 4658 902 4723 duo
915 4666 1040 4740 puncta
1060 4654 1157 4721 simul
1175 4654 1299 4738 juncta,
1314 4657 1397 4721 sicut
1410 4617 1572 4747 &3⁰3⁵
