3575 5375
365 671 692 730 PHILOSOPHIAE
718 670 809 730 CUM
835 670 1078 729 THEOLOGIA
1106 671 1347 731 AFFINITAS.
1389 685 1431 747 39

281 832 387 898 influit
407 835 439 896 in
461 835 589 897 animas
609 843 739 898 nostras
753 832 945 897 illuminans
960 834 1002 896 ad
1019 832 1190 897 scientiam
1207 842 1241 897 et
1255 833 1429 908 virtutem;

279 938 358 1018 quia
370 938 449 1002 licet
466 937 652 1002 intellectus
663 936 830 1020 possibilis
845 937 951 1020 possit
964 937 1028 1001 dici
1046 958 1148 1021 agens
1159 938 1204 1000 ab
1215 946 1290 1001 actu
1310 935 1430 999 intelli·

279 1043 388 1124 gendi,
410 1053 522 1106 tamen
548 1042 711 1105 sumendo
734 1041 939 1106 intellectum
962 1050 1116 1123 agentem
1143 1052 1180 1104 ut
1202 1041 1263 1125 ipsi
1286 1048 1430 1115 sumunt,

278 1156 416 1209 vocatur
431 1146 569 1209 influens
585 1156 619 1210 et
633 1145 823 1209 illuminans
839 1144 1028 1229 possibilem
1045 1145 1088 1207 ad
1104 1146 1329 1227 cognitionem
1345 1143 1429 1207 veri·

279 1251 368 1313 tatis.
413 1249 459 1313 Et
474 1250 520 1313 sic
536 1248 724 1313 intellectus
738 1269 842 1331 agens
858 1247 1039 1312 secundum
1057 1248 1196 1330 majores
1213 1248 1429 1332 philosophos

279 1372 346 1416 non
369 1363 420 1417 est
445 1373 523 1435 pars
548 1353 689 1429 animae,
711 1355 769 1416 sed
794 1363 845 1416 est
867 1352 1052 1416 substantia
1079 1350 1277 1417 intellectiva
1304 1352 1370 1416 alia
1395 1362 1430 1415 et

280 1466 431 1539 separata
454 1478 513 1539 per
534 1458 710 1521 essentiam
733 1458 777 1520 ab
800 1456 970 1520 intellectu
994 1456 1161 1539 possibili;
1185 1466 1218 1519 et
1241 1456 1319 1539 quia
1341 1456 1429 1519 istud

278 1570 328 1623 est
344 1561 564 1625 necessarium
579 1562 622 1624 ad
639 1561 799 1644 propositi
815 1560 1071 1642 persuasionem,
1084 1568 1120 1623 ut
1132 1562 1327 1624 ostendatur
1338 1561 1429 1642 quod

278 1663 488 1748 philosophia
517 1666 560 1728 sit
586 1684 646 1746 per
671 1663 876 1728 influentiam
907 1665 1038 1728 divinae
1068 1664 1326 1741 illuminationis,
1352 1664 1429 1726 volo

278 1769 359 1834 illud
378 1768 552 1832 efficaciter
575 1770 734 1851 probare3
767 1771 942 1853 praecipue
965 1789 1040 1832 cum
1064 1790 1205 1851 magnus
1227 1788 1317 1833 error
1339 1768 1429 1832 inva-

278 1873 357 1938 serit
386 1873 506 1955 vulgus
539 1874 572 1936 in
604 1873 666 1937 hac
700 1886 804 1957 parte,
834 1893 962 1937 necnon
994 1873 1240 1936 multitudinem
1274 1893 1429 1954 magnam

277 1977 520 2059 theologorum,
543 1978 702 2060 quoniam
724 1978 831 2059 qualis
854 1977 907 2041 hic
930 1987 980 2040 est
1003 1977 1036 2039 in
1060 1976 1279 2059 philosophia,
1297 1977 1373 2040 talis
1396 1978 1428 2040 in

276 2082 448 2165 theologia
467 2102 540 2144 esse
560 2082 730 2165 probatur.
778 2083 869 2145 Dicit
884 2082 972 2144 enim
991 2080 1217 2165 Alpharabius
1236 2082 1268 2143 in
1287 2080 1372 2143 libro
1387 2081 1429 2143 de

278 2186 446 2251 intellectu
466 2196 499 2248 et
521 2185 701 2263 intellecto,
716 2185 835 2269 ‘Quod
859 2186 1047 2249 intellectus
1068 2206 1179 2267 agens,
1198 2205 1298 2267 quem
1322 2184 1429 2247 nomi·

277 2291 367 2352 navit
384 2290 582 2355 Aristoteles
605 2290 638 2353 in
661 2289 761 2353 tertio
784 2300 928 2354 tractatu
952 2310 1012 2353 suo
1035 2291 1078 2352 de
1100 2290 1220 2365 anima,
1236 2308 1302 2351 non
1320 2298 1371 2351 est
1394 2288 1427 2351 in

277 2396 425 2470 materia,
441 2395 499 2457 sed
516 2404 567 2458 est
582 2394 767 2459 substantia
782 2390 954 2476 separata.’
1003 2394 1049 2457 Et
1065 2393 1239 2456 Avicenna
1253 2393 1371 2475 quinto
1386 2394 1429 2457 de

277 2499 388 2563 anima
402 2508 437 2562 et
452 2498 583 2564 decimo
599 2499 842 2583 metaphysices
859 2500 947 2563 idem
963 2500 1071 2576 docet,
1087 2517 1216 2560 necnon
1232 2496 1303 2581 ipse
1319 2496 1427 2580 philo·

276 2603 402 2688 sophus
413 2604 519 2681 dicit,‘
530 2603 631 2688 Quod
644 2604 831 2668 intellectus
840 2623 945 2688 agens
956 2613 1007 2667 est
1018 2612 1191 2686 separatus
1202 2622 1222 2664 a
1234 2600 1382 2684 possibili
1393 2610 1427 2665 et

275 2707 469 2772 immixtus?
506 2709 592 2773 Item
602 2708 674 2772 vult
685 2710 774 2792 quod
793 2709 979 2773 intellectus
994 2729 1095 2791 agens
1111 2709 1155 2772 sit
1171 2705 1427 2790 incorruptibilis

275 2813 456 2876 secundum
480 2833 553 2876 esse
573 2822 606 2875 et
629 2813 859 2889 substantiam,
880 2813 1039 2895 quoniam
1063 2813 1142 2877 dicit
1165 2813 1274 2895 ipsum
1297 2811 1427 2875 differre

276 2937 296 2979 a
312 2916 459 2999 possibili
475 2937 578 3000 penes
593 2917 884 2999 incorruptionem,
901 2918 960 2982 sed
981 2917 1146 3000 possibilis
1161 2925 1212 2980 est
1233 2916 1427 2998 incorrupti-

276 3020 352 3085 bilis
374 3022 555 3084 secundum
579 3022 811 3093 substantiam,
834 3033 867 3085 et
890 3021 1114 3104 corruptibilis
1138 3022 1321 3084 seeundum
1343 3040 1425 3095 esse,

275 3135 410 3207 propter
434 3126 674 3207 separationem
705 3125 785 3208 ejus.
833 3127 924 3209 Ergo
951 3145 1055 3208 agens
1080 3125 1261 3190 secundum
1291 3145 1362 3188 esse
1392 3132 1426 3188 et

275 3230 495 3293 substantiam
527 3231 588 3293 erit
619 3230 894 3313 incorruptibilis3
931 3240 1131 3312 quapropter
1161 3248 1228 3291 non
1257 3228 1319 3291 erit
1348 3247 1425 3310 pars

274 3337 415 3409 animae,
431 3335 589 3416 quoniam
613 3343 692 3398 tunc
714 3336 898 3398 secundum
922 3353 995 3398 esse
1017 3355 1113 3396 suum
1138 3334 1170 3397 in
1195 3352 1332 3414 corpore
1355 3352 1425 3396 cor·

275 3448 457 3520 rumpetur,
471 3438 605 3520 quando
620 3449 810 3520 separetur3
833 3451 866 3502 et
882 3438 974 3516 dicit,
985 3438 1074 3521 quod
1091 3457 1127 3501 se
1143 3437 1244 3500 habet
1260 3437 1302 3500 ad
1319 3437 1423 3519 possi-

274 3543 385 3619 bilem,
400 3543 484 3607 sicut
498 3542 620 3607 artilex
636 3544 679 3606 ad
696 3543 880 3620 materiam,
896 3554 929 3606 et
949 3543 1035 3606 sicut
1054 3541 1114 3606 lux
1135 3541 1215 3605 solis
1230 3542 1274 3605 ad
1288 3540 1423 3604 colores.

275 3646 410 3711 Artifex
431 3647 517 3709 enim
541 3657 593 3710 est
610 3657 708 3710 extra
729 3648 902 3711 materiam
921 3647 955 3709 in
978 3667 1078 3728 quam
1101 3648 1179 3729 agit,
1195 3655 1229 3709 et
1253 3655 1424 3728 separatus

273 3753 317 3816 ab
329 3773 369 3815 ea
380 3772 439 3836 per
448 3753 625 3816 essentiam
634 3773 642 3829 ;
658 3751 810 3815 similiter
817 3750 877 3814 lux
887 3751 966 3815 solis
975 3750 1146 3834 expellens
1158 3751 1310 3814 tenebras
1321 3769 1341 3812 a
1352 3769 1423 3813 cor-

272 3858 408 3940 poribus
429 3867 585 3938 separata
608 3867 660 3920 est
682 3857 726 3920 ab
741 3857 789 3918 eis
805 3878 865 3940 per
879 3857 1066 3932 essentiam,
1082 3868 1116 3920 et
1131 3856 1266 3919 advenit
1280 3855 1424 3918 aliunde.

272 3962 364 4026 Dicit
393 3961 504 4037 etiam,
531 3959 719 4025 intellectus
751 3981 853 4044 agens
881 3961 945 4026 scit
975 3962 1086 4025 omnia
1115 3971 1149 4024 et
1181 3955 1262 4047 [est]
1293 3979 1425 4040 semper

271 4067 306 4129 in
329 4076 417 4143 actu,
431 4065 522 4148 quod
543 4085 603 4128 nec
623 4065 756 4129 animae
774 4085 835 4131 nec
850 4065 972 4148 angelo
992 4065 1154 4141 convenit,
1170 4064 1227 4128 sed
1250 4062 1312 4128 soli
1329 4063 1423 4139 Deo;

271 4171 352 4236 item
368 4192 388 4234 a
404 4169 554 4252 digniore
570 4179 665 4252 parte
680 4170 788 4253 magis
802 4169 904 4234 habet
920 4189 971 4233 res
986 4169 1205 4246 denominari,
1222 4189 1301 4251 ergo
1317 4167 1423 4250 magis

271 4276 400 4340 dicetur
425 4273 532 4337 sciens
558 4283 804 4354 peragentem,
828 4292 928 4356 quam
953 4273 1110 4354 ignorans
1136 4293 1194 4355 per
1220 4271 1421 4355 possibilem,

271 4389 349 4444 ante
364 4378 590 4443 inventionem
606 4386 640 4441 et
655 4377 851 4441 doctrinam.
899 4377 984 4442 Item
997 4376 1218 4442 Aristoteles¹
1232 4377 1314 4441 dicit
1330 4378 1420 4459 quod

303 4583 312 4612 ¹
327 4583 452 4633 Aristotle
462 4591 522 4645 puts
535 4583 648 4632 forwerd
658 4582 712 4631 this
721 4583 791 4631 view
797 4582 952 4645 tentatively
960 4581 1048 4631 before
1059 4583 1093 4630 he
1105 4583 1156 4632 bad
1167 4597 1240 4631 come
1250 4589 1278 4630 to
1288 4596 1304 4629 a
1315 4582 1422 4632 definite

269 4663 418 4712 conclusion
430 4677 460 4710 as
468 4669 496 4710 to
507 4661 552 4710 the
562 4661 711 4710 distinction
722 4661 842 4710 between
854 4676 949 4710 reason
961 4662 1012 4710 and
1025 4661 1101 4710 other
1112 4661 1235 4710 iacultioe.
1270 4660 1424 4722 DeAnima,

269 4743 295 4791 ii.
312 4757 332 4802 1,
347 4746 359 4802 ς
374 4753 404 4790 12
411 4738 519 4804 Ἄδηλον
530 4739 551 4788 el
561 4737 636 4790 uim
647 4737 790 4802 ἱπελέχεια
800 4739 846 4789 τοῦ
856 4737 966 4800 σώματος
976 4739 992 4801 ἡ
1002 4739 1070 4804 ψυχὴ
1077 4737 1159 4801 ὥσπερ
1170 4737 1268 4804 thuri-hp
1278 4735 1371 4789 πλοῖον.
