3575 5375
373 677 433 739 170
588 661 743 722 OPERIS
768 659 956 731 MAJORIS
981 659 1096 718 PARS
1121 658 1305 733 QUARTA.

371 825 485 908 aequis
517 825 717 908 ponderibus
749 824 918 908 appensis,
950 824 994 888 ab
1030 821 1233 905 aequalitate
1268 842 1335 886 nou
1367 823 1523 898 discedet,

372 939 406 993 et
443 930 470 993 si
506 930 550 993 ab
586 928 842 1012 aequidistantia
883 937 1055 1011 separatur
1091 928 1135 992 ad
1174 927 1385 1011 aequalitatis
1422 930 1523 993 situm

372 1042 561 1098 revertetur.
608 1033 654 1097 Et
678 1034 766 1098 istud
788 1033 943 1098 videmus
966 1034 1010 1097 ad
1036 1053 1170 1096 sensum
1194 1032 1228 1095 in
1258 1031 1352 1097 lance
1375 1043 1525 1114 utraque,

370 1157 510 1220 quarum
536 1139 629 1222 virga
655 1139 697 1202 sit
722 1159 767 1202 ex
794 1148 889 1220 parte
916 1146 1055 1218 utraque
1081 1135 1226 1220 aequalis
1254 1136 1288 1199 in
1319 1135 1525 1221 longitudine

371 1252 406 1306 et
441 1242 474 1305 in
509 1244 667 1324 pondere.
697 1252 730 1306 et
760 1242 899 1306 omnino
927 1243 1159 1324 appendantur
1187 1241 1336 1324 pondera
1365 1241 1525 1323 aequalia,

371 1356 406 1410 et
427 1344 512 1411 libra
533 1347 713 1429 aequaliter
728 1356 879 1412 teneatur
894 1366 953 1429 per
970 1345 1236 1429 appendiculum,
1250 1354 1287 1409 ut
1308 1352 1376 1409 stet
1397 1364 1525 1428 appen-

372 1449 517 1516 diculum
547 1452 591 1515 ad
620 1450 759 1533 angulos
789 1458 895 1515 rectos
920 1470 1020 1533 super
1045 1448 1192 1532 regulam
1223 1447 1328 1513 librae
1353 1449 1386 1512 in
1411 1457 1526 1512 centro

373 1553 594 1632 revolutionis,
618 1574 695 1619 nam
721 1554 775 1618 hic
805 1563 949 1637 punctus
971 1562 1110 1618 vocatur
1133 1564 1282 1618 centrum
1311 1552 1525 1618 revolutionis

348 1657 351 1664 '
371 1679 392 1723 a
414 1677 481 1741 quo
506 1658 763 1742 appendiculum
787 1659 859 1722 exit
886 1658 930 1723 ad
957 1658 1097 1743 angulos
1123 1657 1289 1740 aequales.
1336 1657 1381 1720 Et
1405 1657 1525 1721 dicitur

371 1771 521 1826 centrum
556 1762 775 1840 revolutionis,
807 1763 886 1846 quia
917 1763 1051 1846 quando
1088 1782 1147 1847 per
1176 1761 1368 1826 violentiam
1407 1781 1525 1824 manus

371 1865 585 1950 deprimentis
614 1866 756 1930 alterum
790 1868 974 1950 ponderum
1004 1867 1201 1949 aequalium,
1225 1876 1283 1930 aut
1317 1876 1452 1950 propter
1473 1866 1523 1929 in-

371 1970 608 2054 aequalitatem
638 1991 861 2055 appensorum
891 1991 995 2035 unum
1025 1991 1139 2035 eorum
1171 1971 1249 2035 sacit
1278 1980 1407 2049 nutum,
1432 1970 1523 2035 aliud

369 2074 561 2154 elevabitur,
586 2086 620 2140 et
646 2075 699 2140 hic
731 2085 842 2138 motus
871 2076 1049 2140 descensus
1078 2083 1113 2138 et
1143 2074 1334 2148 elevationis
1360 2076 1525 2140 describet

369 2178 528 2243 circulum
553 2199 664 2255 unum,
679 2177 773 2260 cujus
797 2177 851 2242 ille
875 2189 1017 2262 punctus
1043 2199 1145 2262 aquo
1171 2179 1243 2243 exit
1266 2179 1522 2262 appendiculum

371 2294 422 2347 est
445 2294 603 2361 centrum,
623 2293 658 2348 et
681 2283 756 2347 ideo
778 2283 898 2348 dicitur
920 2293 1070 2348 centrum
1093 2282 1315 2348 revolutionis.
1361 2283 1462 2366 Quod
1486 2295 1523 2349 ut

825 2388 957 2471 planius
994 2389 1037 2451 sit
1075 2387 1134 2452 fiat
1171 2387 1285 2471 figura.
1355 2387 1444 2452 Nam
1478 2389 1522 2454 sit

825 2493 940 2575 regula
962 2513 1020 2556 seu
1043 2491 1179 2557 baculus
1201 2492 1304 2557 librae
1326 2514 1349 2556 a
1367 2491 1395 2570 b,
1417 2502 1452 2556 et
1467 2491 1525 2556 cd

824 2598 868 2662 sit
885 2597 1150 2681 appendiculum,
1164 2605 1244 2660 tunc
1262 2605 1410 2660 centrum
1429 2618 1523 2660 revo-

824 2702 959 2766 lutionis
976 2725 997 2767 a
1011 2722 1079 2786 quo
1099 2703 1169 2766 exit
1184 2703 1441 2785 appendiculum
1461 2704 1523 2767 erit

765 2827 782 2893 b
821 2805 854 2883 d,
880 2816 915 2869 et
941 2806 975 2868 in
1006 2804 1269 2871 circumferentia
1293 2806 1387 2869 istius
1410 2806 1522 2871 circuli

823 2930 971 2993 appensa
989 2912 1217 2985 movebuntur,
1232 2930 1309 2973 nam
1328 2909 1410 2974 illud
1430 2911 1521 2992 quod

823 3013 1004 3078 descendet
1037 3015 1203 3078 describet
1235 3012 1392 3079 circulum
1425 3014 1522 3078 inier-

823 3117 939 3195 iorem,
969 3126 1003 3180 et
1037 3117 1117 3181 illud
1152 3119 1243 3200 quod
1273 3119 1431 3183 ascendet
1462 3120 1521 3183 de·

822 3222 944 3287 scribet
980 3221 1137 3286 circulum
1179 3224 1394 3305 superiorem.
1457 3222 1522 3286 His

823 3327 1014 3411 suppositis,
1023 3326 1187 3409 arguitur1
1199 3329 1257 3395 sic.
1283 3324 1369 3391 Cum
1378 3327 1520 3392 alterum

369 3432 578 3497 brachiorum
591 3431 694 3496 librae
706 3432 901 3515 aequalibus
912 3432 1065 3513 appensis
1075 3443 1192 3494 nutum
1206 3430 1306 3496 saciat
1316 3452 1374 3513 per
1385 3452 1520 3496 manum

202 3554 343 3618 Gmutyos
368 3537 591 3620 deprimentis,
605 3535 652 3615 fit,
663 3537 845 3601 secundum
862 3534 1080 3599 Aristotelem
1097 3544 1217 3618 quarto
1233 3536 1326 3600 Coeli
1343 3547 1377 3601 et
1393 3536 1522 3616 Mundi,

202 3621 354 3685 paraclesin
367 3640 509 3723 gravius,
533 3641 613 3723 quia
642 3661 742 3723 grave
769 3650 894 3723 quanto
920 3640 1073 3722 adquiret
1099 3641 1206 3721 magis
1232 3641 1274 3704 de
1301 3642 1375 3705 loco
1400 3644 1522 3723 gravis,

199 3687 351 3829 pgaahrrpcleosy
367 3752 462 3809 tanto
478 3746 585 3827 magis
601 3744 745 3827 adquirit
761 3745 802 3807 de
822 3742 929 3808 forma
948 3745 1129 3826 gravitatis,
1145 3756 1183 3809 ut
1203 3745 1274 3827 ipse
1294 3745 1382 3809 dicit.
1428 3747 1521 3829 Ergo

199 3817 346 3933 ffiswuh
367 3849 456 3931 quod
477 3849 648 3913 descendit
669 3849 706 3913 fit
727 3849 869 3932 gravius,
885 3859 1180 3932 quantumcunque
1201 3870 1318 3933 parum
1342 3851 1522 3915 descendat

200 3950 316 4014 position.
367 3974 388 4017 a
407 3953 472 4018 situ
493 3952 712 4035 aequalitatis,
727 3964 762 4017 et
783 3954 857 4017 ideo
874 3963 1001 4037 quanto
1022 3954 1129 4035 magis
1149 3954 1328 4031 descendit,
1343 3965 1440 4019 tanto
1458 3957 1522 4020 erit

366 4058 510 4144 gravius.
556 4058 647 4141 Ergo
663 4057 721 4124 fiet
739 4058 914 4141 inaequale
935 4056 1061 4139 reliquo
1081 4078 1229 4142 appenso
1250 4069 1285 4122 et
1304 4061 1522 4141 ponderosius

367 4184 417 4229 eo.
465 4161 557 4246 Ergo
584 4163 661 4228 licet
687 4162 806 4227 luerint
833 4162 865 4226 in
894 4164 960 4226 situ
987 4162 1196 4245 aequalitatis
1222 4162 1382 4246 aequalia,
1407 4174 1522 4229 tamen

366 4288 443 4333 cum
461 4271 619 4334 recedunt
638 4267 682 4333 ab
704 4268 760 4331 illo
780 4268 846 4332 situ
867 4264 948 4330 fient
969 4267 1153 4350 inaequalia
1174 4269 1207 4331 in
1228 4269 1395 4349 pondere;
1417 4289 1523 4351 quare

366 4392 500 4457 semper
522 4374 701 4438 descendet
727 4372 809 4435 illud
834 4373 926 4453 quod
955 4383 1071 4435 nutum
1101 4371 1188 4449 facit,
1212 4382 1247 4436 et
1272 4372 1363 4436 aliud
1390 4393 1525 4456 semper

366 4479 533 4553 ascendet,
550 4486 583 4540 et
599 4478 674 4541 ideo
694 4495 864 4558 nunquam
886 4476 930 4540 ad
951 4476 1052 4539 situm
1074 4476 1284 4559 aequalitatis
1306 4486 1522 4542 revertentur.

576 2463 593 2506 0

517 3279 577 3329 Flo.
593 3292 631 3343 19.

400 4638 407 4668 ¹
425 4638 441 4699 J
443 4637 473 4688 .'s
485 4640 601 4701 reading,
612 4638 836 4701 argumententur
846 4638 971 4703 arguitur,
982 4645 1103 4701 suggests
1114 4638 1170 4688 that
1181 4637 1253 4688 what
1263 4637 1365 4688 follows
1376 4639 1398 4688 is
1410 4636 1524 4691 Bacon’s

366 4718 488 4780 opinion:
505 4718 591 4767 which
602 4718 622 4767 it
633 4718 655 4768 is
667 4725 722 4769 not.
