3575 5375
383 635 735 695 MATHEMATICAE
760 637 810 694 IN
832 637 1036 697 PHYSICIS
1064 638 1270 697 UTILITAS.
1374 655 1428 718 151

279 797 479 880 corporibus,
499 798 702 882 accipiantur
720 798 821 883 igitur
840 800 928 866 duae
951 799 1084 866 tabulae
1106 799 1225 884 planae
1246 801 1430 884 superficiei

278 910 312 966 et
337 902 504 967 circularis
531 902 664 986 figurae,
686 914 720 966 et
746 903 893 968 elevetur
922 925 988 970 una
1016 905 1060 969 ab
1088 903 1193 970 altera
1222 905 1284 969 sub
1311 908 1428 970 eadem

278 1005 483 1088 figuratione,
499 1017 578 1072 tunc
596 1027 653 1070 aer
668 1007 763 1074 citius
782 1007 924 1090 repleret
944 1017 1055 1091 partes
1074 1009 1257 1074 exteriores
1272 1009 1359 1074 inter
1372 1031 1429 1075 eas

277 1110 561 1193 quamcentrales.
598 1110 811 1196 Quapropter
821 1122 909 1176 esset
919 1131 1061 1176 vacuum
1073 1112 1107 1177 in
1118 1112 1267 1194 partibus
1279 1113 1430 1178 interior·

277 1213 350 1278 ibus
363 1213 406 1278 ad
422 1225 565 1296 tempus.
610 1214 655 1278 Et
672 1214 726 1280 hic
742 1214 867 1278 multae
881 1215 1043 1279 stultitiae
1057 1215 1210 1280 solebant
1224 1217 1299 1280 dici.
1338 1217 1428 1282 Nam

277 1316 378 1400 aliqui
393 1318 549 1383 dixerunt
564 1338 674 1382 aerem
690 1318 724 1381 in
739 1317 876 1384 instanti
893 1319 1017 1384 moveri
1034 1339 1139 1401 usque
1156 1319 1198 1383 ad
1219 1330 1366 1385 centrum
1383 1343 1428 1385 ex

277 1421 350 1505 lege
372 1433 509 1488 naturae
531 1421 735 1496 universalis,
751 1443 792 1486 ne
815 1420 907 1486 fieret
929 1442 1090 1498 vacuum3
1121 1422 1178 1487 alii
1200 1423 1290 1506 quod
1314 1425 1428 1489 omnia

275 1543 415 1607 corpora
444 1526 616 1610 tangentia
646 1546 681 1590 se
712 1525 745 1589 in
775 1546 850 1590 aere
877 1525 931 1590 vel
963 1546 1050 1610 aqua
1083 1527 1207 1591 habent
1239 1527 1428 1610 superficies

275 1628 442 1707 humidas,
451 1639 487 1694 ut
497 1629 698 1696 Aristoteles
713 1630 795 1694 dicit
810 1631 954 1695 secundo
971 1632 1012 1694 de
1028 1631 1162 1710 Anima,
1173 1641 1208 1695 et
1224 1631 1427 1696 hanchumi-

275 1733 417 1798 ditatem
431 1734 515 1800 aeris
530 1735 583 1800 vel
598 1755 703 1818 aquae
724 1734 941 1818 interceptam
957 1747 1138 1817 posuerunt
1156 1735 1297 1800 rarefieri
1316 1736 1428 1800 subito

275 1857 334 1920 per
355 1846 474 1916 toturn,
489 1857 532 1904 ne
554 1833 648 1904 fieret
670 1858 820 1904 vacuum.
868 1837 937 1902 Sed
960 1838 1024 1904 hoc
1046 1840 1137 1922 quod
1159 1839 1288 1918 dicitur,
1304 1860 1346 1904 ne
1368 1839 1426 1905 fiat

274 1961 424 2021 vacuum,
436 1952 487 2006 est
502 1963 584 2026 pura
600 1943 733 2028 negatio
743 1939 766 2004 ¹.
806 1943 908 2007 Nulla
923 1962 1001 2006 vero
1016 1943 1148 2026 negatio
1162 1963 1246 2025 pura
1261 1952 1311 2008 est
1326 1963 1426 2010 causa

274 2045 521 2124 affirmationis3
554 2057 589 2112 et
619 2047 695 2112 ideo
723 2048 952 2129 responsiones
985 2045 1175 2128 hujusmodi
1205 2057 1284 2112 sunt
1313 2046 1425 2112 salsae.

275 2149 414 2232 Propter
429 2153 519 2234 quod
537 2151 715 2216 dicendum
736 2161 786 2216 est
808 2152 900 2236 quod
922 2151 985 2214 sub
1006 2152 1124 2214 eadem
1142 2149 1339 2232 figuratione
1359 2173 1426 2216 non

274 2265 385 2338 potest
400 2275 467 2320 una
481 2255 524 2318 ah
539 2255 605 2320 alia
620 2256 751 2333 elevari,
766 2256 825 2320 sed
841 2265 975 2337 oportet
996 2256 1087 2337 quod
1107 2255 1251 2319 declinet
1270 2277 1334 2318 una
1349 2276 1424 2320 cum

273 2357 421 2422 elevatur
435 2359 479 2424 ab
493 2356 567 2437 alia,
579 2370 612 2423 et
627 2360 675 2422 sic
689 2380 746 2422 aer
760 2359 943 2444 ingreditur
958 2357 1129 2441 paulatim.
1176 2357 1251 2422 Hoc
1267 2359 1310 2422 de
1324 2358 1425 2441 plano

273 2471 385 2546 potest
400 2462 539 2546 quilibet
554 2464 697 2546 experiri
713 2464 746 2526 in
758 2463 886 2547 scypho
901 2463 1007 2528 vitreo
1019 2463 1163 2528 demisso
1176 2463 1210 2526 in
1221 2483 1281 2526 vas
1291 2462 1423 2546 plenum

272 2585 378 2648 aqua;
400 2587 477 2632 nam
495 2587 555 2649 pro
572 2569 695 2632 mundo
710 2588 777 2632 non
793 2578 904 2652 potest
915 2566 1035 2632 elevari
1047 2567 1081 2631 iu
1093 2569 1212 2631 eadem
1228 2566 1424 2650 figuratione

271 2692 405 2736 suarum
428 2672 581 2756 partium.
627 2671 730 2755 Cujus
753 2681 935 2748 causaest,
961 2682 997 2738 ut
1019 2693 1107 2754 aqua
1129 2672 1330 2757 ingrediatur
1353 2672 1424 2755 ejus

272 2775 382 2840 locum
397 2776 566 2860 paulatim.
613 2777 659 2841 Et
674 2779 756 2843 haec
771 2788 821 2842 est
839 2778 1037 2842 affirmativa
1056 2778 1098 2842 ad
1119 2798 1219 2860 quarn
1241 2799 1287 2841 ex
1308 2798 1423 2842 conse·

271 2881 385 2963 quenti
401 2882 590 2945 excluditur
604 2901 754 2946 vacuum.

316 2983 353 3049 Si
383 3004 462 3068 ergo
487 2995 620 3066 oportet
644 2987 735 3068 quod
761 2985 826 3049 sint
853 2984 965 3069 plures
996 2986 1154 3050 materiae
1177 2984 1365 3068 corporales
1387 2996 1421 3050 et
1437 3004 1579 3056 Retuution

270 3087 364 3171 plura
379 3108 519 3172 corpora
535 3089 566 3151 in
579 3088 642 3153 hoe
654 3091 871 3164 mund0,cum
881 3090 1055 3172 quodlibet
1067 3109 1186 3172 corpus
1196 3100 1246 3154 est
1258 3089 1421 3155 divisibile
1433 3070 1564 3201 {effi}

271 3192 304 3255 in
334 3191 471 3271 infinita,
494 3213 561 3256 non
587 3204 698 3257 tamen
720 3204 855 3276 propter
881 3193 944 3257 hoc
969 3195 1110 3256 mundus
1134 3194 1195 3257 erit
1218 3195 1421 3276 compositus
1433 3204 1526 3280 Demo

270 3318 315 3360 ex
345 3297 495 3379 partibus
529 3298 754 3363 materialibus
778 3297 924 3376 infinitis,
947 3319 1033 3380 quae
1054 3308 1218 3361 vocantur
1246 3298 1359 3376 atomi,
1384 3308 1421 3363 ut
1434 3277 1516 3318 Μ’

270 3411 450 3483 posuerunt
474 3402 686 3466 Democritus
712 3412 746 3465 et
772 3402 971 3485 Leucippus,
997 3421 1137 3483 quorum
1164 3402 1328 3484 positione
1359 3401 1420 3466 suit

271 3505 471 3570 Aristoteles
495 3507 600 3588 magis
628 3507 808 3587 impeditus
831 3515 865 3570 et
892 3526 1009 3569 omnes
1037 3505 1214 3581 naturales,
1236 3525 1337 3587 quam
1362 3526 1421 3588 per

269 3610 393 3692 aliquid
410 3610 500 3673 aliud
516 3630 700 3675 erroneum.
746 3608 846 3692 Quod
862 3620 975 3674 tamen
990 3631 1049 3693 per
1058 3610 1293 3692 geometricam
1310 3620 1421 3691 potes-

269 3725 374 3779 tatem
386 3714 574 3778 eliminatur
586 3714 722 3779 omnino
735 3735 743 3791 ;
766 3735 844 3779 narn
858 3714 938 3779 nihil
952 3713 1069 3779 fortius
1080 3723 1192 3796 potest
1201 3714 1294 3797 argui
1306 3724 1421 3779 contra

268 3820 341 3894 hoc,
356 3839 457 3903 quam
476 3820 566 3902 quod
584 3828 664 3882 tunc
682 3819 844 3884 diameter
863 3819 1016 3902 quadrati
1037 3830 1072 3882 et
1092 3818 1179 3882 latus
1199 3828 1308 3883 essent
1330 3838 1420 3882 corn·

269 3923 512 4000 mensurabilia,
530 3924 563 3987 id
583 3934 643 3998 est,
663 3922 824 3988 haberent
847 3943 1057 3989 communem
1081 3943 1279 3998 mensuram,
1294 3923 1420 3987 scilicet

268 4026 411 4111 adquam
450 4037 577 4109 partem
615 4027 797 4109 aliquotam
835 4048 896 4110 pro
934 4027 1100 4090 communi
1137 4046 1296 4102 mensura,
1326 4026 1419 4108 cujus

267 4132 468 4195 contrarium
480 4130 681 4195 Aristoteles
693 4151 823 4214 semper
834 4130 941 4194 docet.
973 4129 1018 4194 Et
1032 4141 1125 4211 patet
1137 4151 1197 4213 per
1211 4132 1418 4195 demonstra-

267 4236 392 4301 tionem
417 4256 461 4299 ex
485 4235 603 4300 ultima
631 4245 726 4317 parte
752 4235 916 4317 septimae
937 4235 1174 4318 propositionis
1199 4234 1319 4300 decimi
1343 4235 1417 4299 libri

268 4338 530 4416 Elementorum,
542 4360 601 4421 per
616 4358 716 4422 quam
733 4340 987 4417 demonstratur,
998 4340 1087 4423 quod
1098 4341 1127 4403 si
1139 4338 1250 4422 aliqua
1263 4360 1417 4402 mensura

301 4509 307 4538 ¹
324 4509 349 4559 Α
360 4510 470 4573 striking
482 4510 599 4559 instance
612 4510 642 4559 oi
655 4508 765 4558 Bucon's
777 4510 921 4571 positivity.
956 4510 998 4559 No
1010 4510 1110 4559 natural
1121 4510 1207 4559 action
1218 4510 1293 4557 takes
1306 4508 1377 4570 place
1390 4509 1417 4557 in

266 4589 344 4637 order
361 4589 416 4637 thet
432 4604 506 4637 some
522 4589 599 4638 other
614 4586 699 4636 action
718 4603 777 4650 may
794 4595 839 4637 not
853 4588 949 4641 iollow.
985 4588 1040 4637 The
1051 4588 1153 4637 remark
1165 4588 1187 4637 is
1199 4587 1321 4649 repeated
1334 4587 1360 4635 in
1372 4587 1417 4636 the

266 4673 329 4715 next
340 4667 453 4729 chapter.
