3575 5375
378 658 435 720 240
597 643 753 702 OPERIS
776 643 966 713 MAJORIS
990 643 1106 702 PARS
1130 642 1315 717 QUARTA.

377 805 420 868 de
437 803 501 868 hac
520 804 682 888 scriptura
701 814 735 870 et
755 806 968 885 derivatione,
983 815 1098 873 tamen
1118 806 1202 873 falsa
1221 806 1458 871 mathematica
1479 812 1530 868 est

376 929 430 973 ars
445 909 582 992 magica.
629 909 717 974 Nam
734 921 949 975 numerantur
966 911 1112 994 quinque
1125 913 1252 995 species
1272 913 1353 976 artis
1370 911 1530 993 magicae,

375 1015 501 1080 scilicet
524 1016 678 1094 mantice,
697 1017 942 1092 mathematica,
964 1015 1173 1096 maleficium,
1189 1017 1414 1101 praestigium,
1433 1015 1531 1080 sorti·

375 1117 508 1203 legium.

420 1224 661 1290 Mathematica
684 1247 764 1309 ergo
787 1235 837 1292 est
859 1229 1002 1292 secunda
1026 1247 1102 1310 pars
1124 1227 1204 1291 artis
1228 1226 1386 1309 magicae.
1434 1224 1529 1289 Haec

375 1329 437 1393 sibi
465 1341 602 1412 usurpat
627 1333 925 1396 considerationem
951 1332 1145 1396 coelestium
1178 1331 1433 1408 characteribus,
1458 1350 1530 1392 car·

376 1433 531 1511 minibus,
546 1435 838 1517 conjurationibus,
855 1435 1022 1501 sacrificiis
1038 1435 1291 1518 superstitionis,
1305 1443 1340 1498 et
1358 1433 1530 1497 fraudibus

375 1538 472 1602 variis
498 1537 727 1604 deformatam.
775 1542 821 1605 Et
850 1542 945 1623 ponit
973 1562 1034 1623 per
1054 1541 1211 1605 virtutem
1235 1539 1528 1604 constellationum

375 1643 487 1705 omnia
513 1645 556 1707 de
585 1646 782 1709 necessitate
811 1647 1011 1728 contingere,
1037 1645 1117 1726 nihil
1144 1647 1186 1708 ad
1218 1642 1421 1717 utrumlibet,
1446 1640 1529 1706 nihil

374 1767 396 1810 a
411 1767 488 1811 casu
504 1768 564 1812 nec
576 1747 717 1825 fortuna,
728 1750 809 1814 nihil
824 1771 844 1813 a
859 1749 1007 1827 consilio,
1016 1751 1059 1814 de
1071 1751 1219 1816 bonitate
1231 1758 1343 1813 tamen
1355 1747 1528 1826 essentiae,

375 1862 410 1915 et
433 1852 466 1916 in
488 1852 689 1934 adjutorium
713 1855 1000 1919 constellationum
1021 1855 1185 1920 efficacius
1205 1854 1370 1918 ordinavit
1390 1850 1528 1936 singulis

374 1956 679 2024 constellationibus
709 1950 841 2042 propria
872 1959 1032 2042 figmenta
1062 1960 1287 2024 characterum
1319 1969 1352 2022 et
1387 1956 1527 2022 aliorum

375 2062 631 2143 praedictorum.
678 2063 724 2127 Et
739 2064 820 2130 haec
836 2085 994 2146 expresse
1007 2075 1198 2128 asseruntur
1216 2063 1248 2127 in
1269 2063 1359 2127 libris
1379 2061 1527 2145 magicis.

377 2164 476 2230 Unde
491 2168 573 2230 haec
589 2168 724 2233 scientia
740 2169 802 2232 ista
818 2170 930 2233 omnia
944 2168 1037 2251 ponit
1054 2189 1113 2253 per
1127 2169 1257 2233 coelum
1273 2170 1316 2233 de
1331 2167 1529 2232 necessitate

374 2271 574 2356 contingere,
597 2283 632 2336 et
654 2271 837 2357 praesumit
865 2272 1032 2356 perhanc
1055 2273 1284 2338 necessitatem
1311 2269 1528 2336 infallibiliter

375 2375 417 2439 de
435 2377 591 2442 omnibus
608 2377 755 2461 judicare
774 2378 901 2442 futuris.
948 2376 1015 2442 Sed
1033 2378 1097 2442 ista
1113 2377 1347 2442 mathematica
1367 2378 1528 2441 damnata

374 2489 507 2544 estnon
524 2479 630 2544 solum
647 2503 667 2545 a
683 2483 813 2560 sanctis,
827 2483 887 2546 sed
902 2504 922 2546 a
940 2482 1157 2567 philosophis,
1174 2491 1211 2546 ut
1229 2482 1308 2546 dicit
1328 2481 1477 2545 Isidorus
1493 2481 1526 2542 in

375 2592 516 2647 tractatu
541 2583 750 2669 astrologiae,
769 2607 918 2651 asserens
938 2607 1038 2650 unam
1062 2596 1190 2670 partem
1211 2586 1433 2651 astronomiae
1455 2605 1527 2648 esse

376 2690 649 2770 superstitiosam,
675 2691 799 2757 scilicet
827 2712 914 2774 quae
943 2702 994 2757 est
1021 2693 1160 2774 magica,
1188 2703 1222 2757 et
1247 2691 1369 2755 dicitur
1398 2688 1528 2753 mathe-

374 2793 496 2857 matica
512 2793 670 2859 falsidica.
717 2795 818 2860 Unde
834 2795 1035 2861 Aristoteles
1053 2807 1088 2861 et
1105 2796 1211 2874 Plato,
1224 2804 1369 2860 testante
1388 2795 1527 2869 Isidoro,

374 2916 448 2960 eam
479 2899 744 2977 damnaverunt;
773 2911 809 2966 et
843 2899 989 2964 Plinius¹
1020 2921 1079 2984 per
1109 2901 1239 2964 diversa
1260 2900 1333 2965 loca
1354 2898 1526 2964 Naturalis

375 2999 547 3066 Historiae
569 3022 643 3067 eam
666 3005 797 3086 saepius
820 3006 1007 3088 percutiens
1028 3014 1166 3089 propter
1188 3025 1314 3069 errores
1337 3025 1420 3087 quos
1443 3003 1525 3066 haec

373 3103 515 3170 fantasia
535 3108 664 3190 scripsit
682 3108 715 3172 in
733 3108 940 3173 naturalibus
958 3117 992 3172 et
1013 3108 1271 3187 medicinalibus,
1291 3109 1428 3173 tandem
1451 3126 1525 3171 eam

374 3208 471 3274 nimis
497 3210 679 3276 abhorrens
710 3234 787 3276 xxx
818 3212 905 3277 libro
935 3213 1097 3297 originem
1128 3214 1217 3277 illius
1241 3213 1360 3296 aperit,
1382 3222 1416 3275 et
1442 3228 1528 3293 quo·

372 3315 474 3379 modo
493 3324 601 3379 totum
622 3316 783 3380 mundum
799 3317 988 3382 defoedavit
1005 3318 1176 3383 evidenter
1193 3317 1349 3381 ostendit.
1395 3314 1526 3379 Tullius

372 3418 472 3482 etiam
503 3420 535 3483 in
562 3419 646 3483 libro
677 3420 927 3485 Divinationum
958 3421 1065 3505 magis
1095 3422 1130 3486 in
1159 3421 1349 3504 particulari
1380 3422 1423 3484 ad
1454 3420 1527 3501 ejus

373 3520 535 3586 malitiam
552 3525 754 3589 descendens
770 3527 918 3589 ostendit
932 3528 1023 3607 quod
1043 3524 1167 3590 cultum
1187 3526 1332 3589 divinum
1350 3524 1528 3601 destruxit,

373 3623 614 3709 rempublicam
643 3622 790 3705 violavit,
819 3641 854 3693 et
889 3630 1089 3694 medicinam
1123 3629 1235 3693 infecit
1268 3640 1301 3694 et
1338 3627 1526 3691 naturalem

373 3727 617 3813 philosophiam
645 3740 679 3795 et
705 3752 822 3798 omnes
847 3733 954 3798 bonas
980 3742 1067 3798 artes
1097 3734 1268 3797 subvertit.
1315 3731 1527 3796 Ptolemaeus

371 3827 472 3891 etiarn
496 3839 529 3892 et
554 3829 752 3896 Aristoteles
774 3843 808 3896 et
831 3832 1005 3897 Avicenna
1031 3843 1064 3897 et
1088 3832 1295 3897 Messehalac
1319 3843 1353 3896 et
1377 3831 1468 3912 Haly
1491 3839 1527 3894 et

404 4042 413 4072 ¹
430 4044 487 4093 The
505 4046 678 4095 introduction
690 4054 716 4096 to
728 4048 773 4097 the
785 4050 903 4098 thirtieth
915 4050 983 4098 book
996 4050 1025 4099 of
1040 4048 1139 4111 Pliny's
1154 4050 1268 4098 Natural
1276 4049 1383 4113 Hr'story
1395 4050 1528 4099 discusses

372 4123 416 4172 the
429 4124 513 4186 origin
526 4124 555 4172 of
563 4126 654 4187 magle.
690 4127 713 4177 It
725 4143 809 4188 arose,
820 4129 854 4177 he
866 4144 935 4190 says,
946 4136 973 4178 nt
983 4145 1000 4177 a
1009 4144 1073 4190 very
1085 4136 1184 4177 remote
1197 4129 1286 4191 period
1298 4129 1328 4177 of
1337 4129 1444 4189 history,
1460 4129 1527 4177 from

371 4202 416 4250 the
433 4202 560 4251 threefold
572 4214 630 4253 root
641 4206 671 4255 of
685 4206 820 4267 medicine,
835 4208 955 4267 religion,
967 4208 1020 4256 and
1037 4208 1208 4258 mathematic.
1244 4206 1331 4268 Etiery
1343 4216 1454 4269 country
1470 4223 1527 4255 was

371 4280 482 4329 infested
499 4282 534 4343 by
552 4282 577 4337 it.
596 4284 641 4332 but
655 4284 780 4347 specially
798 4286 842 4333 the
859 4284 930 4334 East.
966 4286 1105 4335 Zoroaster
1122 4302 1181 4348 may
1198 4287 1231 4333 be
1249 4286 1343 4334 looked
1361 4302 1431 4347 upon
1446 4302 1477 4334 as
1493 4287 1527 4335 its

371 4357 488 4409 founder.
524 4360 656 4410 Osthanes
672 4363 826 4412 introduced
837 4364 856 4411 it
869 4364 924 4412 into
936 4364 1036 4413 Greece
1053 4372 1080 4414 nt
1094 4364 1139 4413 the
1157 4365 1220 4413 time
1235 4364 1266 4413 of
1279 4364 1324 4412 the
1337 4364 1444 4412 Persian
1459 4380 1523 4420 war,

369 4436 448 4485 when
465 4438 485 4487 it
501 4440 595 4499 spread
612 4440 663 4488 lilre
681 4441 816 4499 wild-fire3
838 4442 962 4504 although
978 4442 1066 4492 Greek
1082 4442 1266 4505 philosophers
1283 4444 1310 4491 in
1328 4444 1374 4492 the
1391 4458 1484 4491 course
1499 4442 1531 4491 of

370 4514 438 4562 their
449 4518 544 4565 travels
556 4518 605 4566 had
616 4518 722 4579 already
734 4518 826 4567 loolred
840 4520 896 4568 into
907 4520 935 4570 it.
969 4520 1045 4583 Pliny
1057 4523 1183 4584 proceeds
1195 4530 1222 4570 to
1234 4529 1305 4570 trace
1318 4522 1352 4571 its
1364 4537 1488 4583 progress
1499 4522 1526 4569 in

372 4590 448 4654 Italy,
456 4594 531 4653 Gaul,
543 4596 594 4643 and
605 4595 713 4645 Britain.
751 4596 801 4645 For
812 4596 928 4645 Cicero's
935 4607 1045 4649 account
1055 4601 1106 4648 and
1114 4600 1234 4649 criticism
1242 4599 1273 4649 uf
1281 4598 1432 4649 Chaldaean
1443 4608 1526 4649 astro-

370 4668 430 4729 logy
442 4684 487 4719 see
499 4672 714 4735 DrDr'rrfnalrbne‚
726 4674 768 4723 lib.
781 4674 806 4723 ii.
819 4689 874 4736 cap.
886 4690 975 4736 42-47.
