3575 5375
365 634 692 693 PHILOSOPHIAE
718 633 808 692 CUM
834 633 1078 692 THEOLOGIA
1106 634 1348 729 AFFlNers.
1394 649 1434 711 57

280 807 331 862 est
342 818 515 861 erroneum
531 808 564 862 et
575 798 681 877 inane,
693 806 727 861 et
738 806 873 879 propter
887 796 952 861 hoc
967 797 1048 862 dicit
1060 797 1289 880 Alpharabius
1304 798 1336 860 in
1350 797 1433 861 libro

280 904 324 967 de
345 903 498 977 scientiis,
515 903 604 985 quod
628 903 713 966 sicut
736 922 817 991 puer
839 902 994 966 indoctus
1016 922 1052 965 se
1074 901 1175 965 habet
1198 904 1240 966 ad
1263 902 1432 965 hominem

280 1007 560 1090 sapientissimum
584 1006 616 1068 in
638 1005 850 1089 philosophia
871 1006 918 1070 sic
940 1005 1042 1069 homo
1065 1006 1139 1069 talis
1166 1006 1209 1070 ad
1236 1006 1432 1087 sapientiam

282 1110 356 1175 Dei.
404 1111 578 1174 Praeterea
600 1131 731 1193 semper
752 1130 897 1174 crescere
920 1120 1031 1193 potest
1055 1111 1087 1173 in
1110 1109 1172 1173 hac
1193 1110 1260 1173 vita
1286 1108 1431 1172 studium

281 1215 468 1296 sapientiae,
484 1215 562 1297 quia
582 1213 665 1277 nihil
684 1224 735 1278 est
754 1212 936 1296 perfectum
952 1215 985 1276 in
1007 1214 1159 1277 humanis
1181 1213 1432 1278 inventionibus.

282 1318 494 1402 Quapropter
519 1320 730 1401 antiquorum
757 1319 907 1382 desectus
929 1318 1125 1383 deberemus
1151 1339 1211 1382 nos
1234 1319 1433 1401 posteriores

281 1424 442 1505 supplere,
466 1423 544 1505 quia
566 1423 771 1487 introivimus
797 1424 830 1485 in
859 1423 989 1487 labores
1015 1443 1138 1500 eorum,
1165 1442 1225 1506 per
1250 1442 1344 1504 quos,
1372 1422 1432 1485 nisi

281 1527 383 1590 simus
400 1526 494 1605 asini,
514 1546 690 1609 possumus
710 1527 753 1590 ad
775 1527 912 1591 meliora
933 1528 1070 1591 excitari
1087 1552 1095 1603 3
1117 1528 1195 1610 quia
1216 1528 1432 1591 miserrimum

281 1641 331 1694 est
361 1651 492 1712 semper
521 1631 569 1696 uti
600 1631 751 1706 inventis,
784 1640 818 1695 et
848 1651 1017 1716 nunquam
1046 1632 1257 1709 inveniendis,
1286 1641 1322 1694 ut
1352 1630 1434 1695 dicit

282 1734 427 1813 Boetius,
442 1745 476 1798 et
496 1736 672 1817 probatum
693 1747 744 1800 est
763 1736 941 1801 efficaciter
962 1736 1111 1817 superius
1133 1756 1194 1799 suo
1215 1736 1299 1799 loco.
1347 1735 1432 1799 Item

282 1836 459 1902 Christiani
483 1840 608 1905 debent
630 1840 673 1904 ad
697 1860 790 1903 suam
814 1840 1050 1924 professionem
1075 1861 1161 1922 quae
1183 1840 1346 1922 sapientia
1367 1839 1431 1902 Dei

280 1953 331 2007 est
350 1955 480 2008 caetera
497 1954 707 2027 pertractare,
723 1955 757 2008 et
774 1945 845 2009 vias
860 1943 1134 2026 philosophorum
1150 1942 1329 2007 infidelium
1346 1964 1432 2007 com·

280 2047 391 2129 piere;
414 2069 480 2112 non
501 2048 608 2112 solum
630 2048 708 2130 quia
725 2049 925 2130 posteriores
940 2069 1061 2126 sumus,
1076 2058 1110 2110 et
1130 2048 1290 2111 debemus
1308 2048 1432 2111 addere

280 2152 323 2216 ad
347 2172 462 2216 eorum
486 2173 597 2236 opera,
612 2154 670 2215 sed
694 2163 732 2216 ut
754 2172 913 2235 cogamus
935 2152 1132 2233 sapientiam
1159 2151 1430 2234 philosophorum

281 2267 413 2320 nostrae
431 2257 604 2321 deservire.
651 2256 740 2319 Nam
762 2256 824 2319 hoc
847 2255 1037 2339 philosophi
1053 2254 1202 2320 infideles
1218 2254 1341 2320 faciunt
1362 2256 1434 2337 ipsa

281 2359 421 2425 veritate
440 2361 546 2424 coacti
568 2362 601 2423 in
621 2370 783 2443 quantum
803 2361 851 2423 eis
870 2360 985 2423 datum
1009 2369 1078 2435 est3
1102 2379 1179 2422 nam
1198 2368 1303 2424 totam
1326 2359 1432 2441 philo-

280 2465 432 2548 sophiam
449 2466 611 2529 reducunt
625 2466 669 2528 ad
685 2464 818 2541 divina;
843 2474 881 2529 ut
896 2484 940 2527 ex
959 2464 1050 2527 libris
1065 2463 1259 2528 Avicennae
1274 2464 1308 2527 in
1325 2464 1432 2528 Meta-

280 2568 439 2651 physicae
463 2578 497 2633 et
522 2568 714 2645 Moralibus,
737 2580 770 2633 et
797 2589 857 2650 per
883 2566 1129 2650 Alpharabium
1157 2580 1191 2633 et
1215 2566 1374 2633 Senecam
1398 2578 1432 2633 et

281 2672 437 2752 Tullium,
461 2683 495 2738 et
517 2694 576 2756 per
595 2671 811 2737 Aristotelem
835 2682 950 2756 patet;
973 2694 1049 2738 nam
1073 2673 1184 2739 omnia
1207 2675 1367 2740 reducunt
1389 2673 1431 2737 ad

282 2777 403 2856 Deum,
422 2778 507 2842 sicut
527 2778 695 2841 exercitus
715 2780 758 2841 ad
776 2779 970 2863 principem,
992 2777 1168 2842 inferentes
1185 2779 1228 2842 de
1250 2778 1376 2862 angelis
1398 2787 1432 2842 et

280 2881 353 2946 aliis
365 2880 487 2954 multis,
499 2882 654 2964 quoniam
668 2881 865 2967 principales
879 2882 1010 2946 articuli
1022 2881 1099 2946 fidei
1111 2883 1317 2964 reperiuntur
1329 2884 1360 2946 in
1374 2883 1430 2946 eis

324 2986 413 3049 Nam
441 2995 479 3049 ut
505 2987 539 3048 in
566 2986 750 3050 Moralibus
776 2991 972 3070 exponetur,
1004 2987 1114 3050 Deum
1140 3008 1211 3051 esse
1238 2989 1369 3062 docent,
1397 2996 1431 3051 ct
1444 2993 1577 3057 Thevhnd

279 3090 371 3172 quod
398 3091 442 3154 sit
469 3110 553 3154 unus
583 3091 617 3154 in
643 3111 724 3166 esse,
750 3089 899 3155 infinitae
929 3092 1103 3174 potentiae
1129 3100 1163 3155 et
1188 3092 1371 3173 sapientiae
1396 3101 1430 3154 et
1443 3076 1562 3190 ἔξω,

279 3193 448 3270 bonitatis,
461 3195 555 3259 trinis
570 3196 604 3258 in
620 3195 779 3277 personis,
792 3195 898 3271 Pater,
911 3205 945 3259 et
963 3195 1067 3257 Filius
1078 3205 1111 3258 et
1124 3194 1266 3277 Spiritus
1277 3195 1430 3272 Sanctus,
1443 3191 1602 3306 &christian

280 3299 338 3382 qui
353 3301 465 3363 omnia
480 3299 603 3363 creavit
618 3320 663 3362 ex
680 3298 801 3374 nihilo;
826 3309 860 3363 et
875 3300 918 3363 de
932 3299 1078 3362 Domino
1093 3299 1171 3386 jesu
1189 3296 1323 3362 Christo
1339 3307 1372 3361 et
1387 3299 1431 3362 de

280 3404 378 3468 beata
398 3403 527 3486 virgine
542 3403 647 3467 multa
662 3412 812 3486 tangunt.
859 3402 1018 3466 Similiter
1036 3404 1079 3465 de
1095 3401 1314 3480 Antichristo,
1330 3412 1431 3485 atque

280 3509 323 3570 de
338 3507 465 3591 angelis
484 3507 688 3571 etcustodia
703 3508 876 3571 hominum
893 3527 952 3589 per
965 3527 1024 3570 eos
1035 3503 1055 3582 ¹,
1072 3526 1199 3570 necnon
1215 3508 1258 3570 de
1273 3525 1432 3570 resurrec-

279 3612 372 3676 tione
401 3621 620 3686 mortuorum,
643 3621 677 3675 et
703 3612 746 3674 de
772 3611 900 3693 judicio
931 3610 1051 3690 sutum,
1077 3622 1112 3676 et
1138 3611 1276 3675 devita
1306 3611 1434 3675 futurae

279 3714 447 3780 felicitatis
461 3735 562 3798 quam
581 3715 674 3779 Deus
691 3716 844 3797 promisit
859 3716 1091 3781 obedientibus
1106 3716 1181 3794 sibi,
1196 3725 1230 3780 et
1245 3715 1287 3778 de
1303 3715 1434 3778 miseria

278 3818 397 3897 futura,
414 3841 515 3902 quam
532 3821 691 3904 proponit
707 3819 825 3884 inferre
840 3819 893 3883 his
907 3820 965 3903 qui
979 3821 1138 3884 mandata
1154 3819 1224 3903 ejus
1241 3839 1306 3883 non
1322 3820 1433 3883 obser·

278 3934 370 3988 vant.
416 3924 639 4007 Scribuntque
669 3925 922 3988 innumerabilia
952 3925 995 3988 de
1027 3945 1154 3988 morum
1186 3924 1368 3998 honestate,
1391 3924 1434 3988 de

278 4027 389 4110 legum
409 4029 522 4111 gloria,
535 4030 578 4092 de
587 4028 778 4113 legislatore
790 4029 847 4111 qui
859 4029 961 4092 debet
973 4029 1124 4113 accipere
1135 4027 1242 4110 legem
1257 4049 1278 4092 a
1288 4029 1363 4092 Deo
1374 4048 1434 4110 per

278 4133 524 4208 revelationem,
545 4132 602 4215 qui
629 4133 672 4196 sit
699 4133 864 4196 mediator
886 4132 951 4195 Dei
975 4143 1009 4196 et
1031 4132 1213 4208 hominum,
1234 4143 1269 4196 et
1290 4133 1434 4196 vicarius

282 4235 346 4298 Dei
370 4237 403 4299 in
427 4247 524 4312 terra,
547 4246 581 4299 et
605 4237 770 4300 Dominus
796 4237 917 4300 terreni
944 4236 1071 4315 mundi,
1092 4237 1135 4300 de
1156 4257 1224 4320 quo
1251 4257 1325 4300 cum
1357 4257 1432 4318 pro-

280 4339 395 4404 batum
415 4339 514 4404 suerit
531 4341 622 4423 quod
640 4341 765 4421 recepit
788 4339 895 4422 legem
914 4361 935 4404 a
957 4340 1041 4414 Deo,
1057 4341 1086 4404 ei
1110 4341 1309 4405 credendum
1334 4342 1377 4404 sit
1398 4341 1431 4402 in

279 4444 444 4522 omnibus,
463 4445 602 4509 exclusa
621 4445 711 4508 omni
730 4445 939 4509 dubitatione
960 4457 994 4510 et
1015 4445 1242 4520 haesitatione,
1258 4445 1315 4527 qui
1331 4445 1431 4509 debet

280 4557 389 4613 totum
412 4569 517 4634 genus
536 4548 718 4612 humanum
739 4549 893 4612 ordinare
913 4550 947 4612 in
968 4547 1057 4613 cultu
1080 4549 1144 4612 Dei
1167 4559 1202 4613 et
1218 4547 1345 4632 legibus
1362 4547 1431 4629 jus·

690 4675 700 4705 ¹
717 4679 781 4740 ‘per
791 4676 857 4738 eos‚'
869 4692 920 4726 om.
932 4677 958 4725 in
971 4676 1003 4727 Ο.
