3575 5375
365 625 425 684 262
589 623 745 683 OPERIS
769 622 958 693 MAJORIS
982 621 1097 680 PARS
1122 619 1306 693 QUARTA.

365 785 502 852 violabit
517 806 633 852 omnes
648 785 730 850 alias
746 785 836 869 leges
851 796 885 849 et
901 786 1080 868 suspendet
1090 804 1155 858 eas,
1168 784 1269 847 etiarn
1287 779 1518 846 Mercurialem

365 895 407 958 ad
430 903 572 976 tempus.
618 891 715 954 Luna
741 891 841 966 enim,
865 899 903 953 ut
932 889 1059 964 dicunt,
1082 886 1246 971 significat
1277 906 1375 968 super
1407 885 1517 967 nigro-

366 997 525 1061 mantiam
541 1006 575 1061 et
598 995 817 1070 mendacium,
833 1002 867 1057 et
888 994 964 1058 ideo
985 992 1042 1056 lex
1060 992 1177 1056 Lunae
1198 991 1260 1055 erit
1278 989 1519 1074 nigromantica

365 1112 399 1165 et
423 1101 550 1184 magica
575 1108 609 1163 et
640 1098 807 1162 mendosa.
855 1098 902 1162 Et
932 1106 1068 1181 propter
1097 1097 1343 1180 corruptionem
1375 1093 1517 1158 Lunaris

366 1215 477 1268 motus
492 1213 525 1266 et
541 1201 774 1287 figurationum
792 1202 975 1265 Lunarium
987 1199 1153 1283 significat
1162 1220 1261 1282 super
1272 1199 1517 1283 corruptionem

364 1309 459 1373 istius
481 1307 574 1390 legis,
596 1327 682 1390 quae
705 1307 737 1369 in
772 1326 808 1369 se
839 1305 901 1370 erit
931 1316 1087 1387 corrupta
1117 1315 1151 1368 et
1180 1304 1263 1368 alias
1294 1321 1518 1386 corrumpens.

365 1413 443 1477 Non
466 1422 580 1476 tamen
604 1409 745 1475 multum
769 1409 911 1485 durabit,
933 1419 971 1473 ut
993 1410 1118 1484 dicunt,
1141 1409 1220 1491 quia
1243 1407 1340 1471 Luna
1362 1406 1519 1470 velociter

366 1526 549 1581 mutatura
565 1515 761 1600 figuratione
777 1526 811 1580 et
827 1515 900 1579 luce
920 1536 981 1578 sua
1002 1525 1037 1578 et
1056 1524 1148 1579 motu
1168 1524 1304 1597 propter
1320 1513 1517 1577 brevitatem

365 1622 415 1684 sui
439 1619 559 1685 circuli.
606 1620 653 1683 Et
671 1619 743 1692 hoc,
763 1630 799 1683 ut
817 1620 944 1697 dicunt,
965 1629 1130 1685 statuetur
1148 1621 1192 1683 ab
1212 1618 1326 1701 aliquo
1347 1637 1469 1699 magno
1485 1626 1519 1679 et

366 1734 503 1807 potente
525 1724 582 1806 qui
606 1723 808 1806 praevalebit
830 1725 911 1804 aliis,
933 1734 967 1788 et
990 1727 1167 1789 aestimant
1189 1723 1372 1788 astronomi
1403 1721 1519 1785 fideles

365 1840 434 1892 tam
463 1829 612 1892 moderni
639 1850 739 1913 quam
767 1830 894 1912 antiqui
923 1830 1014 1912 quod
1041 1831 1123 1893 haec
1152 1838 1204 1892 est
1231 1828 1287 1891 lex
1310 1825 1518 1901 Antichristi,

364 1935 442 2017 quia
465 1931 520 1997 ille
550 1933 668 1996 ultimo
697 1935 730 1996 in
761 1933 826 1997 tine
857 1934 973 1998 mundi
999 1935 1161 2011 adveniet,
1189 1942 1223 1997 et
1249 1933 1383 1996 inducet
1408 1929 1518 2012 legem

365 2037 592 2121 corruptionis,
616 2047 651 2101 et
680 2037 857 2102 infatuabit
880 2038 1042 2102 mundum
1074 2058 1136 2122 per
1155 2047 1263 2101 artem
1288 2036 1453 2118 magicam
1483 2044 1517 2097 et

367 2143 538 2207 mendacia
561 2161 629 2206 sua.

196 2267 278 2318 These
412 2246 468 2311 Sic
494 2246 593 2329 igitur
618 2247 802 2310 astronomi
824 2246 1007 2312 discutiunt
1027 2256 1134 2311 sectas
1154 2255 1188 2310 et
1206 2245 1383 2330 praecipue
1405 2243 1517 2308 Albu-

196 2335 280 2398 things
369 2350 502 2414 mazar¹
526 2350 560 2413 in
582 2350 666 2413 libro
687 2352 965 2434 conjunctionum,
981 2361 1016 2414 et
1032 2351 1181 2415 maxime
1198 2351 1305 2434 primo
1323 2358 1357 2414 et
1372 2351 1518 2413 secundo

197 2408 343 2530 iiiiii‘icy
367 2454 462 2531 libro,
478 2466 515 2518 ut
530 2455 738 2519 inveniantur
753 2475 814 2519 sex
830 2466 941 2521 sectae
956 2454 1154 2540 principales
1174 2456 1207 2518 in
1227 2455 1348 2538 quibus
1364 2453 1518 2518 homines

197 2530 351 2648 minian
367 2567 569 2643 occupantur
592 2560 625 2621 in
648 2559 711 2624 hoc
735 2561 870 2625 mundo.
917 2561 964 2624 Et
986 2581 1045 2644 per
1066 2560 1129 2625 hoc
1152 2559 1294 2623 habetur
1314 2560 1405 2642 quod
1427 2568 1519 2620 secta

368 2662 490 2727 Christi
509 2663 554 2728 sit
569 2683 635 2729 una
655 2665 697 2727 de
719 2663 967 2748 principalibus.
1014 2663 1060 2729 Et
1079 2664 1107 2727 si
1128 2683 1359 2746 comparemus
1379 2683 1454 2727 eam
1475 2663 1518 2726 ad

365 2766 456 2842 alias,
481 2766 692 2831 manifestum
716 2779 766 2832 est
790 2789 850 2851 per
872 2769 999 2832 nobiles
1025 2769 1233 2833 conditiones
1257 2767 1452 2850 legislatoris
1484 2775 1518 2831 et

364 2870 468 2952 ipsius
491 2879 601 2933 sectae
623 2873 715 2952 quod
745 2873 838 2935 nulla
859 2874 925 2937 alia
946 2875 1050 2957 digna
1072 2883 1132 2951 est,
1155 2874 1215 2937 sed
1245 2882 1321 2936 sunt
1345 2872 1517 2935 hominurn

365 2974 535 3058 figmenta.
581 2976 626 3039 Et
657 2975 722 3039 hoc
752 2979 795 3041 de
826 2978 943 3042 ultima
970 2979 1044 3061 lege
1074 2978 1188 3042 statim
1215 2986 1316 3061 patet,
1341 2978 1420 3059 quia
1451 2998 1518 3041 non

366 3090 416 3143 est
442 3078 487 3142 ibi
507 3080 638 3144 veritas.
686 3080 731 3143 Et
752 3082 785 3144 in
812 3081 885 3165 lege
906 3082 1065 3160 Venerea,
1086 3103 1173 3165 quae
1196 3091 1247 3145 est
1267 3082 1518 3159 Saracenorum,

365 3182 543 3248 delectatio
558 3186 685 3267 peccati
703 3185 850 3250 abundat
866 3187 1047 3251 secundum
1060 3197 1209 3250 tenorem
1220 3185 1290 3268 ejus
1303 3186 1517 3269 praedictum.

366 3287 433 3352 Sed
464 3288 674 3373 philosophia
704 3290 855 3355 excludit
885 3302 1060 3375 peccatum
1092 3311 1112 3354 a
1146 3291 1227 3375 lege
1264 3290 1425 3353 Similiter
1460 3290 1518 3353 lex

365 3392 614 3475 Aegyptiorum
636 3393 724 3458 nulla
744 3405 795 3459 est
819 3415 879 3459 nec
902 3395 1155 3473 Chaldaeorum,
1175 3395 1253 3478 quia
1276 3397 1396 3459 docent
1411 3395 1519 3460 colere

366 3507 558 3571 creaturam,
578 3509 613 3562 et
636 3498 699 3561 hoc
722 3510 822 3583 negat
846 3500 1065 3584 philosophia.
1111 3501 1199 3564 Nam
1226 3499 1289 3563 soli
1314 3501 1389 3563 Deo
1410 3499 1518 3564 cultus

367 3602 513 3679 debetur,
529 3603 614 3664 sicut
630 3616 815 3685 exponetur
829 3605 863 3667 in
880 3605 1069 3669 moralibus.
1115 3604 1215 3669 Secta
1224 3625 1302 3667 vero
1314 3604 1517 3686 Judaeorum

367 3704 476 3767 minus
495 3704 667 3787 elongatur
688 3727 707 3770 a
724 3708 873 3772 veritate.
920 3708 987 3773 Sed
1008 3709 1095 3773 lator
1111 3728 1176 3771 non
1193 3706 1256 3772 suit
1273 3707 1358 3773 filius
1373 3708 1518 3791 virginis

399 3864 407 3893 ¹
426 3864 488 3913 This
500 3865 663 3927 astrological
675 3869 764 3917 writer
775 3870 798 3917 is
809 3869 957 3932 frequently
968 3872 1036 3919 cited
1048 3872 1082 3933 by
1095 3871 1193 3920 Bacon.
1223 3870 1267 3919 He
1278 3871 1300 3920 is
1312 3871 1422 3920 entered
1433 3871 1460 3919 in
1472 3872 1518 3919 the

368 3942 486 3991 Museum
499 3944 641 4006 catalogue
655 3962 683 3995 as
694 3948 767 4007 Jalar
785 3949 827 3995 ibn
840 3948 1005 3998 Muhammad
1018 3950 1063 4011 [Al
1076 3950 1188 4014 BelkhI).
1224 3949 1274 3997 His
1288 3949 1412 4011 principel
1431 3951 1519 3998 works

366 4036 462 4083 appear
483 4029 512 4070 to
533 4023 566 4071 be
590 4024 626 4088 (a)
645 4026 689 4073 the
706 4026 781 4073 Liber
801 4026 1019 4090 confirmenteum,
1039 4028 1180 4077 otherwise
1204 4028 1287 4078 called
1306 4028 1472 4077 Artemam
1489 4029 1520 4078 de

366 4100 468 4163 magnis
489 4102 706 4167 constructionibus,
726 4120 854 4153 annonem
877 4107 1075 4169 revolutionibus,
1093 4123 1124 4155 ac
1141 4122 1227 4155 comm
1246 4107 1442 4170 prosechbm'bus,
1467 4114 1519 4157 octo

365 4180 491 4227 mittimus
507 4184 639 4240 tractatum
657 4184 707 4230 and
721 4184 757 4245 (b)
770 4182 981 4232 Introductonirm
999 4183 1024 4233 r‘n
1041 4185 1236 4233 Astronomr'am
1250 4185 1435 4236 Albumasan's
1448 4188 1519 4235 Aba·

365 4258 437 4317 lechi,
449 4264 500 4307 octo
516 4260 640 4307 conterens
654 4260 729 4308 libros
739 4262 863 4323 pernities.
900 4262 970 4311 Both
985 4279 1057 4312 were
1072 4264 1174 4325 printed
1190 4272 1216 4313 at
1231 4264 1340 4325 Vienna,
1357 4268 1428 4328 14⁸9
1462 4266 1519 4315 The

366 4336 443 4385 latter
454 4338 558 4385 trcatise
574 4337 645 4387 deals
656 4339 721 4387 with
738 4340 866 4400 objectors
882 4349 909 4390 to
923 4342 1062 4404 astrology,
1076 4343 1127 4391 and
1141 4343 1164 4391 is
1179 4344 1303 4404 specially
1314 4359 1406 4392 severe
1422 4360 1457 4393 on
1472 4346 1519 4393 the

365 4430 436 4464 more
447 4416 568 4477 ignorant
577 4418 685 4465 medical
695 4419 873 4480 prectitioners
884 4420 995 4483 (plebaei
1007 4421 1149 4470 medicinae
1159 4422 1330 4483 professores)
1339 4424 1402 4472 wbo
1414 4423 1519 4486 neglect

365 4493 411 4541 the
428 4494 540 4553 seleuce,
553 4510 582 4543 as
598 4498 746 4545 contrasted
763 4499 827 4547 with
848 4499 892 4547 the
909 4499 1002 4547 skiiled
1021 4501 1072 4547 und
1093 4500 1265 4561 experienced
1286 4501 1436 4563 physicians
1455 4504 1519 4551 who

364 4571 551 4634 ncknowledge
569 4574 602 4622 its
619 4574 702 4625 velue.
737 4576 788 4625 See
805 4575 941 4625 Introduci.
960 4577 985 4623 ἐκ
1002 4576 1108 4627 Astron.
1126 4578 1167 4627 lib.
1186 4578 1201 4627 i.
1219 4595 1274 4643 cap.
1291 4594 1316 4642 5,
1334 4580 1443 4629 entitled
1462 4580 1518 4629 ‘De

366 4647 484 4698 Utilitate
495 4650 677 4715 Astrologiae)
