3575 5375
696 637 985 698 GEOGRAPHIA.
1354 655 1415 717 345

265 803 436 888 Comagae
449 801 538 866 urbis
547 821 633 883 quae
643 802 813 884 quondam
827 801 871 865 ibi
885 801 1079 882 metropolis
1088 799 1280 867 habebatur.
1321 802 1412 866 Haec

264 909 307 970 ab
337 909 464 971 oriente
494 906 595 970 habet
627 906 845 989 Euphratem,
876 926 897 969 a
927 906 1153 988 septentrione
1188 905 1339 970 Ciliciam
1379 916 1412 970 et

265 1009 524 1094 Cappadociam,
554 1009 598 1074 ab
620 1029 737 1074 occasu
762 1030 853 1073 mare
876 1021 1037 1087 nostrum,
1060 1030 1079 1073 a
1103 1010 1241 1073 meridie
1264 1009 1413 1091 Syriam·

265 1114 376 1193 Coele,
391 1135 477 1197 quae
495 1137 553 1198 per
568 1114 814 1198 diphthongum
830 1115 992 1190 scribitur,
1002 1125 1035 1178 et
1052 1113 1270 1196 Coele-Syria
1289 1134 1413 1177 nuncu-

264 1229 370 1303 patur.
417 1220 455 1283 In
480 1219 541 1285 hac
564 1229 614 1284 est
643 1229 744 1302 caput
767 1229 801 1284 et
824 1218 1013 1301 principalis
1035 1219 1152 1282 civitas
1175 1218 1355 1283 Antiochia
1378 1220 1413 1281 in

262 1326 445 1402 occidente,
460 1325 513 1388 cui
529 1343 628 1407 super
643 1345 732 1388 mare
748 1324 968 1387 adnectuntur
977 1322 1152 1400 Laodicea,
1163 1333 1196 1386 et
1215 1322 1413 1400 Ateradum,

263 1442 296 1495 et
325 1430 451 1494 vicinae
482 1429 633 1492 civitates
662 1449 767 1511 usque
796 1428 839 1492 ad
870 1428 1076 1509 provinciam
1108 1427 1290 1506 Phoenicis,
1312 1438 1347 1492 et
1379 1427 1412 1490 in

262 1534 390 1597 oriente
412 1543 462 1597 est
483 1532 617 1596 Emath.
665 1532 751 1596 Nam
778 1532 1006 1612 Hieronymus
1028 1533 1109 1596 dicit
1131 1531 1217 1595 libro
1235 1531 1412 1611 Locorum,

262 1639 352 1718 quod
368 1639 541 1719 diligenter
564 1637 765 1720 investigans
786 1636 908 1700 invenit
929 1638 1020 1719 quod
1042 1636 1123 1701 haec
1147 1637 1263 1699 civitas
1288 1636 1412 1701 Emath

262 1739 406 1804 fueritin
423 1738 649 1822 Coele-Syria,
666 1752 700 1805 et
721 1740 784 1805 hoc
805 1740 885 1804 dicit
904 1739 1037 1804 Plinius.
1084 1740 1130 1803 Et
1144 1740 1296 1804 similiter
1311 1739 1412 1823 Alap,

261 1853 420 1925 quaeest
443 1865 545 1926 prope
569 1844 785 1909 Antiochiam
820 1855 853 1908 et
878 1844 1019 1907 multum
1042 1845 1168 1908 distans
1190 1866 1211 1908 a
1235 1844 1412 1922 Damasco

261 1959 411 2030 quaeest
428 1950 460 2013 in
477 1949 574 2030 Syria
591 1949 770 2013 Phoenicis.
817 1948 932 2012 Habet
951 1948 1051 2030 igitur
1072 1947 1154 2012 haec
1174 1949 1219 2012 ab
1239 1949 1412 2015 occidente

262 2073 352 2117 mare
368 2072 536 2135 magnum,
552 2073 571 2116 a
588 2055 812 2137 septentrione
828 2050 961 2132 Syriam
976 2051 1212 2133 comagenam,
1226 2052 1270 2115 ab
1285 2054 1412 2119 oriente

262 2141 477 2238 Euphratem,
507 2178 527 2220 a
559 2158 693 2220 meridie
724 2156 856 2237 Syriam
892 2156 1073 2234 Phoenicis,
1106 2175 1193 2237 quae
1226 2156 1340 2238 incipit
1378 2159 1410 2221 in

261 2260 511 2342 septentrionali
549 2261 690 2325 termino
721 2261 844 2323 montis
877 2260 1008 2324 Libani.
1055 2261 1142 2323 Nam
1176 2259 1300 2325 Plinius
1329 2253 1411 2326 dicit

260 2365 351 2445 quod
375 2365 554 2448 porrigitur
576 2363 629 2426 hic
653 2382 747 2427 mons
771 2384 875 2446 usque
900 2365 932 2428 in
955 2363 1207 2447 Coele-Syriam
1225 2374 1259 2427 et
1277 2365 1340 2429 hoc
1362 2377 1412 2432 est

261 2469 348 2531 circa
371 2467 554 2550 Tripolim3
577 2470 608 2531 in
631 2487 696 2548 qua
719 2479 796 2531 sunt
817 2468 972 2552 Tripolis,
989 2479 1023 2532 et
1043 2471 1163 2550 Tyrus,
1183 2479 1217 2532 et
1238 2467 1356 2548 Sidon,
1377 2479 1411 2533 et

261 2571 369 2650 Acon,
386 2574 547 2655 usquead
566 2570 762 2636 Caesaream
781 2573 997 2637 Palaestinae.

306 2677 394 2742 Nam
419 2677 542 2741 Plinius
565 2677 654 2757 dicit,
677 2678 767 2760 quod
792 2677 825 2741 in
848 2699 906 2742 ora
937 2677 1109 2743 Phoenicis
1138 2689 1189 2743 est
1223 2677 1410 2758 Ptolemais,
1424 2695 1565 2745 Phoenicia.

261 2802 347 2864 quae
378 2783 475 2846 Acon
502 2782 632 2861 dicitur,
654 2792 688 2846 et
720 2781 883 2847 Caesarea
915 2783 1059 2867 Philippi
1088 2794 1139 2847 est
1168 2784 1212 2848 de
1241 2784 1410 2866 provincia

263 2887 445 2966 Phoenicis,
476 2899 511 2952 ut
543 2889 623 2951 dicit
654 2887 889 2969 Hieronymus,
913 2895 947 2951 et
976 2898 1085 2952 totum
1117 2888 1199 2952 citra
1229 2887 1410 2970 Jordanem

260 3012 365 3073 usque
393 2993 434 3056 ad
467 2991 706 3069 Palaestinam3
736 3002 837 3074 atque
868 2992 1017 3057 continet
1048 3004 1194 3055 montem
1226 2992 1345 3055 Libani
1375 3003 1410 3057 et

259 3095 493 3161 Antilibanum
516 3107 550 3161 et
574 3096 776 3161 Damascum
802 3118 876 3160 cum
895 3118 956 3161 sua
975 3097 1118 3178 regione,
1140 3106 1174 3161 et
1194 3107 1303 3160 toturn
1324 3096 1410 3161 ultra

257 3199 438 3281 Jordanem
478 3202 625 3264 continet
656 3221 761 3283 usque
792 3200 918 3264 Pellam
949 3211 983 3264 et
1013 3212 1161 3265 montem
1195 3201 1344 3265 Hermon
1374 3212 1409 3265 et

259 3316 407 3369 montem
423 3304 562 3381 Galaad‚
574 3316 607 3369 et
623 3304 695 3367 illas
711 3313 814 3369 terras
830 3304 972 3369 filiorum
992 3306 1093 3369 Israel
1108 3305 1409 3387 superJordancm.

259 3407 359 3490 Quod
374 3420 486 3472 autem
506 3409 716 3473 contineatur
733 3410 920 3473 Damascus
941 3411 975 3474 in
996 3409 1095 3491 Syria
1119 3409 1292 3473 Phoenicis
1307 3419 1408 3493 patet

259 3514 347 3576 Nam
370 3514 595 3596 Hieronymus
616 3514 696 3578 dicit
717 3513 800 3578 libro
822 3514 999 3593 Locorum,
1015 3515 1201 3579 Damascus
1220 3524 1271 3580 est
1291 3515 1409 3579 nobilis

258 3617 336 3681 urbs
358 3616 542 3681 Phoenicis.
589 3619 635 3682 Et
650 3638 749 3701 super
764 3617 920 3682 Genesim
936 3618 1188 3700 comprehendit
1205 3619 1409 3683 Damascum

257 3718 320 3782 sub
351 3717 450 3800 Syria
486 3717 667 3796 Phoenicis,
699 3738 775 3782 cum
813 3718 911 3791 dicat,
949 3721 1038 3800 quod
1079 3717 1154 3781 Hus
1191 3717 1278 3782 lilius
1315 3718 1409 3782 Aran

258 3824 406 3905 possedit
430 3822 643 3899 Damascum,
659 3832 693 3886 et
712 3842 815 3905 usque
836 3824 878 3886 ad
897 3822 1160 3905 Coele-Syriam.
1209 3822 1410 3906 Principales

259 3939 370 3991 tamen
395 3927 545 3991 civitates
569 3926 772 3991 Phoenicum
795 3937 872 3990 sunt
895 3927 1006 4009 Tyrus
1028 3935 1062 3991 et
1086 3926 1202 3992 Sidon.
1249 3928 1348 4001 Nam,
1371 3938 1409 3992 ut

257 4031 338 4095 dicit
364 4031 512 4095 Isidorus
539 4031 669 4096 decimo
699 4040 820 4112 quarto
850 4031 947 4109 libro,
973 4031 1126 4096 Phoenix
1158 4030 1278 4096 Cadmi
1309 4031 1409 4097 irater

257 4136 299 4199 de
319 4136 446 4200 Thebis
471 4135 718 4220 Aegyptiorum
743 4136 775 4198 in
795 4134 929 4217 Syriam
952 4135 1120 4219 proiectus
1137 4137 1227 4219 apud
1247 4135 1409 4201 Sidonem

257 4242 413 4323 regnavit,
437 4260 578 4321 eamque
601 4241 803 4322 provinciam
826 4261 888 4304 suo
911 4241 1046 4304 nomine
1074 4240 1262 4305 Phoenicen
1292 4241 1408 4323 appel·

256 4342 345 4407 lavit.
393 4344 439 4407 Et
462 4344 516 4408 isti
540 4343 692 4407 similiter
718 4345 940 4409 condiderunt
963 4343 1113 4426 Tyrum;
1142 4365 1163 4408 a
1184 4344 1305 4426 quibus
1335 4354 1408 4408 tota

256 4456 342 4511 terra
369 4450 401 4511 in
429 4449 568 4512 circuitu
596 4456 733 4511 vocatur
764 4448 959 4513 Phoenices.
1004 4448 1098 4513 Haec
1129 4458 1242 4512 tamen
1267 4448 1299 4510 in
1324 4447 1409 4511 duas

258 4562 368 4634 partes
389 4552 586 4634 principales
606 4551 824 4631 distribuitur,
839 4552 964 4619 scilicet
984 4552 1016 4615 in
1035 4552 1203 4635 regionem
1219 4552 1408 4634 Tyriorum,

259 4654 440 4739 Syriorum‚
461 4666 495 4721 et
526 4654 748 4737 Sidoniorum,
770 4666 804 4721 et
826 4655 1066 4734 Aconensium,
1088 4667 1123 4722 et
1148 4666 1255 4721 totam
1286 4665 1407 4721 terram
