3575 5375
349 643 410 726 378
571 647 728 707 OPERIS
752 646 942 719 MAJORIS
966 645 1081 707 PARS
1106 642 1291 720 QUARTA.

350 807 403 872 isti
414 808 566 893 planetae
585 807 781 893 inaequales,
793 821 827 876 et
839 807 1024 883 infortunia,
1038 820 1072 874 et
1088 807 1249 873 malevoli.
1289 807 1418 893 Jupiter
1428 825 1508 872 vero

350 923 385 978 et
412 913 526 978 Venus
556 913 682 979 habent
711 913 913 980 caliditatem
943 925 978 980 et
1004 913 1256 992 humiditatem;
1292 913 1352 978 sed
1379 911 1510 995 Jupiter

351 1015 456 1101 magis
486 1027 520 1082 et
557 1017 691 1083 melius:
726 1028 759 1083 et
789 1015 843 1082 isti
876 1019 945 1083 duo
977 1017 1134 1103 planetae
1170 1018 1324 1082 dicuntur
1358 1016 1509 1098 aequalis

352 1122 513 1198 fortunae,
529 1132 564 1189 et
580 1121 741 1189 benevoli.
786 1122 969 1189 Mercurius
984 1134 1035 1189 est
1051 1124 1225 1188 mediocris
1240 1123 1326 1186 inter
1337 1122 1462 1186 bonum
1474 1129 1509 1185 et

353 1225 485 1303 malum,
505 1237 539 1292 et
560 1227 784 1293 convertibilis
805 1238 952 1294 naturae.
998 1227 1087 1292 Nam
1108 1248 1185 1292 cum
1204 1224 1300 1291 bonis
1321 1235 1372 1290 est
1391 1226 1509 1305 bonus,

352 1341 387 1396 et
402 1331 508 1396 malus
530 1352 606 1396 cum
627 1331 732 1396 malis.
778 1332 873 1396 Luna
896 1353 975 1397 vero
994 1331 1112 1414 frigida
1133 1342 1184 1397 est
1204 1341 1238 1394 et
1256 1330 1402 1394 humida.
1447 1327 1508 1393 Sol

352 1435 454 1500 habet
469 1435 693 1519 generativum
709 1436 853 1501 calorem
869 1446 904 1501 et
918 1435 1063 1513 vitalem,
1079 1433 1158 1517 quia
1172 1444 1223 1499 est
1244 1455 1345 1500 causa
1364 1435 1453 1498 vitae
1474 1443 1510 1497 et

351 1541 574 1622 generationis
592 1541 625 1605 in
645 1541 804 1617 omnibus,
823 1542 912 1605 unde
931 1540 1007 1604 licet
1028 1539 1071 1605 sit
1094 1539 1220 1605 calidus
1240 1551 1275 1604 et
1295 1540 1410 1616 siccus,
1431 1559 1510 1602 suus

352 1653 465 1708 tamen
497 1643 588 1708 calor
622 1665 687 1708 non
719 1655 770 1709 est
799 1645 1018 1728 corruptivus‚
1048 1644 1106 1708 sed
1137 1644 1356 1727 generativus,
1386 1652 1420 1706 et
1449 1663 1510 1706 sua

353 1747 483 1812 siccitas
498 1768 565 1812 non
582 1759 633 1812 est
648 1747 886 1828 mortificativa,
902 1758 936 1813 et
955 1747 1031 1813 ideo
1049 1747 1144 1813 aliter
1159 1757 1210 1812 est
1224 1768 1325 1830 quam
1341 1747 1373 1811 in
1389 1747 1509 1810 Marte.

184 1864 261 1915 Their
400 1851 536 1916 Habent
551 1862 662 1917 autem
681 1852 835 1937 planetae
850 1851 990 1918 virtutes
1005 1853 1087 1916 alias
1102 1873 1123 1916 a
1138 1853 1261 1937 signis3
1285 1872 1361 1916 nam
1373 1852 1510 1933 quando

155 2021 159 2030 ,
184 1945 270 2047 ξζζξξζ
280 1995 340 2045 with
353 1965 431 2021 sunt
453 1957 486 2020 in
509 1957 603 2040 signo
623 1957 743 2036 calid0‚
765 1957 893 2022 habent
915 1956 1071 2022 virtutem
1095 1956 1315 2033 calefaciendi,
1339 1965 1373 2020 et
1395 1955 1442 2018 sic
1466 1956 1511 2019 de

184 2062 324 2140 uetrposi-
353 2060 434 2125 aliis.
492 2059 558 2125 Sed
590 2061 747 2143 speciales
771 2072 902 2145 praeter
923 2060 985 2124 has
1002 2060 1129 2125 habent
1152 2057 1300 2136 virtutes,
1324 2059 1510 2141 dequibus

184 2136 247 2181 ‘¹⁰¹¹'
285 2181 288 2188 '
354 2165 503 2250 superius
533 2166 659 2229 dictum
690 2175 749 2242 est,
771 2186 857 2248 quae
879 2176 956 2230 sunt
978 2166 1108 2243 domus,
1131 2164 1305 2243 exaltati0,
1327 2162 1510 2247 triplicitas,

355 2268 512 2334 terminus
527 2280 561 2334 et
578 2268 685 2347 iacies,
701 2278 735 2332 et
751 2269 933 2334 secundum
949 2268 1009 2332 has
1028 2266 1207 2352 dignitates
1227 2270 1353 2332 habent
1374 2265 1510 2332 effectus

355 2373 528 2438 mirabiles.
583 2374 629 2439 Et
658 2374 777 2438 iterum
807 2393 911 2457 penes
933 2381 1099 2456 aspectus,
1124 2373 1181 2456 qui
1212 2382 1289 2436 sunt
1311 2369 1511 2453 coniunctio,

354 2478 531 2560 oppositio,
555 2477 614 2542 &c
660 2475 840 2561 Conjuncti
862 2478 1020 2542 dicuntur
1037 2476 1198 2560 planetae,
1221 2476 1358 2558 quando
1378 2485 1456 2540 sunt
1477 2475 1511 2538 in

355 2585 473 2647 eodem
496 2583 612 2666 sign0;
638 2581 790 2666 oppositi,
813 2583 952 2664 quando
974 2601 1058 2646 unus
1080 2590 1131 2644 est
1153 2581 1187 2644 in
1210 2581 1352 2664 septimo
1370 2580 1414 2644 ab
1436 2579 1512 2645 alio.

356 2688 476 2752 Trinus
494 2708 573 2752 vero
595 2697 748 2769 aspectus
770 2697 832 2765 est,
854 2685 991 2769 quando
1014 2706 1074 2770 per
1094 2695 1240 2769 quatuor
1262 2685 1388 2749 distant
1410 2681 1511 2768 signa.

357 2791 513 2875 Quartus
528 2794 663 2873 quando
679 2813 738 2874 per
752 2793 824 2856 tria.
871 2792 917 2855 Et
940 2790 1081 2869 sextilis,
1102 2790 1237 2873 quando
1260 2810 1320 2872 per
1341 2789 1419 2853 duo.
1465 2788 1512 2851 Et

356 2896 522 2979 oppositio
537 2906 571 2959 et
587 2906 725 2978 quartus
740 2904 894 2978 aspectus
910 2906 987 2960 sunt
1002 2895 1080 2958 mali
1096 2915 1140 2957 ex
1156 2904 1275 2958 natura
1289 2914 1359 2957 sua.
1392 2890 1513 2956 Trinus

357 3010 392 3064 et
405 2998 535 3064 sextilis
550 3010 626 3065 sunt
642 3000 730 3077 boni,
747 3011 781 3064 et
797 2998 989 3082 conjunctio
1005 2998 1164 3063 similiter.
1210 2998 1379 3081 Aspectus
1399 3007 1512 3061 autem

357 3104 412 3168 isti
443 3106 692 3169 considerantur
725 3105 758 3167 in
796 3105 942 3187 quinque
976 3103 1126 3186 planetis,
1157 3104 1332 3187 praecipue
1361 3110 1512 3185 respectu

358 3209 477 3274 Lunae
491 3220 525 3273 et
541 3208 639 3273 Solis.
685 3208 830 3292 Quando
845 3229 925 3291 ergo
947 3208 1053 3272 malus
1073 3208 1208 3293 planeta
1228 3208 1346 3291 aspicit
1368 3207 1402 3270 in
1423 3205 1513 3270 malo

358 3322 504 3396 aspectu,
520 3313 720 3377 detestabile
738 3323 798 3391 est,
812 3313 892 3395 quia
913 3324 991 3377 tunc
1009 3312 1157 3396 duplicat
1176 3312 1355 3387 malitiam3
1378 3310 1514 3393 quando

358 3438 438 3482 vero
461 3418 568 3481 bonus
593 3417 729 3499 planeta
753 3417 871 3500 aspicit
899 3417 932 3480 in
957 3417 1047 3481 malo
1076 3425 1222 3500 aspectu,
1245 3414 1418 3481 tolerabile
1441 3424 1513 3492 est3

358 3533 392 3586 et
415 3522 443 3586 si
471 3520 578 3585 nialus
604 3522 637 3585 in
665 3521 756 3586 bono
777 3530 915 3604 aspectu
937 3522 1066 3604 aspicit,
1089 3521 1262 3604 mitigatur
1282 3518 1354 3603 ejus
1376 3516 1514 3583 malitia.

360 3626 504 3710 Quando
528 3646 607 3690 vero
638 3625 745 3690 malus
776 3626 960 3709 opponitur
987 3635 1046 3689 aut
1073 3625 1286 3709 conjungitur
1311 3623 1410 3701 malo,
1435 3630 1516 3687 tunc

360 3750 519 3813 magnum
535 3730 659 3793 malum
674 3737 735 3794 est.

191 3846 215 3925 lg
226 3845 306 3896 varia
320 3846 347 3896 in
405 3834 541 3898 Habent
556 3834 657 3897 etiam
674 3833 829 3917 planetae
846 3854 1001 3916 magnam
1016 3834 1211 3899 varietatem
1225 3832 1392 3898 actionum
1414 3852 1516 3914 penes

190 3912 303 4045 ffioegsl
360 3938 559 4003 eccentricos
594 3948 629 4001 et
665 3937 844 4022 epicyclos.
888 3939 979 4002 Nam
1015 3938 1152 4021 quando
1189 3945 1266 4001 sunt
1297 3937 1331 4001 in
1367 3934 1517 4021 partibus

190 4046 255 4095 their
265 4043 338 4094 orbiu
360 4040 582 4126 superioribus
603 4042 754 4121 istorum,
772 4042 897 4109 iaciunt
920 4045 1128 4126 operationes
1153 4041 1357 4121 fortissimas,
1381 4040 1517 4123 quando

360 4146 489 4212 veroin
505 4146 714 4211 inferioribus
730 4147 856 4213 debiles
870 4171 878 4224 ;
900 4149 978 4229 quia
992 4149 1126 4230 quando
1141 4157 1220 4211 sunt
1240 4147 1273 4211 in
1292 4144 1517 4228 superioribus

361 4253 512 4336 partibus
556 4273 691 4318 suorum
735 4253 943 4331 circulorum,
980 4254 1038 4336 qui
1082 4260 1244 4317 vocantur
1287 4271 1400 4334 auges,
1438 4258 1517 4313 tunc

365 4363 540 4418 moventur
569 4353 655 4417 circa
677 4354 838 4418 mundum
862 4364 954 4417 motu
977 4354 1094 4418 diurno
1117 4353 1150 4416 in
1174 4352 1302 4418 circulis
1324 4351 1461 4433 magnis,
1483 4358 1518 4413 et

362 4467 441 4523 tunc
456 4458 614 4522 velociter
628 4457 785 4532 feruntur,
801 4468 837 4524 et
853 4457 1012 4523 velocitas
1028 4467 1139 4522 motus
1151 4456 1275 4522 inducit
1287 4453 1518 4521 fortitudinem

364 4562 505 4627 actionis
527 4562 559 4625 in
588 4560 686 4626 rebus
716 4581 803 4644 quae
832 4572 934 4629 natae
963 4570 1038 4627 suut
1065 4563 1200 4640 moveri,
1222 4560 1409 4644 cujusmodi
1439 4566 1519 4623 sunt

363 4664 489 4731 stellae.
535 4666 674 4731 Habent
694 4667 794 4731 etiam
816 4666 953 4733 effectus
971 4668 1082 4732 varios
1105 4686 1206 4750 penes
1229 4676 1341 4748 partes
1363 4660 1518 4729 revoluti·
