3575 5375
671 581 961 642 (trochaeum.
1331 599 1392 666 355

240 740 329 805 Nam
342 742 497 808 circuitus
510 743 581 828 ejus
596 755 646 810 est
661 755 805 828 quatuor
821 745 995 810 mensium.
1040 746 1086 810 Et
1104 745 1275 830 Hyrcania
1287 768 1392 832 prope

240 855 401 931 estsuper
416 848 507 914 littus
522 849 738 915 meridionale
750 849 837 916 illius
849 851 949 915 maris
959 852 993 914 in
1004 851 1149 915 termino
1162 851 1337 928 Parthiae;
1356 861 1392 918 et

240 950 297 1014 ubi
322 951 455 1016 Parthia
477 952 688 1039 conjungitur
711 954 843 1020 Mediae
865 955 898 1017 in
918 955 1024 1039 portis
1047 955 1134 1019 illius
1156 955 1351 1020 extenditur
1371 977 1392 1020 a

240 1058 344 1139 portis
361 1055 488 1140 Caspiis
503 1079 615 1122 versus
630 1058 800 1135 orientem,
819 1070 855 1122 ut
871 1060 953 1124 dicit
973 1059 1119 1137 Plinius;
1142 1061 1263 1125 deinde
1278 1070 1392 1125 contra

240 1159 407 1224 residuum
435 1161 567 1226 Mediae
590 1162 633 1226 ad
660 1161 732 1244 ejus
758 1163 1027 1248 septentrionem,
1052 1172 1087 1227 et
1110 1164 1153 1228 ad
1180 1163 1391 1230 occidentem

242 1261 432 1344 Hyrcaniae
453 1273 504 1328 est
535 1264 642 1346 major
664 1265 835 1343 Armenia,
858 1277 892 1329 et
915 1287 990 1332 eam
1013 1266 1133 1331 dividit
1159 1266 1350 1351 Euphrates
1371 1288 1392 1330 a

241 1364 464 1448 Cappadocia,
480 1377 516 1432 ut
534 1368 615 1432 dicit
635 1368 767 1447 Plinius,
783 1371 1024 1453 propterquod
1048 1368 1262 1455 Cappadocia
1279 1377 1331 1435 est
1348 1371 1391 1436 ad

240 1470 445 1534 occidentem
461 1471 644 1537 Armeniae
660 1473 805 1555 majoris.

284 1573 415 1638 Deinde
440 1595 553 1641 versus
580 1575 713 1658 Syriam
739 1589 774 1643 et
796 1599 887 1644 mare
909 1589 1059 1644 nostrum
1081 1590 1132 1646 est
1156 1578 1281 1656 Cilicia,
1303 1599 1390 1663 quae
1404 1581 1558 1631 Astastinor.

239 1677 358 1744 dicitur
373 1678 533 1744 Armenia
551 1681 666 1746 minor.
699 1681 800 1748 Unde
812 1686 901 1764 jacet
916 1684 1036 1768 partim
1056 1685 1089 1748 in
1106 1684 1251 1758 meridie,
1268 1684 1390 1768 partim

239 1783 271 1848 in
297 1784 469 1849 occidente
489 1783 732 1870 Cappadociae,
751 1797 785 1852 et
812 1787 884 1870 ejus
908 1788 1108 1872 principium
1134 1808 1200 1852 non
1223 1788 1326 1852 distat
1347 1788 1391 1852 ab

239 1886 421 1955 Antiochia
435 1911 496 1974 per
510 1893 594 1956 duas
609 1893 724 1957 dietas
756 1890 828 1956 Sub
840 1890 956 1956 Cilicia
967 1892 1010 1956 ad
1022 1893 1280 1974 septentrionem
1292 1913 1393 1977 super

240 2012 332 2057 mare
361 1994 653 2078 comprehenditur
686 1995 894 2079 Pamphylia,
918 2005 955 2060 ut
977 1997 1059 2061 dicit
1083 1995 1215 2068 Plinius,
1239 1997 1391 2080 neglecta

238 2107 338 2179 gente
356 2098 508 2172 Isaurica,
525 2098 577 2163 vel
601 2119 668 2163 non
689 2109 882 2184 computata
901 2120 962 2182 per
978 2121 1014 2163 se
1030 2109 1166 2183 propter
1181 2101 1390 2184 parvitatem,

238 2201 296 2264 sed
321 2201 384 2265 sub
406 2203 452 2265 eis
475 2203 722 2285 comprehensa.
778 2203 817 2266 In
841 2202 956 2268 Cilicia
978 2212 1028 2267 est
1051 2203 1175 2266 Tarsus
1198 2202 1392 2286 metropolis

240 2304 319 2385 ejus,
346 2305 468 2389 inquo
495 2316 592 2370 natus
615 2305 677 2371 luit
701 2306 818 2371 beatus
844 2307 1016 2390 apostolus
1038 2305 1170 2370 Paulus.
1220 2307 1266 2370 Et
1292 2307 1391 2372 durat

241 2406 356 2472 Cilicia
374 2429 394 2472 a
416 2410 552 2474 meridie
573 2411 606 2473 in
628 2411 890 2494 septentrionem
914 2431 974 2494 per
995 2411 1138 2475 Tarsum
1161 2411 1194 2474 in
1217 2410 1393 2475 latitudine

240 2513 370 2576 circiter
384 2523 527 2597 quatuor
541 2515 648 2578 dietas
662 2534 776 2578 versus
786 2514 963 2594 Turkiam;
985 2535 1063 2579 nam
1074 2515 1117 2580 ad
1130 2515 1391 2597 septentrionem

241 2614 375 2682 Ciliciae
384 2629 436 2685 est
449 2619 627 2701 Lycaonia,
641 2617 696 2684 ubi
707 2628 757 2684 est
772 2619 922 2684 Iconium
935 2619 1149 2684 celeberrima
1159 2621 1283 2695 civitas,
1293 2641 1315 2684 a
1325 2641 1393 2704 qua

239 2722 409 2804 Lycaonia
433 2725 553 2789 dicitur
570 2725 664 2807 quasi
690 2724 822 2802 lconia;
844 2725 934 2790 unde
952 2725 1105 2809 princeps
1125 2746 1239 2789 eorum
1254 2734 1393 2791 vocatur

241 2824 408 2891 Soldanus
438 2828 540 2893 Iconii
577 2838 611 2893 et
641 2829 797 2909 Turkiae,
826 2850 906 2894 nam
936 2830 1109 2915 Lycaonia
1137 2839 1276 2895 vocatur
1305 2850 1393 2895 nunc

240 2931 377 2997 Turkia.
424 2934 470 2997 Et
485 2954 505 2999 a
523 2932 645 2999 finibus
660 2933 842 2999 Armeniae
863 2955 968 3018 usque
990 2935 1023 2999 in
1042 2935 1192 2999 Iconium
1213 2945 1292 3000 sunt
1314 2944 1393 2999 octo

243 3036 361 3103 dietae.
406 3038 553 3102 Nomina
569 3040 813 3123 provinciarum
835 3040 868 3102 in
884 3038 935 3103 his
949 3039 1141 3122 regionibus
1156 3047 1234 3104 sunt
1249 3039 1391 3105 multum

240 3152 369 3206 mutata
385 3152 521 3226 propter
535 3162 678 3226 guerras
723 3144 813 3207 Nam
835 3144 961 3208 Turkia
980 3144 1102 3210 multas
1120 3153 1225 3208 terras
1243 3153 1392 3225 occupat,

239 3264 325 3328 quac
339 3248 429 3329 apud
451 3255 602 3311 auctores
620 3246 745 3311 habent
761 3248 898 3311 nomina
912 3247 1058 3331 antiqua,
1074 3257 1111 3311 ut
1130 3258 1181 3312 est
1198 3266 1274 3329 pars
1288 3247 1394 3312 Asiae

241 3350 387 3427 minoris,
402 3358 437 3414 et
453 3349 608 3431 Phrygia,
623 3360 656 3415 et
674 3350 794 3433 Lydia.
838 3349 924 3415 Asia
939 3371 1017 3415 vero
1033 3351 1141 3435 major
1155 3351 1303 3415 continet
1319 3350 1393 3432 plus

240 3453 418 3518 medietate
434 3455 559 3528 mundi,
576 3464 610 3517 et
625 3464 734 3519 totum
752 3465 883 3539 praeter
897 3456 1069 3539 Europam
1085 3464 1118 3519 et
1133 3454 1293 3532 Africam,
1304 3454 1393 3519 unde

238 3558 387 3622 continet
406 3556 494 3623 hanc
508 3558 627 3622 Asiam
649 3560 820 3625 minorem.
866 3560 911 3623 Et
933 3558 1017 3623 haec
1038 3578 1126 3624 nunc
1141 3570 1280 3623 vocatur
1302 3558 1392 3643 apud

239 3662 384 3729 Graecos
399 3662 568 3737 Anatolia‚
585 3664 618 3728 id
635 3674 686 3729 est
701 3663 870 3729 orientalis
886 3663 1036 3738 Graecia,
1052 3663 1084 3727 in
1100 3674 1231 3746 quaest
1251 3664 1392 3739 Galatia,

239 3768 327 3830 unde
350 3766 491 3832 Galatae
513 3768 634 3851 quibus
657 3766 771 3833 scribit
793 3769 977 3851 apostolus,
997 3767 1107 3849 llium,
1124 3769 1214 3850 quod
1233 3778 1268 3832 et
1290 3767 1393 3851 Troja

239 3872 368 3955 dicitur,
390 3872 447 3936 illa
469 3873 689 3937 famosissima
712 3872 838 3938 civitas.
885 3872 933 3936 Et
966 3882 1045 3937 sunt
1073 3870 1158 3937 aliae
1189 3873 1325 3951 multae,
1354 3882 1392 3936 ut

240 3976 403 4060 Ephesus,
426 3986 459 4041 et
487 3987 616 4061 septem
639 3976 797 4041 ecclesiae
818 3976 1054 4061 Apocalypsis,
1078 3986 1113 4042 et
1142 3976 1280 4055 Nicaea,
1304 3978 1392 4041 unde

239 4084 386 4162 synodus
426 4082 583 4159 Nicaena,
613 4092 647 4146 et
680 4081 806 4147 multae
835 4081 930 4145 aliae.
990 4081 1036 4145 Et
1064 4080 1110 4145 ab
1140 4081 1254 4145 Iconio
1286 4101 1392 4163 usque

240 4181 401 4246 Nicaeam
425 4189 501 4245 sunt
523 4181 639 4264 viginti
661 4181 771 4245 dietae
793 4181 827 4244 in
849 4192 997 4256 aestate3
1034 4192 1068 4245 et
1090 4183 1134 4245 ab
1157 4202 1196 4245 ea
1219 4182 1389 4263 usquead

237 4285 408 4351 brachium
424 4284 530 4351 sancti
549 4284 692 4369 Georgii,
708 4286 798 4367 quod
816 4286 907 4368 apud
930 4286 1087 4369 antiquos
1102 4295 1239 4350 vocatur
1259 4283 1389 4349 Helles·

238 4400 368 4475 pontus,
384 4399 458 4455 sunt
473 4390 600 4454 circiter
614 4402 755 4473 septem,
768 4392 858 4473 quod
879 4390 1051 4455 brachium
1070 4390 1143 4455 exit
1161 4410 1182 4453 a
1201 4390 1282 4453 mari
1304 4390 1391 4455 inter

239 4494 371 4559 Italiam
387 4504 421 4558 et
435 4492 662 4557 Antiochiam.
708 4493 753 4557 Et
769 4493 814 4557 ibi
829 4493 1027 4557 terminatur
1043 4492 1125 4556 Asia
1141 4492 1256 4571 minor,
1271 4503 1306 4556 et
1326 4492 1390 4559 hoc

238 4618 282 4663 ex
298 4608 394 4681 parte
409 4596 600 4661 occidentis.
645 4594 680 4658 A
696 4606 789 4683 parte
803 4618 883 4661 vero
901 4596 1048 4662 meridiei
1072 4594 1174 4660 habet
1196 4615 1286 4661 mare
1306 4594 1389 4661 illud

763 4715 789 4766 A
804 4720 825 4765 a
842 4718 860 4766 2
