3575 5375
342 538 403 600 390
564 524 719 583 OPERIS
743 525 932 595 MAJORIS
956 525 1071 584 PARS
1096 524 1282 598 QUARTA.

343 686 460 750 melior
490 697 561 752 tota
591 687 800 771 philosophia
831 687 1038 768 Latinorum,
1060 697 1095 752 et
1125 697 1237 772 potest
1266 708 1327 770 per
1350 698 1495 752 vestram

340 790 520 871 jussionem
536 792 712 856 transferri.

175 910 296 956 onrcon-
387 894 550 978 Quintum
572 917 651 960 vero
680 896 915 961 annunciatum
941 895 1091 978 superius
1121 906 1172 961 est
1201 896 1382 980 principale
1411 897 1498 959 inter

174 971 331 1087 ξξξζζὲξξέἐ
343 998 433 1078 haec,
450 1020 525 1063 nam
542 1001 712 1065 nominata
727 1002 838 1064 omnia
854 1011 931 1065 sunt
947 1012 1084 1083 propter
1098 999 1163 1065 hoc
1176 1023 1184 1080 ;
1199 1002 1277 1084 quia
1292 1021 1358 1064 non
1374 999 1496 1063 sufficit

174 1104 209 1217 ily
221 1103 288 1218 1ὴῖΞά
343 1104 389 1166 rei
414 1103 565 1186 publicae
587 1114 624 1168 ut
646 1115 888 1188 cognoscantur
910 1105 1030 1182 omnia,
1052 1105 1112 1167 sed
1135 1114 1268 1187 oportet
1290 1106 1381 1189 quod
1404 1103 1497 1168 utilia

175 1185 321 1284 ,maggae
324 1204 330 1228 ’
342 1210 478 1292 cognita
500 1219 763 1291 promoveantur,
788 1219 822 1272 et
849 1209 967 1273 nociva
993 1219 1200 1272 evacuentur.
1247 1208 1314 1273 Sed
1340 1210 1393 1273 hic
1419 1208 1497 1272 licet

174 1301 287 1415 fgssffffi·
343 1313 535 1394 geometria,
553 1324 587 1378 et
609 1312 825 1390 arithmetica,
844 1324 878 1377 et
900 1313 1025 1377 musica
1047 1313 1127 1377 dent
1151 1313 1297 1378 maxima
1322 1323 1355 1377 et
1381 1334 1496 1397 quam-

239 1403 244 1414 ⁴
344 1417 482 1500 plurima
499 1416 703 1498 juvamenta,
719 1427 830 1480 tamen
852 1417 1056 1481 astronomia
1077 1417 1207 1499 regulat
1224 1419 1345 1494 omnia,
1361 1427 1497 1500 propter

343 1523 407 1585 hoc
428 1522 518 1603 quod
542 1541 640 1585 omne
661 1541 747 1603 opus
774 1520 986 1604 magnificum
1011 1522 1112 1584 debet
1138 1519 1207 1585 fieri
1234 1522 1267 1585 in
1291 1522 1497 1604 temporibus

343 1626 462 1690 electis.
511 1626 556 1689 Et
578 1626 655 1690 ideo
676 1637 812 1708 operata
835 1625 973 1690 aliarum
992 1626 1201 1690 scientiarum
1224 1627 1391 1708 requirunt
1413 1636 1497 1689 tem-

344 1749 424 1812 pora
441 1729 570 1808 idonea,
582 1751 666 1812 quae
682 1730 946 1794 consideratione
962 1731 1143 1793 astronomi
1155 1729 1231 1813 eligi
1244 1739 1497 1814 cognoscuntur,

343 1845 377 1899 et
393 1835 469 1899 ideo
485 1844 614 1917 praeest
634 1835 788 1898 omnibus
809 1836 954 1898 scientiis
976 1835 1009 1898 in
1027 1835 1089 1899 hac
1111 1845 1213 1918 parte,
1228 1835 1380 1919 quamvis
1395 1835 1497 1900 etiam

344 1937 501 2020 specialia
517 1938 662 2002 remedia
678 1937 800 2002 habeat
816 1937 952 2015 infinita,
968 1939 1002 2001 in
1018 1940 1138 2022 quibus
1152 1938 1238 2002 aliae
1259 1940 1414 2003 scientiae
1429 1960 1496 2002 non

343 2043 468 2106 habent
480 2053 690 2126 potestatem.
738 2042 784 2107 Et
800 2043 879 2125 quia
894 2053 964 2107 tam
974 2042 1166 2107 universalis
1176 2054 1228 2108 est
1239 2045 1386 2127 potentia
1402 2045 1497 2107 istius

345 2148 508 2226 scientiae,
530 2148 605 2211 ideo
628 2147 827 2211 Aristoteles
857 2147 1121 2229 sapientissimus
1151 2147 1368 2230 philosophus
1397 2149 1497 2212 docet

344 2252 576 2316 Alexandrum
589 2252 622 2315 in
637 2251 722 2316 libro
735 2251 955 2330 Secretorum,
964 2253 1054 2335 quod
1071 2271 1132 2314 nec
1144 2254 1307 2326 comedat,
1318 2273 1379 2316 nec
1394 2252 1498 2326 bibat,

344 2377 404 2420 nec
420 2356 544 2439 aliquid
562 2357 661 2420 faciat
676 2357 746 2420 sine
761 2356 899 2421 consilio
918 2357 1108 2434 astronomi,
1124 2357 1203 2438 quia
1219 2367 1373 2439 tempora
1393 2357 1498 2420 electa

344 2461 475 2524 suntad
491 2461 603 2525 omnia
616 2484 624 2540 ;
646 2462 758 2525 omnia
767 2461 854 2523 enim
868 2469 1000 2542 tempus
1011 2460 1144 2537 habent,
1154 2461 1238 2524 sicut
1248 2461 1324 2525 dicit
1338 2461 1496 2526 Salomon

345 2565 526 2646 sapientior
540 2563 733 2629 Aristotele.
778 2565 823 2628 Et
839 2564 1040 2628 Aristoteles
1056 2565 1118 2626 sibi
1139 2565 1254 2646 objicit
1269 2568 1389 2644 dicens,
1407 2566 1499 2629 Deus

346 2670 508 2753 praevidit
531 2670 642 2734 omnia
664 2671 707 2734 ab
731 2682 875 2747 aeterne,
894 2690 974 2752 ergo
997 2690 1062 2733 non
1091 2678 1202 2752 potest
1228 2679 1436 2735 astronomus
1458 2693 1499 2735 ea

347 2775 505 2855 impedire
520 2775 572 2838 vel
589 2784 726 2839 mutare.
773 2774 819 2837 Et
840 2776 911 2857 ipse
929 2776 1117 2857 respondet,
1133 2777 1223 2856 quod
1244 2796 1284 2839 ea
1304 2796 1390 2857 quae
1407 2776 1499 2839 Deus

346 2879 509 2961 praevidit
526 2889 603 2942 sunt
623 2878 849 2942 immutabilia.
897 2877 965 2942 Sed
988 2890 1099 2943 tamen
1122 2879 1259 2944 effectus
1282 2901 1499 2962 eorumquae

348 2983 442 3045 Deus
458 2984 567 3065 posuit
592 2984 623 3046 in
647 2992 814 3066 potestate
835 2983 979 3047 hominis
1002 3004 1045 3045 ex
1069 3004 1128 3046 sua
1146 2985 1333 3067 provisione
1356 2993 1499 3059 aeterna,

347 3098 459 3169 potest
474 3086 575 3151 homo
591 3098 718 3152 mutare
734 3098 770 3151 ut
785 3088 866 3163 vult,
881 3089 959 3171 quia
976 3087 1008 3151 in
1029 3088 1298 3172 contingentibus
1317 3091 1360 3152 ad
1376 3100 1499 3152 utram-

347 3192 436 3255 libet.
485 3192 529 3256 Et
556 3193 588 3256 in
616 3194 714 3256 rebus
738 3191 890 3256 humanis
915 3192 1007 3255 Deus
1031 3213 1098 3255 non
1123 3194 1234 3274 posuit
1260 3195 1499 3271 necessitatem,

347 3294 424 3359 licet
440 3296 568 3359 sciverit
583 3297 626 3360 ab
642 3307 776 3360 aeterno
792 3297 824 3360 in
843 3316 944 3379 quam
965 3306 1093 3378 partem
1111 3297 1213 3360 debet
1230 3297 1398 3360 terminari
1421 3318 1500 3360 con-

347 3401 487 3483 tingens,
512 3410 545 3465 et
572 3401 705 3465 humani
733 3400 867 3465 libertas
892 3401 1028 3465 arbitrii.
1087 3402 1132 3464 Et
1159 3402 1235 3465 ideo
1262 3412 1372 3483 potest
1399 3401 1500 3466 homo

346 3525 463 3569 omnes
486 3506 643 3570 utilitates
666 3526 742 3568 suas
765 3526 951 3587 procurare,
967 3517 999 3568 et
1024 3506 1259 3589 impedimenta
1282 3525 1458 3583 removere,
1473 3508 1500 3569 si

346 3610 443 3674 luerit
458 3611 584 3691 peritus
600 3611 632 3673 in
648 3610 710 3674 hac
725 3610 869 3674 scientia.
917 3610 963 3673 Et
983 3611 1077 3692 ponit
1097 3609 1299 3692 exemplum.
1345 3609 1381 3673 Si
1403 3610 1501 3687 enim,

348 3725 384 3777 ut
400 3715 489 3791 dicit,
505 3715 688 3778 necessario
711 3716 771 3777 erit
788 3714 998 3796 superfluitas
1019 3714 1148 3798 frigorIs
1169 3716 1201 3777 in
1219 3724 1368 3796 tempore
1382 3714 1501 3791 futuro,

348 3828 557 3881 astronomus
572 3818 766 3899 praevidens
782 3828 895 3900 potest
908 3838 1075 3901 apponere
1087 3818 1241 3895 remedia,
1251 3828 1288 3881 ut
1299 3819 1370 3881 sine
1384 3839 1501 3902 grava-

349 3922 436 3985 mine
458 3922 603 4005 patiatur
629 3921 732 4003 frigus
763 3922 854 3999 illud,
877 3925 967 4005 quod
992 3922 1046 3985 alii
1072 3924 1201 3987 incaute
1230 3943 1297 3985 non
1323 3933 1502 4005 potuerunt

347 4029 527 4091 sustinere:
562 4038 674 4109 potest
704 4028 790 4089 enim
822 4038 1032 4092 astronomus
1063 4047 1259 4110 praeparare
1285 4027 1360 4090 loca
1385 4027 1501 4103 calida,

349 4133 550 4196 nutrimenta
566 4132 682 4209 calida,
698 4132 898 4196 vestimenta
913 4132 1021 4195 calida
1037 4142 1070 4195 et
1087 4132 1304 4195 medicamina
1326 4132 1439 4206 multa,
1456 4134 1502 4196 ita

350 4248 386 4299 ut
402 4238 504 4319 srigus
519 4238 548 4299 ei
566 4238 597 4299 in
615 4237 706 4300 nullo
726 4236 867 4310 nocebit,
885 4237 1037 4318 quamvis
1055 4235 1111 4298 alii
1134 4237 1189 4318 qui
1214 4235 1296 4299 haec
1319 4255 1385 4299 non
1407 4256 1502 4319 prae-

348 4341 489 4406 viderint
505 4361 583 4423 prae
598 4341 718 4424 frigore
734 4340 927 4404 moriantur.
974 4340 1019 4402 Et
1038 4341 1113 4403 ideo
1129 4341 1162 4402 in
1178 4349 1346 4423 potestate
1360 4338 1503 4404 hominis

350 4446 446 4527 periti
470 4448 502 4508 in
530 4446 591 4511 hac
615 4446 751 4510 scientia
778 4456 829 4509 est
858 4456 894 4508 ut
919 4447 1039 4509 evadat
1073 4445 1189 4508 nociva
1219 4454 1253 4508 et
1283 4456 1505 4527 consequatur

349 4549 450 4615 utilia.
