3575 5375
358 610 400 689 96
583 609 739 669 OPERIS
763 609 952 680 MAJORIS
977 608 1091 668 PARS
1119 608 1284 668 TERTIA.

359 793 589 857 quaecumque
602 772 792 850 confundat,
807 772 855 836 ita
875 773 908 836 in
930 774 1027 838 rebus
1042 793 1125 855 quas
1144 782 1337 855 reputamus
1361 774 1514 839 minimas

359 878 470 959 posuit
487 875 642 957 majestas
659 876 785 959 majora
800 897 902 959 quam
918 877 1024 959 possit
1043 876 1227 960 intelligere
1248 897 1342 940 mens
1357 876 1511 942 humana.

360 981 406 1045 Et
432 981 478 1045 sic
501 992 552 1045 est
577 982 609 1044 in
634 982 685 1045 his
711 981 813 1045 literis
840 980 978 1064 triplicis
1004 980 1184 1064 alphabeti.
1231 981 1332 1046 Unde
1354 1002 1421 1045 non
1443 982 1513 1046 sine

359 1086 508 1147 maxima
535 1105 634 1149 causa
661 1084 694 1148 in
718 1084 891 1167 epitaphio
915 1084 1052 1148 Domini
1079 1085 1239 1168 scriptum
1266 1094 1317 1149 est
1348 1085 1513 1150 Hebraico

359 1186 485 1253 Graece
508 1189 637 1268 Latine,
665 1197 701 1251 ut
731 1190 926 1253 doceremur
951 1188 1043 1272 quod
1074 1188 1224 1252 Ecclesia
1253 1209 1348 1252 cruce
1375 1189 1512 1252 Domini

360 1295 532 1376 redempta
571 1292 694 1356 habeat
732 1292 940 1356 considerare
978 1292 1134 1357 veritates
1171 1291 1340 1357 literarum
1373 1294 1521 1376 triplicis¹

358 1396 548 1479 alphabeti3
579 1398 756 1479 praecipue
786 1416 862 1460 cum
894 1396 1045 1459 Ecclesia
1076 1397 1198 1480 incepit
1228 1398 1261 1460 in
1291 1396 1453 1461 Hebraeis
1479 1409 1512 1461 et

359 1497 497 1579 profecit
513 1498 546 1559 in
563 1495 698 1561 Graecis
713 1506 748 1560 et
763 1506 995 1559 consummata
1011 1504 1060 1559 est
1077 1496 1108 1559 in
1128 1496 1264 1560 LatinIs.

191 1608 229 1673 (5)
243 1608 281 1657 sor
403 1600 530 1683 Quinto
553 1600 694 1665 multum
716 1610 767 1664 est
789 1602 975 1664 necessaria
994 1600 1193 1682 reipublicae
1216 1600 1411 1665 Latinorum
1435 1601 1512 1665 diri-

186 1688 346 1804 {ssffiffi‘gn
359 1706 490 1789 gendae
518 1705 666 1786 cognitio
690 1704 876 1787 linguamm
907 1714 1045 1788 propter
1069 1704 1140 1767 tria.
1198 1705 1313 1770 Unum
1345 1714 1396 1769 est
1422 1724 1513 1768 com-

188 1806 296 1857 112150115·
360 1810 484 1873 meatio
509 1809 689 1873 utilitatum
717 1808 974 1873 necessariarum
995 1818 1028 1871 et
1050 1808 1203 1873 mercatis
1226 1819 1259 1872 et
1281 1809 1423 1891 negotiis
1444 1810 1513 1871 sine

358 1913 479 1997 quibus
502 1913 612 1977 Latini
629 1934 700 1977 esse
715 1932 780 1976 non
802 1923 952 1996 possunt,
970 1914 1048 1994 quia
1075 1913 1235 1976 medicina
1253 1922 1287 1975 et
1307 1913 1417 1975 omnia
1440 1933 1511 1996 pre·

358 2020 442 2083 tiosa
459 2018 660 2100 recipiuntur
675 2017 719 2081 ab
734 2016 806 2081 aliis
822 2017 1022 2081 nationibus.
1070 2018 1116 2079 Et
1132 2017 1209 2081 inde
1231 2018 1336 2080 oritur
1353 2037 1511 2100 magnum

359 2123 483 2187 malum
523 2122 653 2186 Latinis
684 2130 719 2185 et
751 2120 839 2184 lraus
867 2122 914 2185 eis
948 2121 1084 2185 insertur
1115 2120 1245 2185 infinita
1281 2122 1359 2205 quia
1385 2121 1512 2204 linguas

360 2228 513 2310 ignorant
533 2227 668 2304 alienas,
685 2226 761 2307 licet
779 2246 839 2308 per
859 2226 1149 2309 interpretationes
1170 2226 1376 2309 eloquantur.
1423 2226 1511 2290 Nam

359 2330 422 2396 hae
442 2352 515 2396 raro
530 2332 704 2396 sufficiunt.

405 2523 461 2587 Ex
476 2522 528 2586 his
548 2543 628 2605 ergo
648 2544 734 2605 quae
756 2523 842 2588 circa
860 2522 989 2606 linguas
1007 2522 1097 2585 dicta
1115 2530 1192 2585 sunt
1213 2532 1330 2605 patens
1353 2533 1402 2586 est
1421 2522 1511 2604 quod

361 2627 474 2693 Latini
497 2647 654 2709 magnum
678 2628 804 2692 habent
826 2627 1008 2711 sapientiae
1030 2625 1265 2690 detrimentum
1292 2634 1430 2710 propter
1452 2624 1512 2689 lin-

360 2752 498 2815 guarum
515 2732 744 2813 ignorantiam.
778 2732 878 2797 Unde
894 2753 939 2794 ex
951 2731 1015 2795 hac
1031 2741 1125 2814 parte
1139 2730 1273 2814 gloriari
1291 2751 1357 2794 non
1372 2739 1513 2814 possunt

361 2838 403 2901 de
421 2835 604 2919 sapientia3
632 2836 736 2898 immo
757 2835 898 2900 multum
923 2835 1052 2918 inglorii
1076 2846 1109 2899 et
1130 2855 1204 2900 cum
1222 2835 1311 2899 vario
1333 2834 1512 2920 sapientiae

360 2941 483 3005 damno
499 2939 665 3022 languent.
