3575 5375
375 599 416 679 56
580 600 736 659 OPERIS
760 599 949 670 MAJORIS
973 599 1088 657 PARS
1113 598 1324 657 SECUNDA.

374 763 547 847 vulgatum
572 762 670 844 juxta
697 783 890 826 communes
921 762 1103 826 sententias
1133 760 1407 844 philosophorum
1438 757 1528 821 Peri-

376 866 606 952 pateticorum,
632 866 689 950 qui
715 876 792 929 sunt
819 867 861 929 de
890 875 981 929 secta
1008 866 1220 943 Aristotelis3
1250 864 1341 929 aliud
1368 883 1447 927 vero
1476 882 1528 927 se-

376 972 520 1036 cundum
543 991 662 1054 puram
679 972 852 1034 veritatem
872 970 1114 1052 Philosophiae,
1133 989 1219 1051 quae
1240 989 1306 1032 non
1328 968 1426 1031 timet
1444 967 1527 1031 ictus

374 1075 564 1139 lancearum
585 1076 892 1149 contradicentium,
911 1084 948 1137 ut
967 1075 1037 1157 ipse
1055 1074 1196 1153 asserit;
1218 1074 1353 1137 tertium
1372 1091 1451 1135 vero
1466 1070 1529 1133 luit

376 1200 452 1244 cum
475 1179 620 1243 termino
641 1179 730 1244 vitae
752 1199 840 1256 suae,
864 1180 986 1260 inquo
1009 1179 1166 1262 exposuit
1189 1178 1298 1261 priora
1308 1176 1331 1255 ¹,
1354 1174 1529 1239 secretiora

376 1294 514 1347 naturae
533 1294 568 1347 et
583 1284 662 1346 artis
679 1282 881 1367 recolligens.
928 1281 995 1347 Sed
1013 1285 1055 1347 de
1071 1282 1122 1345 his
1138 1282 1363 1346 voluminibus
1378 1282 1446 1344 duo
1463 1300 1528 1343 non

377 1399 454 1452 sunt
490 1386 673 1467 translata;
709 1388 852 1470 primum
885 1399 998 1451 autem
1036 1388 1217 1450 secundum
1255 1386 1397 1468 aliquas·
1420 1393 1530 1468 partes

378 1491 502 1555 habent
519 1491 640 1568 Latini,
659 1492 750 1574 quod
768 1503 906 1556 vocatur
921 1490 1106 1573 Assephae,
1122 1490 1143 1554 i.
1153 1510 1181 1554 e.
1205 1490 1288 1554 liber
1306 1489 1528 1553 sufficientiae.

379 1596 459 1659 Post
478 1597 565 1659 hunc
586 1595 674 1659 venit
697 1595 871 1673 Averroes‚
887 1595 990 1659 homo
1009 1595 1136 1659 solidae
1157 1595 1348 1677 sapientiae,
1364 1593 1530 1675 corrigens

378 1700 468 1764 dicta
490 1700 636 1783 priorum
659 1710 693 1764 et
719 1702 845 1764 addens
872 1699 989 1777 multa,
1012 1700 1163 1782 quamvis
1190 1699 1403 1781 corrigendus
1429 1696 1529 1760 sitin

378 1804 551 1888 aliquibus,
566 1813 599 1868 et
616 1805 648 1866 in
665 1805 778 1868 multis
793 1804 1011 1887 complendus
1021 1801 1043 1868 2.

780 2073 1007 2139 Cherruuun
1032 2073 1127 2137 XIV.

209 2250 318 2300 tristor
424 2228 480 2293 Ex
503 2228 555 2294 his
578 2228 727 2312 sequitur
750 2229 946 2308 necessario,
970 2230 1060 2311 quod
1085 2248 1145 2292 nos
1168 2226 1347 2292 Christiani
1369 2228 1530 2290 debemus

207 2317 365 2448 fflfggnm
380 2334 428 2398 uti
449 2334 659 2418 philosophia
681 2333 715 2397 in
737 2332 865 2414 divinis,
881 2344 915 2397 et
936 2333 968 2397 in
988 2332 1224 2418 philosophicis
1243 2331 1347 2395 multa
1363 2351 1530 2395 assumere

207 2458 360 2526 tourryon
380 2438 577 2522 theologica,
603 2447 640 2501 ut
666 2448 826 2520 appareat
855 2438 945 2519 quod
973 2457 1038 2501 una
1063 2439 1107 2502 sit
1136 2436 1299 2519 sapientia
1329 2436 1361 2499 in
1391 2446 1532 2517 utraque

208 2513 359 2565 theuwork.
379 2544 534 2609 relucens
576 2542 686 2624 Quam
712 2542 942 2607 necessitatem
962 2541 1097 2606 voluero
1120 2541 1311 2619 certificare,
1335 2560 1400 2604 non
1421 2539 1529 2603 solum

377 2656 514 2733 propter
530 2648 691 2712 unitatem
707 2648 898 2730 sapientiae,
910 2646 968 2712 sed
986 2656 1120 2730 propter
1136 2646 1225 2729 quod
1238 2644 1371 2710 inferius
1386 2654 1530 2728 tangam,

377 2761 508 2835 oportet
530 2772 589 2815 nos
610 2751 642 2814 in
663 2751 875 2834 philosophia
894 2752 1064 2816 revolvere
1084 2751 1263 2815 sententias
1284 2749 1360 2813 fidei
1382 2760 1415 2814 et
1436 2749 1530 2813 theo-

377 2856 487 2938 logiae
508 2854 700 2938 magnificas
721 2875 804 2938 quas
826 2855 1007 2939 reperimus
1029 2857 1062 2920 in
1087 2855 1180 2920 libris
1200 2854 1472 2939 philosophorum
1496 2863 1531 2918 et

378 2959 585 3044 inpartibus
610 2958 859 3043 philosophiae;
887 2972 924 3025 ut
952 2981 1017 3024 non
1043 2961 1085 3025 sit
1108 2961 1226 3024 mirum
1254 2959 1345 3041 quod
1369 2959 1401 3022 in
1425 2959 1531 3042 philo-

377 3065 495 3148 sophia
521 3074 656 3147 tangam
684 3065 922 3128 sacratissimas
947 3066 1112 3143 veritates,
1138 3063 1296 3148 quoniam
1322 3063 1531 3147 philosophis

378 3169 471 3233 Deus
501 3168 663 3233 concessit
693 3168 815 3232 multas
847 3169 1029 3253 sapientiae
1059 3189 1139 3234 suae
1167 3168 1333 3232 veritates.
1387 3169 1531 3251 Oportet

377 3273 478 3357 igitur
498 3283 535 3336 ut
553 3272 705 3337 trahatur
724 3272 955 3355 philosophiae
976 3284 1126 3357 potestas
1146 3274 1189 3336 ad
1212 3291 1338 3336 sacram
1357 3273 1531 3335 veritatem

378 3387 539 3460 quantum
545 3397 739 3459 possumus;
755 3397 832 3441 nam
845 3377 938 3442 valor
945 3378 1174 3462 philosophiae
1185 3376 1280 3440 aliter
1290 3397 1355 3440 non
1368 3376 1502 3441 lucescit
1509 3377 1532 3438 ³.

378 3481 466 3545 Nam
491 3481 702 3565 philosophia
725 3483 906 3546 secundum
934 3503 969 3547 se
997 3483 1206 3547 considerata
1234 3479 1353 3544 nullius
1380 3480 1532 3545 utilitatis

379 3594 439 3649 est.
487 3585 679 3668 Philosophi
699 3607 779 3651 vero
799 3585 949 3651 infideles
969 3588 1118 3654 damnati
1137 3595 1223 3661 sunt,
1244 3589 1296 3649 ‘et
1318 3605 1392 3649 cum
1412 3605 1533 3669 cogno-

378 3698 494 3753 verunt
510 3689 701 3767 Dominum,
716 3710 783 3753 non
803 3692 890 3756 sicut
911 3692 1094 3755 Dominum
1113 3689 1379 3774 glorificaverunt
1398 3701 1431 3754 et
1455 3689 1532 3753 ideo

379 3790 561 3856 stultificati
596 3802 675 3856 sunt
707 3805 740 3858 et
772 3806 975 3860 evanuerunt
1005 3818 1025 3861 a
1057 3794 1314 3878 cogitationibus
1344 3793 1429 3858 suis!
1486 3794 1532 3858 Et

380 3896 455 3960 ideo
481 3895 691 3979 philosophia
719 3918 783 3961 non
816 3909 927 3982 potest
953 3899 1078 3982 aliquid
1106 3900 1280 3983 dignitatis
1309 3898 1440 3973 habere,
1469 3898 1531 3962 nisi

379 4008 538 4083 quantum
556 4001 598 4063 de
613 4021 653 4064 ea
669 4003 806 4084 requirit
823 4003 886 4066 Dei
904 4006 1075 4087 sapientia.
1120 4004 1243 4068 Totum
1261 4006 1349 4067 enim
1366 4003 1531 4066 residuum

413 4160 422 4188 ¹
438 4161 502 4211 This
515 4163 536 4210 ls
548 4163 593 4212 the
606 4163 714 4225 reading
725 4164 755 4212 os
761 4165 813 4224 Jul.

413 4237 423 4267 ¹
438 4240 454 4301 J
457 4242 489 4290 ul.
502 4242 565 4290 here
578 4243 643 4290 adds
654 4259 669 4290 a
681 4258 789 4304 passage
801 4243 886 4292 which
900 4243 947 4292 lire
959 4245 1005 4295 has
1017 4245 1146 4294 rendered
1157 4244 1276 4306 illegible.
1311 4243 1366 4292 The
1378 4243 1535 4306 succeeding

379 4321 561 4384 paragraphis
577 4321 686 4382 headed,
700 4322 812 4382 ‘Quarta
830 4323 985 4378 Distinctio;
1006 4325 1032 4372 in
1050 4341 1100 4386 qua
1121 4325 1268 4373 ostenditur
1283 4324 1427 4372 necessitas
1443 4325 1533 4373 utendi

380 4400 544 4462 philosophia
556 4399 582 4448 in
594 4399 695 4460 divinis,
708 4415 759 4448 non
771 4401 855 4450 solum
867 4409 973 4464 propter
985 4404 1107 4452 unitatem
1120 4404 1262 4464 sapientiae
1275 4402 1404 4464 perlectae
1416 4402 1462 4450 sed
1474 4403 1536 4463 quia

380 4479 405 4527 in
418 4478 586 4541 sequentibus
598 4478 713 4540 partibus
726 4478 801 4540 hujus
814 4481 989 4541 persuasionis
1001 4482 1127 4531 adductae
1144 4491 1204 4531 suut
1216 4482 1338 4532 veritates
1349 4481 1451 4530 (lisinae
1468 4497 1536 4544 quae

379 4559 412 4608 de
424 4558 539 4620 pluribus
550 4557 763 4619 philosophorum
776 4557 963 4608 extrahuntur!

411 4636 421 4665 ⁸
440 4641 513 4684 ‘nam
526 4673 533 4686 .
546 4674 552 4687 .
566 4673 573 4686 .
585 4635 709 4698 lucescit,’
720 4635 842 4699 supplied
853 4637 919 4686 from
930 4637 984 4698 Jul.
