3575 5375
183 2541 324 2605 Properties

185 2605 214 2654 of
223 2607 326 2656 number

186 2671 262 2723 three.

350 629 411 672 222
576 613 732 671 opums
755 611 945 682 nnsonls
969 610 1085 669 Pnns
1109 595 1294 684 Quinta

351 775 500 859 glossam
521 783 661 857 possunt
683 774 728 839 ibi
746 795 818 839 esse
838 774 999 840 sexcenti.
1044 773 1090 837 Et
1112 772 1225 837 Exodi
1245 771 1344 836 xxxii
1365 771 1509 835 habetur

353 880 386 943 in
405 879 563 944 Hebraeo
580 888 613 944 et
630 878 758 944 Graeco
775 879 886 962 ‘quasi
907 879 970 942 tria
991 876 1112 942 millia.'
1159 877 1227 942 Sed
1249 877 1421 958 exemplar
1435 874 1506 937 vul-

353 993 468 1066 gatum
485 983 587 1048 habet
602 983 718 1066 viginti
735 984 798 1047 tria
813 983 925 1047 millia.
970 983 1016 1047 Et
1032 983 1112 1046 dicit
1131 984 1289 1065 magister
1309 981 1343 1044 in
1362 980 1508 1044 historiis

352 1088 442 1170 quod
458 1087 522 1153 hoc
538 1097 588 1152 est
603 1088 646 1152 de
660 1089 798 1171 antiqua
815 1088 1041 1152 translatione.
1087 1086 1155 1153 Sed
1176 1086 1314 1169 antiqua
1334 1083 1507 1148 translatio

353 1202 405 1256 est
424 1191 524 1256 LXX
548 1192 776 1276 interpretum,
791 1203 825 1256 et
847 1203 898 1257 est
916 1193 959 1256 de
983 1192 1120 1271 Graeco,
1139 1190 1286 1256 Graecus
1306 1199 1420 1254 autem
1439 1206 1506 1251 non

353 1296 456 1361 habet
475 1295 550 1375 hoc,
564 1297 622 1360 sed
639 1296 723 1361 sicut
738 1295 922 1360 Hebraeus.
968 1296 1015 1360 Et
1032 1295 1086 1359 hic
1109 1314 1200 1358 error
1223 1293 1325 1357 habet
1346 1312 1507 1377 apparen-

353 1400 434 1464 tiam
456 1421 500 1464 ex
528 1401 635 1484 prima
656 1403 700 1466 ad
724 1395 798 1466 Cor.
821 1422 855 1464 x.
903 1400 971 1466 Sed
998 1421 1065 1463 non
1091 1409 1143 1465 est
1168 1397 1419 1482 intelligendum
1445 1415 1507 1479 pro

352 1502 417 1567 hoc
433 1504 517 1584 loco,
533 1513 569 1568 ut
585 1513 679 1588 patet
700 1504 732 1568 in
753 1514 849 1568 textu
871 1515 906 1569 et
927 1505 960 1568 in
978 1503 1096 1586 glossa
1143 1502 1309 1586 Quoniam
1325 1521 1402 1565 curn
1418 1499 1508 1578 dicit,

353 1607 493 1690 ‘Neque
513 1608 709 1673 idololatrae
728 1605 933 1687 efficiamini‚'
950 1608 1007 1672 &c
1023 1609 1114 1691 quod
1132 1608 1175 1672 ad
1196 1606 1284 1670 hunc
1303 1606 1414 1669 locum
1432 1624 1507 1687 per·

353 1711 469 1790 tinent,
492 1731 558 1774 non
582 1712 676 1795 ponit
702 1731 874 1776 numerum
903 1711 1156 1776 interfectorum.
1202 1709 1270 1776 Sed
1293 1709 1406 1774 statim
1430 1727 1508 1770 curn

353 1815 444 1894 dicit,
460 1815 597 1898 ‘Neque
619 1813 834 1880 fornicemur'
851 1816 911 1881 &c
929 1817 1087 1899 sequitur,
1110 1819 1160 1881 ‘et
1182 1815 1372 1879 ceciderunt
1390 1810 1508 1894 viginti

353 1920 417 1983 tria
433 1917 554 2000 millia,'
565 1921 654 2003 quod
671 1921 865 2002 intelligitur
878 1921 1061 1985 secundum
1074 1921 1221 2006 glossam
1238 1921 1282 1985 de
1296 1919 1357 1997 his,
1369 1918 1426 2000 qui
1439 1915 1505 1980 for·

353 2023 454 2088 nicati
489 2035 567 2089 sunt
597 2045 673 2088 cum
705 2024 909 2104 Madianitis‚
942 2034 980 2088 ut
1011 2024 1134 2108 legitur
1162 2046 1234 2088 xxv
1268 2024 1503 2088 Numerorum.

353 2126 443 2190 Nolo
461 2127 556 2210 plura
578 2126 736 2212 exempla
758 2147 942 2211 aggregare
963 2128 1007 2192 ad
1029 2147 1194 2213 praesens,
1209 2148 1286 2192 cum
1308 2146 1375 2190 non
1397 2124 1441 2188 sit
1460 2143 1507 2186 ex

352 2231 521 2315 principali
537 2232 721 2296 intentione
741 2231 985 2313 corruptionem
1007 2241 1124 2297 textus
1144 2232 1294 2317 probare.
1340 2228 1408 2295 Sed
1424 2227 1507 2291 haec

352 2335 429 2399 ideo
455 2335 562 2415 intuli,
584 2345 621 2400 ut
647 2336 800 2400 videatur
830 2336 1006 2401 necessitas
1032 2336 1249 2419 computandi
1275 2336 1309 2399 in
1336 2334 1508 2417 scriptura,

353 2447 516 2520 quatenus
531 2441 675 2505 sciamus
691 2439 856 2504 verificare
871 2440 1099 2525 corruptiones
1115 2460 1337 2506 numerorum.

397 2543 444 2606 Et
462 2544 571 2609 adhuc
583 2553 695 2627 potest
706 2545 822 2627 quinta
838 2544 924 2608 ratio
940 2545 983 2609 de
995 2565 1206 2609 numerorum
1219 2545 1362 2610 utilitate
1373 2540 1508 2627 signari.

354 2646 444 2711 Nam
473 2648 584 2713 unitas
606 2649 639 2713 in
662 2669 697 2712 se
724 2649 826 2713 ducta
849 2650 972 2725 cubice,
995 2650 1028 2715 id
1056 2661 1116 2728 est,
1138 2661 1197 2729 ter,
1218 2660 1257 2715 ut
1279 2648 1382 2714 semel
1404 2666 1508 2711 unum

353 2752 456 2816 semel
472 2772 539 2816 non
551 2752 748 2835 multiplicat
761 2754 950 2832 essentiam,
960 2756 1018 2818 sed
1032 2756 1151 2820 eadem
1163 2765 1276 2819 manet
1289 2753 1370 2817 licet
1384 2771 1508 2835 aequa·
1537 2757 1541 2763 ’

352 2855 448 2920 litate
473 2856 574 2919 trium
602 2855 742 2919 laterum
776 2856 969 2922 deducatur.
1014 2859 1061 2923 Et
1090 2860 1137 2924 sic
1166 2858 1319 2922 familiari
1348 2854 1509 2939 exemplo

353 2958 503 3042 theologi
515 2969 634 3023 notant
646 2960 780 3025 beatam
792 2961 1001 3027 Trinitatem.
1033 2962 1194 3046 Quamvis
1205 2973 1318 3027 autem
1329 2960 1510 3045 multiplex

354 3063 481 3127 numeri
505 3064 664 3148 perfectio
687 3066 872 3129 inveniatur
894 3067 1075 3131 secundum
1097 3068 1189 3151 quod
1212 3066 1365 3130 denarius
1388 3065 1511 3128 dicitur

354 3188 426 3231 esse
457 3169 633 3251 perfectus,
660 3178 695 3233 et
728 3171 943 3253 septenarius,
969 3181 1003 3235 et
1032 3171 1189 3246 senarius,
1215 3180 1328 3235 tamen
1359 3168 1511 3233 maxime

353 3274 515 3337 ternarius
553 3274 616 3337 sibi
656 3274 804 3338 vindicat
847 3274 1107 3359 perfectionem
1149 3277 1307 3357 quoniam
1348 3271 1510 3357 perfectio

353 3377 529 3461 praecipua
544 3397 631 3460 quae
646 3379 791 3442 numeris
806 3378 879 3442 aliis
894 3379 1084 3443 attribuitur
1098 3390 1149 3443 est
1160 3380 1249 3462 quod
1266 3397 1383 3442 omnes
1394 3386 1510 3460 partes

354 3480 522 3563 aliquotae
550 3480 650 3546 simul
677 3493 830 3566 sumptae
857 3483 997 3546 reddant
1023 3504 1118 3547 suum
1145 3493 1266 3561 totum,
1292 3491 1329 3546 ut
1357 3491 1451 3565 patet
1476 3482 1511 3542 in

352 3584 493 3647 senario.
540 3584 608 3649 Sed
634 3586 666 3647 in
688 3588 830 3650 temario
853 3585 926 3649 solo
948 3587 1078 3660 accidit,
1095 3587 1184 3669 quod
1208 3608 1285 3670 pars
1307 3586 1457 3669 aliquota
1476 3593 1511 3648 et

354 3705 420 3749 non
443 3686 590 3769 aliquota
606 3688 703 3751 simul
726 3700 881 3771 sumptae
898 3691 1040 3755 reddunt
1063 3692 1179 3774 ipsum,
1194 3690 1320 3754 scilicet
1343 3691 1453 3753 unitas
1476 3697 1512 3751 et

354 3790 510 3867 binarius,
532 3793 623 3873 quod
651 3812 717 3854 non
744 3802 855 3876 potest
881 3795 916 3857 in
945 3794 1011 3858 alio
1034 3794 1180 3859 inveniri.
1227 3794 1343 3876 Atque
1368 3813 1446 3857 cum
1475 3793 1511 3855 in

354 3893 446 3958 omni
473 3914 612 3957 numero
639 3896 707 3958 sint
732 3895 809 3969 duo,
833 3897 960 3961 scilicet
985 3897 1140 3962 discretio
1170 3899 1314 3981 partium
1341 3908 1375 3962 et
1402 3896 1512 3960 unitas

354 3997 622 4080 congregationis
648 4020 774 4075 earum,
800 4020 867 4081 qua
894 4021 1051 4066 numerus
1075 4003 1197 4066 dicitur
1222 4022 1295 4066 esse
1321 4022 1428 4078 unus;
1449 4020 1512 4064 nec

354 4100 479 4183 aliquid
503 4100 593 4164 aliud
617 4100 695 4165 facit
718 4122 891 4166 numerum
914 4104 975 4168 nisi
995 4103 1078 4168 haec
1097 4106 1165 4169 duo
1177 4127 1186 4184 ;
1209 4104 1273 4169 ista
1293 4106 1442 4189 praecise
1460 4124 1512 4167 re-

354 4204 524 4291 periuntur
539 4205 572 4268 in
587 4206 740 4269 ternario.
786 4206 848 4269 Per
863 4206 1027 4270 binarium
1044 4209 1131 4272 enirn
1146 4218 1198 4272 est
1215 4209 1383 4287 discreti0,
1398 4218 1433 4271 et
1451 4228 1514 4290 per

356 4309 517 4373 unitatem
538 4308 610 4391 ipsa
629 4308 738 4373 unitas
757 4309 909 4374 habetur.
955 4310 1002 4374 Et
1021 4312 1097 4375 ideo
1112 4322 1185 4376 tota
1205 4313 1364 4394 perfectio
1380 4312 1513 4377 numeri

354 4414 387 4477 in
416 4413 560 4478 ternario
589 4422 624 4477 et
654 4435 721 4478 non
750 4415 784 4477 in
814 4414 879 4478 alio
912 4416 1080 4496 reperitur.
1126 4418 1172 4480 Et
1198 4428 1336 4500 propter
1365 4417 1430 4481 hoc
1456 4416 1515 4480 hic

355 4536 510 4581 numerus
535 4518 692 4581 convenit
718 4520 855 4583 creatori
883 4521 989 4603 magis
1015 4541 1116 4603 quarn
1143 4521 1237 4585 alius.
1284 4520 1332 4584 Et
1357 4524 1445 4585 sicut
1467 4524 1514 4585 ab

356 4620 484 4685 unitate
498 4622 607 4686 omnis
622 4621 801 4687 multitudo
818 4624 977 4706 procedit,
991 4624 1039 4690 sic
1058 4625 1102 4690 ab
1116 4624 1190 4708 ipso
1208 4624 1291 4690 Deo.
1337 4624 1384 4688 Et
1406 4625 1514 4689 arith·
