3575 5375
585 665 761 734 JUDICIA
789 664 1111 722 ASTRONOMIAE.
1362 682 1422 744 ²39

266 838 303 891 ut
333 828 441 892 omnis
471 825 636 891 dubitatio
665 826 801 890 tollatur
830 825 917 891 circa
948 819 1205 890 mathematicae
1235 824 1420 890 utilitatem.

269 933 313 997 Et
336 933 416 996 illud
440 932 473 994 in
496 950 564 1012 quo
583 933 731 995 maxime
754 932 936 1014 percutitur
956 930 1190 996 mathematica
1212 939 1263 994 est
1283 941 1420 1014 propter

264 1037 388 1120 judicia
420 1037 652 1101 astronomiae.
697 1034 864 1118 Quoniam
902 1035 1003 1118 igitur
1035 1034 1205 1098 contentio
1239 1036 1420 1100 multorum

267 1141 492 1223 ignorantium
513 1139 745 1224 philosophiae
762 1147 965 1222 potestatem
986 1148 1020 1203 et
1039 1140 1223 1203 maximam
1242 1138 1418 1203 utilitatem

267 1243 467 1328 theologiae,
490 1255 558 1309 tam
588 1243 690 1308 relate
713 1264 813 1326 quarn
836 1245 990 1308 absolute
1012 1243 1262 1327 reprobantium
1290 1245 1418 1309 mathe-

268 1350 465 1413 maticorum
498 1347 786 1425 considerationes,
820 1346 962 1430 impedit
996 1347 1142 1410 studium
1172 1346 1353 1429 sapientiae
1385 1356 1419 1411 et

268 1452 372 1516 laedit
394 1452 586 1535 gravissime
609 1452 642 1514 in
666 1451 729 1515 hac
752 1459 865 1535 parte3
892 1451 969 1515 ideo
994 1450 1072 1514 volo
1092 1451 1126 1513 in
1150 1451 1313 1532 praesenti
1335 1451 1420 1516 veri·

268 1556 367 1621 ficare
385 1556 603 1621 intentionem
622 1575 748 1632 eorum,
764 1566 798 1620 et
817 1575 977 1620 evacuare
992 1555 1161 1619 infamiam
1177 1575 1273 1619 verae
1292 1554 1421 1618 mathe-

270 1662 418 1724 maticae.
462 1660 626 1744 Theologi
654 1660 754 1744 igitur
780 1661 884 1724 multa
914 1661 1108 1724 invenerunt
1130 1681 1150 1723 a
1171 1660 1295 1724 sanctis
1317 1658 1422 1725 effusa

269 1776 383 1830 contra
409 1764 671 1840 mathematicos,
697 1774 732 1829 et
758 1764 858 1848 aliqui
890 1785 1004 1829 corum
1035 1773 1171 1847 propter
1199 1765 1422 1848 ignorantiam

270 1869 524 1934 mathematicae
555 1890 652 1934 verae
689 1881 722 1934 et
758 1870 1017 1934 mathematicae
1046 1867 1148 1933 falsae
1177 1869 1326 1934 nesciunt
1356 1870 1424 1933 dis·

268 1976 420 2056 tinguere
435 1994 547 2037 veram
564 1995 584 2038 a
600 1973 690 2051 laisa,
704 1984 737 2036 et
754 1973 830 2036 ideo
844 1985 1005 2056 tanquam
1021 1974 1218 2036 auctoritate
1233 1983 1422 2039 sanctorum

269 2078 405 2161 culpant
432 2099 544 2142 verarn
570 2098 646 2141 cum
672 2077 764 2140 salsa.
811 2076 1022 2141 Vocabulum
1052 2077 1139 2140 enirn
1170 2096 1268 2141 verae
1293 2078 1422 2140 mathe-

270 2184 411 2246 maticae
437 2182 535 2245 scribi
558 2202 618 2263 per
641 2182 869 2264 taspiratum,
890 2189 925 2244 et
952 2180 995 2243 ab
1019 2180 1083 2243 hoc
1109 2181 1244 2242 nomine
1269 2177 1424 2244 mathesis

272 2286 381 2348 media
403 2283 589 2367 correpta¹,
610 2285 699 2367 quod
723 2285 897 2349 scientiam
921 2285 1083 2365 designat,
1102 2283 1242 2348 deriuari
1265 2305 1286 2347 a
1308 2284 1422 2349 multis

270 2389 407 2453 refertur
431 2388 628 2464 auctoribus,
651 2399 686 2453 et
711 2397 838 2452 certum
861 2399 914 2453 est
940 2409 985 2451 ex
1012 2386 1160 2464 Graec03
1191 2389 1270 2471 quia
1296 2387 1423 2452 matheo

270 2493 408 2556 verbum
434 2493 523 2556 idem
546 2503 596 2556 est
618 2493 707 2576 quod
734 2494 834 2568 disco,
860 2503 894 2557 et
915 2491 1073 2556 matheus
1098 2503 1150 2556 est
1176 2493 1365 2577 discipulus,
1387 2505 1422 2559 et

272 2595 426 2660 mathesis
468 2596 648 2679 disciplina
706 2597 806 2662 Unde
847 2596 1077 2661 mathematica
1116 2607 1167 2660 est
1209 2597 1421 2681 disciplinalis

271 2703 409 2767 scientia
427 2712 461 2768 et
480 2703 683 2779 doctrinalis,
699 2704 784 2767 sicut
806 2703 1022 2768 Cassiodorus
1042 2704 1129 2768 dixit
1148 2703 1305 2787 superius
1353 2704 1421 2768 Sed

271 2806 470 2870 vocabulum
502 2805 605 2871 salsae
635 2806 887 2871 mathematicae
917 2809 987 2871 sine
1017 2808 1218 2891 aspiratione
1244 2806 1342 2873 scribi
1368 2830 1420 2873 as·

273 2911 393 2973 seritur
418 2910 461 2974 ab
488 2910 611 2973 eisdem
639 2910 827 2976 auctoribus
852 2921 886 2975 et
913 2933 934 2975 a
959 2911 1100 2976 mathesi
1119 2911 1230 2976 media
1250 2912 1423 2993 producta,

271 3014 362 3097 quod
389 3014 623 3078 divinationem
650 3024 753 3092 notat,
778 3016 988 3095 descendere,
1009 3015 1062 3080 vel
1091 3017 1181 3098 quod
1212 3017 1332 3080 certius
1362 3025 1423 3096 est,

271 3138 292 3182 a
314 3130 441 3182 mantes
462 3118 513 3182 vel
537 3140 558 3182 a
576 3120 711 3194 mantia,
729 3138 815 3201 quae
834 3130 912 3183 sunt
935 3122 1023 3184 idem
1044 3120 1132 3203 quod
1154 3120 1324 3197 divinatio,
1338 3121 1424 3185 sicut
1529 3120 1547 3149 ‘'

275 3222 502 3304 Hieronymus
524 3222 605 3287 dicit
629 3223 662 3286 in
689 3224 841 3307 originali
864 3224 903 3286 ix
928 3224 1042 3287 isaiae.
1088 3221 1257 3306 Quicquid
1278 3244 1357 3287 vero
1378 3224 1424 3290 sit

305 3442 312 3471 ¹
331 3444 420 3493 Bacon
432 3446 565 3495 corrected
582 3446 634 3495 this
648 3461 723 3495 error
733 3446 758 3494 in
773 3447 814 3495 his
825 3446 890 3495 later
900 3445 1025 3507 writings.
1061 3443 1099 3493 Ot'
1109 3444 1154 3492 the
1171 3451 1228 3494 true
1246 3444 1426 3494 mathematica

272 3522 306 3571 he
315 3538 385 3585 says,
397 3528 403 3551 ‘
413 3524 486 3573 Haec
493 3524 613 3573 scribitur
621 3540 678 3573 cum
685 3525 843 3586 aspiratione
851 3532 878 3573 et
887 3525 1003 3574 dicituro
1010 3523 1144 3583 mathesis,
1153 3538 1220 3584 quae
1228 3529 1270 3571 est
1278 3522 1423 3587 disciplina,

273 3617 339 3663 quae
357 3602 433 3651 habet
450 3602 559 3651 mediam
578 3604 736 3665 productam,
749 3610 777 3651 ut
794 3604 820 3652 in
838 3620 897 3653 mea
913 3604 1079 3665 grammatica
1099 3602 1199 3651 Graeca
1218 3603 1342 3665 exposui;
1364 3604 1425 3652 licet

273 3688 355 3729 totum
366 3680 458 3741 vulgus
472 3681 621 3729 Latinorum
633 3682 721 3731 credat
737 3683 807 3744 quod
822 3682 908 3730 media
923 3682 958 3730 sit
973 3689 1101 3743 correpta,
1114 3682 1257 3730 secundum
1273 3682 1343 3744 quod
1359 3682 1426 3731 fiunt

272 3774 365 3807 versus
376 3758 441 3819 salsi,
454 3759 528 3807 Scire
540 3759 600 3807 lacit
612 3758 746 3818 Mathesis,
758 3762 804 3809 sed
816 3760 933 3809 divinare
945 3759 1087 3809 Matheais!

305 3836 369 3885 This
378 3852 487 3899 passage
499 3838 594 3886 islrom
602 3839 647 3887 the
658 3838 829 3901 unpublished
841 3838 917 3889 MSS.
927 3854 961 3887 on
971 3838 1152 3888 blathuuatics
1160 3838 1236 3903 (Brit.
1245 3838 1312 3890 blus.
1319 3839 1426 3900 Sloane,

275 3915 351 3965 MSS.
360 3919 432 3977 2156,
439 3916 481 3966 lol.
492 3932 532 3978 γε,
542 3917 576 3979 c),
586 3933 602 3965 a
610 3918 709 3966 section
717 3918 747 3966 oi
753 3919 797 3966 the
807 3918 1008 3980 encyclopaedic
1014 3918 1090 3967 work
1097 3919 1229 3980 projected
1236 3920 1272 3980 by
1279 3918 1426 3980 Bacon,but

273 3994 301 4042 in
312 3994 346 4042 all
359 3994 510 4057 probability
523 4012 603 4044 never
615 3996 769 4058 completed.
796 3996 821 4045 Α
832 3996 930 4045 similar
940 4012 1052 4059 passage
1063 3998 1116 4045 will
1128 3997 1161 4045 be
1174 3997 1254 4047 found
1266 3998 1293 4045 in
1304 3998 1344 4047 h‘u
1356 4013 1425 4046 com·

273 4072 413 4121 mentaries
430 4089 465 4122 on
481 4074 526 4121 the
540 4074 699 4137 apocryphal
717 4074 852 4123 Secretum
869 4075 1036 4124 secretorum
1050 4074 1198 4139 (Bodleian,
1215 4076 1321 4124 Tanner
1336 4075 1425 4137 MSS,

276 4154 342 4216 116).
379 4149 491 4200 ‘hiantia
509 4168 573 4201 vero
593 4152 693 4202 Graece
710 4161 750 4202 est
773 4153 897 4202 divinatio
919 4154 1012 4202 Latine
1031 4169 1083 4215 qua
1102 4154 1185 4216 magia
1206 4169 1237 4203 ac
1253 4154 1426 4203 mathematici

273 4238 387 4292 utuntur,
399 4231 540 4279 secundum
550 4230 620 4293 quod
631 4231 696 4279 haee
708 4232 820 4291 nomina,
832 4232 1014 4280 mathematica
1025 4239 1052 4280 et
1063 4233 1267 4291 mathematicas,
1277 4232 1426 4282 derivantur

272 4326 289 4359 a
299 4310 389 4360 matssi
406 4310 491 4358 media
502 4317 626 4372 correpta,
639 4325 706 4371 quae
716 4310 821 4359 matesis
832 4318 873 4359 ast
887 4311 987 4373 magica
999 4310 1137 4372 imponens
1151 4311 1333 4360 necessitatem
1348 4311 1426 4361 rebus

273 4388 483 4451 contingentibus
501 4394 527 4436 et
546 4388 628 4444 libero
647 4388 760 4436 arbitrio.
795 4388 892 4437 Contra
909 4404 985 4450 quam
1002 4397 1029 4438 et
1046 4396 1136 4437 contra
1153 4388 1327 4438 matematicos
1344 4388 1377 4436 ab
1394 4405 1427 4439 ea

272 4468 355 4518 dictos
367 4467 473 4529 egregie
488 4467 556 4515 beati
567 4466 729 4528 Augustinus
741 4474 768 4515 et
777 4466 919 4528 Gregorius
930 4468 958 4516 in
971 4468 1079 4517 Omeliis
1091 4468 1123 4516 de
1136 4466 1280 4530 Epiphania
1294 4467 1427 4528 disputant

273 4554 301 4597 et
311 4548 372 4596 alibi
385 4586 390 4596 .
403 4583 410 4594 .
423 4584 429 4597 .
441 4553 470 4595 ut
478 4545 642 4607 Aristoteles,
652 4546 793 4606 Avicenrta,
804 4544 969 4595 Ptolemaeus
980 4554 1007 4594 et
1018 4562 1110 4595 omnes
1120 4546 1165 4595 alii
1174 4544 1300 4595 veraciter
1310 4545 1426 4607 philoso-

273 4626 392 4689 phantes.
427 4625 481 4674 Sed
495 4633 582 4675 umen
594 4624 622 4673 hi
633 4626 688 4674 veri
700 4626 858 4686 judicatores
874 4625 993 4673 <timetur
1004 4625 1177 4673 mathematici
1187 4640 1204 4673 a
1219 4624 1328 4673 mathesi
1343 4624 1427 4674 media

273 4706 399 4768 producta
411 4720 477 4767 quae
488 4710 514 4753 et
526 4718 573 4767 per
583 4704 767 4767 aspirationem
779 4700 916 4752 scribitur!
