3575 5375
381 647 441 690 202
603 632 758 692 OPERIS
782 632 970 704 MAJORIS
994 633 1109 693 PARS
1133 633 1316 707 QUARTA.

212 808 331 886 Datespt
381 816 439 878 per
453 797 678 860 astronomiae
692 805 906 881 potestatem.
951 796 1040 860 Nam
1058 797 1208 862 incidunt
1224 795 1435 880 quaestiones
1451 812 1532 857 con-

210 877 326 990 ἔξω
381 910 432 963 tra
447 901 625 965 sententias
642 903 791 966 omnium
807 901 1040 984 theologorum
1056 902 1266 967 Latinorum.
1311 899 1379 965 Sed
1396 909 1532 984 propter

212 1008 322 1057 passion.
381 1024 489 1067 rerum
521 1005 785 1087 magnitudinem
822 1006 1002 1088 procedam
1040 1006 1241 1090 opponendo
1274 1006 1317 1070 ad
1355 1015 1532 1085 utramque

380 1119 518 1191 partem,
530 1119 565 1172 et
580 1111 637 1192 qui
653 1119 764 1191 potest
781 1109 909 1174 solvere
923 1113 1068 1193 gaudeat
1080 1112 1124 1175 de
1138 1112 1312 1176 solutione.
1357 1109 1404 1171 Et
1419 1117 1533 1171 tamen

381 1213 460 1276 nihil
476 1222 591 1277 contra
606 1215 777 1296 opiniones
789 1234 984 1278 communes
998 1216 1194 1281 latinorum
1207 1234 1355 1298 arguam,
1366 1212 1427 1276 nisi
1440 1211 1531 1293 quod

380 1317 491 1382 nescio
513 1317 701 1382 dissolvere.
748 1318 885 1382 Utinam
908 1320 1074 1384 inveniam
1095 1322 1153 1402 qui
1175 1320 1292 1396 solvat,
1314 1319 1341 1381 si
1364 1315 1532 1381 conclusio

380 1421 463 1486 salsa
484 1432 544 1486 est.
590 1420 650 1486 Sin
671 1432 783 1486 autem
804 1444 880 1487 vera
904 1425 1010 1505 possit
1024 1445 1104 1503 esse,
1120 1434 1198 1487 tunc
1221 1444 1287 1487 non
1306 1430 1393 1486 esset
1410 1419 1533 1483 solutio

382 1526 573 1590 necessaria.
605 1524 671 1590 Sed
684 1526 791 1590 nullus
803 1537 917 1591 tantae
928 1529 1133 1593 auctoritatis
1145 1538 1196 1592 est
1208 1529 1241 1591 in
1253 1525 1391 1591 ecclesia
1404 1532 1535 1607 praeter

381 1650 548 1694 summum
569 1631 771 1712 pontificem,
790 1633 847 1714 qui
867 1652 966 1696 ausus
988 1643 1076 1696 esset
1097 1634 1178 1696 dare
1199 1632 1397 1697 sententiam
1417 1639 1535 1692 contra

381 1736 561 1799 sententias
571 1734 723 1818 vulgatas
739 1736 771 1798 in
787 1736 850 1800 bac
865 1748 961 1819 parte
975 1739 1126 1820 quamvis
1142 1747 1253 1801 essent
1269 1735 1378 1800 salsae
1424 1733 1534 1796 Tenet

381 1859 461 1924 ergo
472 1838 591 1921 vulgus
600 1839 798 1904 Latinorum
815 1842 906 1922 quod
921 1840 1085 1905 Dominus
1097 1841 1158 1905 suit
1175 1851 1273 1905 natus
1288 1837 1433 1904 secundo
1444 1855 1534 1898 anno

382 1943 466 2026 cycli
484 1944 802 2021 decemnovennalis,
822 1956 855 2008 et
875 1946 1006 2009 decimo
1025 1966 1111 2009 anno
1135 1945 1220 2028 cycli
1235 1943 1359 2019 solaris,
1373 1952 1407 2005 et
1426 1941 1461 2003 in
1481 1939 1535 2002 his

382 2067 448 2110 non
465 2057 515 2111 est
530 2048 703 2124 dubitatio,
719 2058 753 2111 et
768 2047 858 2131 quod
881 2069 997 2130 passus
1012 2050 1072 2113 suit
1090 2050 1146 2112 viii
1170 2050 1381 2115 calendarum
1399 2043 1534 2128 Aprilis,

382 2162 416 2214 et
436 2152 526 2234 quod
545 2151 623 2215 luna
643 2151 704 2215 suit
727 2173 773 2215 xv
795 2153 828 2216 in
850 2153 906 2216 die
927 2154 1098 2236 passionis,
1114 2154 1157 2217 de
1172 2153 1293 2235 quibus
1313 2161 1366 2216 est
1383 2147 1534 2232 quaestio

382 2276 510 2340 magna,
525 2266 626 2339 atque
642 2256 754 2321 Latini
777 2257 980 2338 redarguunt
999 2256 1152 2333 Graecos,
1173 2258 1231 2340 qui
1254 2262 1435 2340 posuerunt
1458 2271 1535 2337 pas·

380 2382 454 2425 sum
481 2360 662 2425 Dominum
695 2361 753 2423 xiv
782 2361 873 2426 luna.
921 2361 998 2426 Hoc
1029 2363 1180 2445 magistri
1207 2363 1322 2426 dicunt
1352 2378 1478 2432 omnes,
1499 2365 1534 2418 et

383 2465 599 2548 Augustinus,
632 2465 868 2546 Hieronymus,
901 2465 1002 2542 Beda,
1029 2467 1110 2530 dant
1143 2467 1358 2530 auctoritates
1387 2463 1430 2526 ad
1460 2462 1535 2524 hoc.

383 2567 509 2634 Contra
546 2569 610 2634 hoc
643 2580 799 2653 potenter
835 2571 992 2653 arguitur.
1049 2571 1139 2635 Nam
1174 2571 1201 2634 si
1234 2570 1291 2633 viii
1322 2568 1535 2632 calendarum
1562 2645 1568 2655 ⁹

382 2673 509 2756 Aprilis
532 2673 591 2738 luit
614 2694 730 2757 passus
754 2684 789 2739 et
812 2674 892 2739 luna
916 2675 976 2739 fuit
1000 2697 1054 2754 xv,
1077 2696 1144 2739 non
1167 2683 1279 2759 potest
1305 2673 1369 2738 hoc
1395 2692 1475 2749 esse,
1497 2678 1536 2733 ut

385 2779 476 2843 Beda
505 2778 618 2842 scribit
648 2778 733 2842 libro
764 2788 963 2863 temporum,
993 2781 1055 2843 nisi
1085 2782 1200 2844 suisset
1230 2780 1289 2842 xiii
1319 2798 1426 2842 annus
1450 2774 1535 2857 cycli

384 2883 710 2958 decemnovennalis3
744 2894 778 2947 et
804 2882 868 2948 hoc
892 2894 942 2948 est
965 2904 1087 2948 verum.
1141 2883 1231 2966 Quia
1259 2882 1443 2947 secundum
1472 2879 1536 2942 hoc

384 2974 529 3068 oportuit
554 2987 644 3068 quod
668 3007 787 3050 aureus
814 3007 970 3051 numerus
996 2987 1093 3051 fuerit
1117 2988 1187 3065 xiii,
1210 2997 1246 3051 ut
1270 2987 1347 3051 luna
1372 2985 1536 3048 diceretur

383 3091 490 3175 prima
517 3090 550 3153 in
580 3090 776 3167 calendario,
807 3092 862 3154 ubi
893 3092 954 3154 xiii
986 3092 1181 3164 scribuntur,
1211 3100 1375 3174 quatenus
1403 3089 1447 3151 ab
1477 3086 1536 3150 illo

384 3195 459 3259 loco
481 3204 694 3276 computetur
716 3204 806 3258 aetas
830 3195 938 3269 lunae,
960 3206 997 3260 ut
1019 3196 1204 3259 inveniatur
1226 3216 1273 3258 xv
1296 3194 1328 3258 in
1350 3193 1406 3257 viii
1428 3192 1537 3256 calen-

384 3301 502 3363 darum
525 3298 672 3381 Aprilis;
699 3299 784 3363 sicut
811 3299 950 3381 quilibet
972 3310 1083 3383 potest
1109 3300 1254 3382 experiri
1279 3298 1312 3361 in
1339 3296 1537 3360 calendario.

385 3403 453 3468 Sed
480 3423 555 3468 cum
585 3402 750 3466 Dominus
776 3403 835 3467 suit
863 3413 960 3467 natus
989 3403 1136 3467 secundo
1164 3423 1250 3467 anno
1281 3402 1375 3484 cycli,
1397 3412 1477 3465 tunc
1503 3400 1536 3462 in

384 3508 449 3571 fine
471 3507 558 3571 illius
580 3508 679 3589 primi
701 3507 786 3589 cycli
809 3506 927 3570 habuit
949 3509 1031 3571 xviii
1054 3528 1159 3571 annos
1185 3509 1370 3572 secundum
1394 3504 1538 3587 cyclum,

384 3613 504 3694 quibus
529 3612 557 3674 si
581 3612 641 3674 xiii
664 3612 720 3694 qui
747 3611 918 3675 fluxerunt
947 3632 1052 3695 usque
1081 3613 1124 3676 ad
1155 3611 1342 3694 passionem
1373 3610 1538 3673 addamus

384 3717 428 3778 de
456 3715 551 3796 cyclo
576 3716 730 3790 secund0,
754 3724 849 3778 erunt
872 3716 1062 3805 xxxi-anni
1088 3718 1269 3780 secundum
1299 3714 1422 3796 cyclos.
1468 3711 1539 3776 Sed

384 3818 418 3881 hi
448 3820 523 3882 anni
549 3822 729 3884 secundum
756 3820 886 3901 cyclum
909 3841 975 3884 non
999 3830 1075 3884 sunt
1108 3821 1170 3883 nisi
1205 3820 1293 3882 xxix
1315 3819 1392 3883 anni
1418 3819 1538 3881 aetatis

385 3943 473 3999 suae,
484 3933 518 3986 et
533 3924 574 3987 de
590 3945 665 3987 xxx
680 3936 842 4007 quantum
860 3935 911 3988 est
927 3947 947 3988 a
964 3926 1138 3989 nativitate
1153 3944 1259 4007 usque
1273 3922 1316 3986 ad
1329 3922 1537 4006 passionem3

385 4028 541 4108 quoniam
569 4048 673 4112 prope
702 4027 801 4091 finem
832 4030 967 4093 secundi
993 4031 1069 4092 anni
1096 4030 1199 4111 ipsius
1225 4026 1309 4109 cycli
1341 4028 1403 4090 suit
1431 4035 1539 4103 natus,

385 4130 509 4195 scilicet
542 4142 620 4194 ante
657 4132 854 4215 principium
884 4133 972 4195 tertii
1003 4132 1081 4196 anni
1116 4153 1175 4215 per
1211 4132 1255 4195 vii
1291 4132 1362 4195 dies
1396 4140 1539 4205 tantum,

385 4237 463 4317 quia
492 4256 596 4298 annus
627 4236 743 4319 incipit
774 4238 806 4299 in
839 4237 1088 4300 circumcisione
1120 4236 1269 4300 Domini.
1324 4234 1540 4317 Quapropter

386 4340 420 4401 in
446 4337 509 4401 fine
533 4339 630 4421 primi
655 4339 740 4419 cycli
770 4360 837 4403 non
861 4340 978 4404 habuit
1009 4340 1159 4404 Christus
1181 4361 1286 4404 annos
1307 4340 1430 4403 aetatis
1460 4358 1539 4402 suae

388 4442 450 4503 nisi
480 4443 549 4505 xvii
581 4453 614 4506 et
644 4442 714 4507 dies
743 4425 938 4526 vii,*quibus
960 4444 988 4506 si
1011 4446 1178 4508 addantur
1200 4445 1260 4507 xiii
1283 4444 1419 4507 alterius
1444 4440 1540 4524 cycli,

388 4556 481 4609 erunt
497 4548 652 4629 triginta3
675 4547 722 4610 ita
739 4551 830 4630 quod
847 4550 879 4611 in
894 4569 970 4611 xxx
986 4548 1047 4612 luit
1062 4548 1182 4630 passio.
1228 4548 1320 4630 Ergo
1335 4567 1402 4612 non
1421 4546 1541 4610 habuit

390 4647 554 4712 Dominus
577 4652 639 4714 nisi
662 4651 749 4713 xxix
771 4671 885 4728 annos,
900 4661 934 4715 et
956 4661 1084 4716 tantum
1111 4652 1154 4715 de
1180 4652 1349 4735 trigesimo
1375 4661 1539 4734 quantum
