3575 5375
654 624 824 682 crusni:
848 622 1046 681 annonis
1377 636 1415 697 31

264 806 401 882 propter
417 818 534 862 causas
555 798 703 880 quinque
724 796 814 880 prius
837 804 944 861 tactas
967 796 1123 878 neglexit.
1171 795 1323 859 Moderni
1339 815 1417 859 vero

265 904 419 967 doctores
433 902 534 986 vulgi,
549 903 625 967 licet
643 902 747 966 multa
762 902 805 967 de
820 901 1030 984 philosophia
1045 903 1111 966 sint
1126 904 1294 974 translata,
1304 912 1416 966 tamen

265 1027 332 1071 non
348 1008 474 1071 habent
489 1028 603 1071 eorum
619 1027 725 1085 usum,
740 1026 815 1071 curn
838 1017 872 1070 et
888 1008 921 1070 in
942 1007 1051 1089 parvis
1072 1017 1106 1072 et
1120 1009 1240 1072 vilibus
1261 1006 1417 1071 delectati

264 1113 349 1175 duos
363 1111 466 1176 libros
481 1111 608 1194 logicae
623 1112 773 1176 meliores
788 1110 971 1194 negligunt,
983 1132 1124 1194 quorum
1141 1133 1224 1177 unus
1239 1112 1417 1176 translatus

264 1227 316 1280 est
338 1236 414 1279 curn
430 1217 670 1282 commentario
685 1215 905 1299 Alpharabii¹
922 1236 1021 1298 super
1037 1216 1139 1290 illum,
1155 1228 1189 1280 et
1203 1217 1337 1281 alterius
1356 1238 1417 1281 ex-

264 1320 387 1402 positio
399 1340 459 1402 per
469 1319 654 1384 Averroem
670 1321 758 1385 iacta
773 1321 843 1384 sine
858 1331 956 1383 textu
972 1320 1166 1385 Aristotelis
1181 1331 1231 1385 est
1248 1321 1416 1385 translata.

266 1424 313 1487 Et
335 1425 434 1506 longe
457 1425 564 1507 magis
581 1433 721 1497 caetera,
739 1443 825 1506 quae
848 1425 1010 1488 minorem
1034 1425 1187 1489 obtinent
1209 1426 1417 1507 dignitatem,

265 1526 350 1593 sicut
373 1548 494 1592 novem
517 1529 671 1592 scientias
690 1528 954 1605 mathematicae,
971 1538 1005 1591 et
1024 1548 1084 1592 sex
1106 1530 1260 1593 scientias
1280 1550 1418 1612 magnas

265 1631 442 1710 naturales,
458 1652 544 1715 quae
563 1632 684 1698 multas
704 1633 785 1697 alias
806 1634 960 1697 scientias
979 1634 1042 1697 sub
1065 1653 1101 1696 se
1122 1633 1417 1718 comprehendunt,

264 1750 366 1818 atque
386 1736 527 1801 morales
545 1745 687 1819 quatuor
706 1748 818 1821 partes
840 1736 1011 1820 negligunt
1034 1737 1264 1817 dignissimas;
1283 1749 1316 1801 et
1339 1758 1418 1801 suae

266 1840 472 1923 ignorantiae
495 1852 657 1925 quaerunt
688 1841 875 1906 miserabile
902 1840 1057 1905 solatium
1083 1862 1142 1923 per
1168 1840 1361 1907 Gratianum
1383 1854 1417 1907 et

267 1956 414 2009 caeteros
440 1946 616 2028 magistros
641 1946 859 2020 authenticos,
881 1946 938 2028 qui
963 1965 1028 2007 non
1055 1944 1240 2011 habuerunt
1264 1948 1416 2011 notitiam

267 2050 407 2132 partium
426 2049 668 2134 philosophiae.
714 2050 803 2113 Nam
830 2061 908 2132 post
931 2048 1098 2114 Christum
1121 2051 1227 2114 sancti
1251 2071 1317 2114 non
1341 2061 1419 2115 sunt

266 2154 316 2217 usi
339 2154 502 2236 dignitate
524 2154 765 2238 philosophiae,
781 2162 817 2218 at
839 2172 907 2217 non
930 2162 1066 2236 propter
1086 2153 1159 2231 hoc,
1176 2155 1264 2236 quod
1284 2156 1355 2236 ipsa
1375 2156 1418 2219 sit

266 2260 368 2323 sacris
397 2260 562 2322 contraria
590 2257 763 2322 sententiis
792 2256 845 2321 vel
876 2258 1019 2339 indigna,
1045 2276 1120 2321 cum
1154 2259 1197 2320 ad
1230 2257 1417 2340 theologica

267 2361 419 2426 absolute
437 2362 660 2445 intelligenda,
681 2372 715 2426 et
736 2370 886 2443 respectu
908 2360 1066 2425 ecclesiae
1082 2361 1146 2424 Dei
1167 2370 1201 2425 et
1220 2363 1420 2444 reipublicae

268 2467 416 2530 fidelium
430 2487 470 2530 ac
486 2467 710 2531 conversionis
726 2465 908 2529 infidelium
927 2466 1052 2529 utiliter
1072 2476 1105 2529 et
1125 2466 1298 2549 magnifice
1314 2468 1419 2548 possit

267 2570 434 2651 adjuvare,
448 2572 534 2635 sicut
555 2570 787 2635 certificabitur
809 2590 870 2633 suo
892 2580 1050 2654 ternpore.
1097 2570 1143 2634 Et
1164 2580 1261 2634 tanto
1285 2572 1418 2634 misera-

267 2674 367 2739 bilius
391 2676 554 2760 estquod
579 2675 758 2740 multitudo
780 2676 983 2740 studentium
1012 2676 1246 2740 modernorum
1279 2697 1418 2760 magnas

268 2781 407 2863 negligit
442 2781 605 2856 scientias,
642 2801 718 2844 cum
767 2789 879 2845 tamen
921 2780 1050 2845 luerunt
1091 2781 1299 2844 introductae
1342 2790 1419 2864 post

269 2882 474 2950 Gratianum.
519 2885 637 2968 Aliqui
670 2885 779 2950 adhuc
804 2885 921 2949 vivunt
951 2883 1007 2967 qui
1041 2885 1074 2948 in
1105 2885 1223 2949 studiis
1257 2905 1312 2948 eas
1345 2905 1418 2967 per·
1495 2967 1500 2974 .

267 2987 426 3072 legerunt.

670 3266 896 3332 cnarrunuu
921 3265 1016 3330 XVI.

311 3405 475 3488 Quamvis
497 3416 608 3470 autem
633 3407 713 3471 istas
734 3425 851 3470 causas
870 3406 1032 3468 malorum
1051 3403 1200 3467 omnium
1219 3401 1417 3466 universales
1431 3412 1473 3462 No
1485 3414 1580 3463 sudden

267 3520 459 3591 persecutus
492 3532 576 3588 sum,
605 3518 640 3574 et
665 3509 783 3574 vellem
813 3509 927 3574 omnia
960 3508 1069 3572 reduci
1105 3507 1148 3572 ad
1186 3508 1415 3572 auctoritatem
1429 3479 1568 3595 {ihacheron

267 3615 418 3694 solidam,
433 3626 467 3679 et
482 3635 614 3679 sensum
634 3615 822 3698 sapientum
843 3624 877 3678 et
898 3624 1122 3696 expertorum,
1139 3613 1195 3694 qui
1215 3612 1308 3696 pauci
1330 3620 1416 3689 sunt,
1430 3611 1532 3660 Reform
1558 3677 1563 3688 ,

268 3737 335 3781 non
350 3731 464 3784 tamen
479 3722 593 3784 credat
609 3718 778 3784 Serenitas
793 3719 924 3795 Vestra,
935 3718 1024 3800 quod
1041 3737 1104 3800 ego
1120 3717 1256 3781 intendo
1266 3679 1581 3792 Vestriaeisssutii,begln

268 3821 476 3887 clementiam
493 3822 690 3888 Sanctitatis
706 3823 861 3899 excitare,
877 3831 914 3884 ut
935 3832 1086 3887 auctores
1106 3821 1238 3903 fragiles
1258 3831 1292 3885 et
1311 3821 1417 3904 ipsam
1431 3808 1530 3925 hiliis&

269 3927 516 3992 multitudinem
541 3926 701 4010 Maiestas
725 3926 856 4010 Papalis
878 3925 1040 3991 violenter
1061 3927 1218 4003 invadat;
1245 3945 1305 3988 nec
1328 3891 1449 4008 quodp
1504 3912 1511 3924 ’

268 4052 332 4116 ego
357 4033 513 4114 indignus
536 4031 598 4094 sub
623 4031 741 4094 umbra
765 4030 899 4094 Gloriae
922 4029 1063 4095 Vestrae
1089 4031 1244 4093 suscitem
1275 4030 1419 4112 aliquam

268 4157 367 4219 super
388 4137 477 4200 lacto
498 4135 598 4200 studii
620 4135 829 4210 molestiam3
851 4135 910 4198 sed
934 4143 971 4198 ut
994 4154 1108 4197 mensa
1130 4134 1268 4197 Domini
1291 4131 1422 4198 ferculis

268 4239 506 4324 sapientalibus
528 4239 706 4315 cumulata,
721 4259 784 4322 ego
801 4237 1020 4320 pauperculus
1039 4239 1140 4301 micas
1163 4237 1243 4300 mihi
1266 4236 1420 4321 colligam

268 4345 468 4410 decidentes
506 4344 630 4408 Poterit
646 4343 733 4407 enim
749 4341 890 4407 Vestrae
907 4342 1080 4407 Potentiae
1096 4342 1290 4424 magnitudo
1307 4341 1371 4405 sibi
1387 4353 1420 4406 et

267 4449 510 4514 successoribus
524 4449 593 4514 suis
608 4449 780 4531 providere
797 4448 839 4511 de
859 4447 961 4510 totius
981 4445 1163 4530 sapientiae
1184 4444 1421 4526 compendiosa

266 4553 472 4639 plenitudine
494 4572 560 4616 non
583 4551 691 4616 solum
716 4551 869 4614 absolute
892 4550 1057 4628 habenda,
1071 4550 1128 4613 sed
1148 4558 1291 4630 quatuor
1314 4548 1422 4611 modis

694 4685 703 4716 ¹
722 4687 774 4736 See
785 4693 846 4736 note
856 4693 884 4735 to
894 4701 919 4749 p.
935 4701 990 4736 roo.
