<?xml version="1.0" encoding="UTF-8"?>
<!DOCTYPE html PUBLIC "-//W3C//DTD XHTML 1.0 Transitional//EN"
    "http://www.w3.org/TR/xhtml1/DTD/xhtml1-transitional.dtd">
<html xmlns="http://www.w3.org/1999/xhtml" xml:lang="en" lang="en">
 <head>
  <title>
</title>
<meta http-equiv="Content-Type" content="text/html;charset=utf-8" />
  <meta name='ocr-system' content='tesseract 3.04.00' />
  <meta name='ocr-capabilities' content='ocr_page ocr_carea ocr_par ocr_line ocrx_word'/>
</head>
<body>
  <div class='ocr_page' id='page_1' title='image "./opusmajusrogerb01bridgoog/opusmajusrogerb01bridgoog_0588.png"; bbox 0 0 3575 5375; ppageno 0'>
   <div class='ocr_carea' id='block_1_1' title="bbox 715 608 1432 689">
    <p class='ocr_par' dir='ltr' id='par_1_1' title="bbox 715 608 1432 689">
     <span class='ocr_line' id='line_1_1' title="bbox 715 608 1432 689; baseline 0.003 -20"><span class='ocrx_word' id='word_1_1' title='bbox 715 611 998 671; x_wconf 69' lang='lat' dir='ltr'><strong>nsrrrorocrr.</strong></span> <span class='ocrx_word' id='word_1_2' title='bbox 1372 608 1432 689; x_wconf 76' lang='lat'><strong>389</strong></span> 
     </span>
    </p>
   </div>
   <div class='ocr_carea' id='block_1_2' title="bbox 274 769 1595 4719">
    <p class='ocr_par' dir='ltr' id='par_1_2' title="bbox 277 769 1432 3153">
     <span class='ocr_line' id='line_1_2' title="bbox 280 769 1432 857; baseline 0.002 -22"><span class='ocrx_word' id='word_1_3' title='bbox 280 769 430 853; x_wconf 88' lang='lat' dir='ltr'><strong>planetas</strong></span> <span class='ocrx_word' id='word_1_4' title='bbox 455 775 606 839; x_wconf 84' lang='lat' dir='ltr'><strong>consistit</strong></span> <span class='ocrx_word' id='word_1_5' title='bbox 636 775 669 838; x_wconf 92' lang='lat' dir='ltr'><strong>in</strong></span> <span class='ocrx_word' id='word_1_6' title='bbox 697 775 769 850; x_wconf 93' lang='lat' dir='ltr'><strong>hoc,</strong></span> <span class='ocrx_word' id='word_1_7' title='bbox 792 775 882 856; x_wconf 89' lang='lat' dir='ltr'><strong>quod</strong></span> <span class='ocrx_word' id='word_1_8' title='bbox 913 773 1015 838; x_wconf 92' lang='lat' dir='ltr'><strong>homo</strong></span> <span class='ocrx_word' id='word_1_9' title='bbox 1045 773 1126 838; x_wconf 87' lang='lat' dir='ltr'><strong>sciat</strong></span> <span class='ocrx_word' id='word_1_10' title='bbox 1157 794 1216 857; x_wconf 90' lang='lat' dir='ltr'><strong>per</strong></span> <span class='ocrx_word' id='word_1_11' title='bbox 1245 773 1374 837; x_wconf 87' lang='lat' dir='ltr'><strong>tabulas</strong></span> <span class='ocrx_word' id='word_1_12' title='bbox 1397 785 1432 837; x_wconf 93' lang='lat' dir='ltr'><strong>et</strong></span> 
     </span>
     <span class='ocr_line' id='line_1_3' title="bbox 281 876 1430 965; baseline 0.002 -26"><span class='ocrx_word' id='word_1_13' title='bbox 281 876 501 942; x_wconf 90' lang='lat' dir='ltr'><strong>instrumenta</strong></span> <span class='ocrx_word' id='word_1_14' title='bbox 517 899 658 961; x_wconf 88' lang='lat' dir='ltr'><strong>aequare</strong></span> <span class='ocrx_word' id='word_1_15' title='bbox 675 889 785 943; x_wconf 89' lang='lat' dir='ltr'><strong>motus</strong></span> <span class='ocrx_word' id='word_1_16' title='bbox 801 878 968 965; x_wconf 88' lang='lat' dir='ltr'><strong>coelorum</strong></span> <span class='ocrx_word' id='word_1_17' title='bbox 990 887 1023 941; x_wconf 87' lang='lat' dir='ltr'><strong>et</strong></span> <span class='ocrx_word' id='word_1_18' title='bbox 1039 878 1184 941; x_wconf 92' lang='lat' dir='ltr'><strong>invenire</strong></span> <span class='ocrx_word' id='word_1_19' title='bbox 1196 877 1269 940; x_wconf 87' lang='lat' dir='ltr'><strong>loca</strong></span> <span class='ocrx_word' id='word_1_20' title='bbox 1280 877 1430 960; x_wconf 90' lang='lat' dir='ltr'><strong>planeta-</strong></span> 
     </span>
     <span class='ocr_line' id='line_1_4' title="bbox 280 981 1431 1065; baseline 0.001 -22"><span class='ocrx_word' id='word_1_21' title='bbox 280 1002 374 1059; x_wconf 88' lang='lat' dir='ltr'><strong>rum;</strong></span> <span class='ocrx_word' id='word_1_22' title='bbox 401 992 435 1046; x_wconf 91' lang='lat' dir='ltr'><strong>et</strong></span> <span class='ocrx_word' id='word_1_23' title='bbox 462 984 669 1048; x_wconf 88' lang='lat' dir='ltr'><strong>considerare</strong></span> <span class='ocrx_word' id='word_1_24' title='bbox 695 984 767 1065; x_wconf 91' lang='lat' dir='ltr'><strong>quis</strong></span> <span class='ocrx_word' id='word_1_25' title='bbox 795 1004 910 1047; x_wconf 92' lang='lat' dir='ltr'><strong>eorum</strong></span> <span class='ocrx_word' id='word_1_26' title='bbox 933 982 1056 1047; x_wconf 88' lang='lat' dir='ltr'><strong>habeat</strong></span> <span class='ocrx_word' id='word_1_27' title='bbox 1083 981 1193 1065; x_wconf 89' lang='lat' dir='ltr'><strong>plures</strong></span> <span class='ocrx_word' id='word_1_28' title='bbox 1223 991 1257 1045; x_wconf 90' lang='lat' dir='ltr'><strong>et</strong></span> <span class='ocrx_word' id='word_1_29' title='bbox 1288 981 1431 1064; x_wconf 86' lang='lat' dir='ltr'><strong>majores</strong></span> 
     </span>
     <span class='ocr_line' id='line_1_5' title="bbox 281 1083 1431 1169; baseline 0.003 -22"><span class='ocrx_word' id='word_1_30' title='bbox 281 1083 490 1150; x_wconf 88' lang='lat' dir='ltr'><strong>fortitudines</strong></span> <span class='ocrx_word' id='word_1_31' title='bbox 505 1109 549 1151; x_wconf 92' lang='lat' dir='ltr'><strong>ex</strong></span> <span class='ocrx_word' id='word_1_32' title='bbox 569 1089 643 1152; x_wconf 91' lang='lat' dir='ltr'><strong>loco</strong></span> <span class='ocrx_word' id='word_1_33' title='bbox 656 1109 717 1152; x_wconf 89' lang='lat' dir='ltr'><strong>suo</strong></span> <span class='ocrx_word' id='word_1_34' title='bbox 732 1088 914 1152; x_wconf 88' lang='lat' dir='ltr'><strong>secundum</strong></span> <span class='ocrx_word' id='word_1_35' title='bbox 930 1087 1002 1150; x_wconf 89' lang='lat' dir='ltr'><strong>illas</strong></span> <span class='ocrx_word' id='word_1_36' title='bbox 1017 1087 1163 1169; x_wconf 90' lang='lat' dir='ltr'><strong>quinque</strong></span> <span class='ocrx_word' id='word_1_37' title='bbox 1177 1085 1330 1158; x_wconf 81' lang='lat' dir='ltr'><strong>famosas,</strong></span> <span class='ocrx_word' id='word_1_38' title='bbox 1345 1107 1431 1166; x_wconf 88' lang='lat' dir='ltr'><strong>quae</strong></span> 
     </span>
     <span class='ocr_line' id='line_1_6' title="bbox 280 1191 1432 1275; baseline 0.001 -21"><span class='ocrx_word' id='word_1_39' title='bbox 280 1200 356 1254; x_wconf 89' lang='lat' dir='ltr'><strong>sunt</strong></span> <span class='ocrx_word' id='word_1_40' title='bbox 368 1191 497 1268; x_wconf 92' lang='lat' dir='ltr'><strong>domus,</strong></span> <span class='ocrx_word' id='word_1_41' title='bbox 509 1192 680 1270; x_wconf 88' lang='lat' dir='ltr'><strong>exaltatio,</strong></span> <span class='ocrx_word' id='word_1_42' title='bbox 691 1191 873 1275; x_wconf 83' lang='lat' dir='ltr'><strong>triplicitas,</strong></span> <span class='ocrx_word' id='word_1_43' title='bbox 884 1193 1043 1255; x_wconf 89' lang='lat' dir='ltr'><strong>terminus</strong></span> <span class='ocrx_word' id='word_1_44' title='bbox 1054 1202 1088 1256; x_wconf 94' lang='lat' dir='ltr'><strong>et</strong></span> <span class='ocrx_word' id='word_1_45' title='bbox 1099 1191 1198 1255; x_wconf 86' lang='lat' dir='ltr'><strong>facies</strong></span> <span class='ocrx_word' id='word_1_46' title='bbox 1209 1215 1218 1268; x_wconf 92' lang='lat'>;</span> <span class='ocrx_word' id='word_1_47' title='bbox 1235 1201 1269 1252; x_wconf 89' lang='lat' dir='ltr'><strong>et</strong></span> <span class='ocrx_word' id='word_1_48' title='bbox 1280 1191 1432 1255; x_wconf 91' lang='lat' dir='ltr'><strong>similiter</strong></span> 
     </span>
     <span class='ocr_line' id='line_1_7' title="bbox 279 1294 1430 1378; baseline 0.003 -22"><span class='ocrx_word' id='word_1_49' title='bbox 279 1315 355 1357; x_wconf 91' lang='lat' dir='ltr'><strong>cum</strong></span> <span class='ocrx_word' id='word_1_50' title='bbox 381 1294 445 1360; x_wconf 94' lang='lat' dir='ltr'><strong>hoc</strong></span> <span class='ocrx_word' id='word_1_51' title='bbox 468 1297 582 1360; x_wconf 89' lang='lat' dir='ltr'><strong>videre</strong></span> <span class='ocrx_word' id='word_1_52' title='bbox 605 1295 813 1360; x_wconf 82' lang='lat' dir='ltr'><strong>fortitudines</strong></span> <span class='ocrx_word' id='word_1_53' title='bbox 837 1315 923 1378; x_wconf 90' lang='lat' dir='ltr'><strong>quae</strong></span> <span class='ocrx_word' id='word_1_54' title='bbox 947 1296 1146 1377; x_wconf 84' lang='lat' dir='ltr'><strong>contingunt</strong></span> <span class='ocrx_word' id='word_1_55' title='bbox 1170 1316 1214 1358; x_wconf 90' lang='lat' dir='ltr'><strong>ex</strong></span> <span class='ocrx_word' id='word_1_56' title='bbox 1241 1295 1430 1376; x_wconf 89' lang='lat' dir='ltr'><strong>aspectibus</strong></span> 
     </span>
     <span class='ocr_line' id='line_1_8' title="bbox 280 1389 1428 1483; baseline 0.002 -23"><span class='ocrx_word' id='word_1_57' title='bbox 280 1389 413 1462; x_wconf 90' lang='lat' dir='ltr'><strong>illorum</strong></span> <span class='ocrx_word' id='word_1_58' title='bbox 441 1410 475 1464; x_wconf 92' lang='lat' dir='ltr'><strong>et</strong></span> <span class='ocrx_word' id='word_1_59' title='bbox 504 1421 549 1462; x_wconf 88' lang='lat' dir='ltr'><strong>ex</strong></span> <span class='ocrx_word' id='word_1_60' title='bbox 579 1410 673 1464; x_wconf 93' lang='lat' dir='ltr'><strong>motu</strong></span> <span class='ocrx_word' id='word_1_61' title='bbox 704 1400 736 1462; x_wconf 91' lang='lat' dir='ltr'><strong>in</strong></span> <span class='ocrx_word' id='word_1_62' title='bbox 767 1400 908 1483; x_wconf 84' lang='lat' dir='ltr'><strong>augibus</strong></span> <span class='ocrx_word' id='word_1_63' title='bbox 936 1419 1072 1463; x_wconf 89' lang='lat' dir='ltr'><strong>suorum</strong></span> <span class='ocrx_word' id='word_1_64' title='bbox 1102 1399 1305 1475; x_wconf 92' lang='lat' dir='ltr'><strong>circulorum,</strong></span> <span class='ocrx_word' id='word_1_65' title='bbox 1327 1409 1362 1462; x_wconf 91' lang='lat' dir='ltr'><strong>et</strong></span> <span class='ocrx_word' id='word_1_66' title='bbox 1384 1419 1428 1462; x_wconf 93' lang='lat' dir='ltr'><strong>ex</strong></span> 
     </span>
     <span class='ocr_line' id='line_1_9' title="bbox 279 1502 1429 1568; baseline 0.001 -2"><span class='ocrx_word' id='word_1_67' title='bbox 279 1504 433 1567; x_wconf 89' lang='lat' dir='ltr'><strong>domibus</strong></span> <span class='ocrx_word' id='word_1_68' title='bbox 442 1503 628 1568; x_wconf 89' lang='lat' dir='ltr'><strong>duodecim.</strong></span> <span class='ocrx_word' id='word_1_69' title='bbox 645 1504 690 1567; x_wconf 91' lang='lat' dir='ltr'><strong>Et</strong></span> <span class='ocrx_word' id='word_1_70' title='bbox 700 1525 775 1568; x_wconf 86' lang='lat' dir='ltr'><strong>cunr</strong></span> <span class='ocrx_word' id='word_1_71' title='bbox 786 1505 870 1568; x_wconf 88' lang='lat' dir='ltr'><strong>bene</strong></span> <span class='ocrx_word' id='word_1_72' title='bbox 879 1503 1118 1566; x_wconf 85' lang='lat' dir='ltr'><strong>examinaverit</strong></span> <span class='ocrx_word' id='word_1_73' title='bbox 1129 1511 1163 1566; x_wconf 91' lang='lat' dir='ltr'><strong>et</strong></span> <span class='ocrx_word' id='word_1_74' title='bbox 1172 1503 1290 1565; x_wconf 91' lang='lat' dir='ltr'><strong>viderit</strong></span> <span class='ocrx_word' id='word_1_75' title='bbox 1302 1502 1383 1565; x_wconf 90' lang='lat' dir='ltr'><strong>haec</strong></span> <span class='ocrx_word' id='word_1_76' title='bbox 1394 1513 1429 1567; x_wconf 94' lang='lat' dir='ltr'><strong>et</strong></span> 
     </span>
     <span class='ocr_line' id='line_1_10' title="bbox 279 1607 1430 1690; baseline 0.001 -21"><span class='ocrx_word' id='word_1_77' title='bbox 279 1608 326 1669; x_wconf 88' lang='lat' dir='ltr'><strong>cis</strong></span> <span class='ocrx_word' id='word_1_78' title='bbox 342 1628 484 1686; x_wconf 87' lang='lat' dir='ltr'><strong>annexa,</strong></span> <span class='ocrx_word' id='word_1_79' title='bbox 494 1618 570 1672; x_wconf 93' lang='lat' dir='ltr'><strong>tunc</strong></span> <span class='ocrx_word' id='word_1_80' title='bbox 585 1609 612 1670; x_wconf 95' lang='lat' dir='ltr'><strong>si</strong></span> <span class='ocrx_word' id='word_1_81' title='bbox 630 1607 687 1672; x_wconf 92' lang='lat' dir='ltr'><strong>Sol</strong></span> <span class='ocrx_word' id='word_1_82' title='bbox 704 1607 856 1672; x_wconf 88' lang='lat' dir='ltr'><strong>habuerit</strong></span> <span class='ocrx_word' id='word_1_83' title='bbox 871 1608 965 1690; x_wconf 92' lang='lat' dir='ltr'><strong>plura</strong></span> <span class='ocrx_word' id='word_1_84' title='bbox 975 1608 1164 1671; x_wconf 89' lang='lat' dir='ltr'><strong>testimonia</strong></span> <span class='ocrx_word' id='word_1_85' title='bbox 1178 1616 1212 1671; x_wconf 92' lang='lat' dir='ltr'><strong>et</strong></span> <span class='ocrx_word' id='word_1_86' title='bbox 1221 1607 1430 1671; x_wconf 86' lang='lat' dir='ltr'><strong>fortitudines</strong></span> 
     </span>
     <span class='ocr_line' id='line_1_11' title="bbox 280 1710 1428 1793; baseline 0.001 -20"><span class='ocrx_word' id='word_1_87' title='bbox 280 1711 479 1792; x_wconf 88' lang='lat' dir='ltr'><strong>hujusmodi,</strong></span> <span class='ocrx_word' id='word_1_88' title='bbox 500 1712 601 1776; x_wconf 91' lang='lat' dir='ltr'><strong>debet</strong></span> <span class='ocrx_word' id='word_1_89' title='bbox 620 1710 769 1793; x_wconf 87' lang='lat' dir='ltr'><strong>judicare</strong></span> <span class='ocrx_word' id='word_1_90' title='bbox 791 1711 972 1776; x_wconf 86' lang='lat' dir='ltr'><strong>secundum</strong></span> <span class='ocrx_word' id='word_1_91' title='bbox 995 1711 1264 1793; x_wconf 88' lang='lat' dir='ltr'><strong>complexionem</strong></span> <span class='ocrx_word' id='word_1_92' title='bbox 1287 1710 1428 1774; x_wconf 91' lang='lat' dir='ltr'><strong>solarem</strong></span> 
     </span>
     <span class='ocr_line' id='line_1_12' title="bbox 279 1814 1428 1898; baseline -0.001 -20"><span class='ocrx_word' id='word_1_93' title='bbox 279 1815 311 1878; x_wconf 92' lang='lat' dir='ltr'><strong>in</strong></span> <span class='ocrx_word' id='word_1_94' title='bbox 330 1817 437 1893; x_wconf 75' lang='lat' dir='ltr'><strong>rebuS,</strong></span> <span class='ocrx_word' id='word_1_95' title='bbox 454 1819 598 1898; x_wconf 89' lang='lat' dir='ltr'><strong>eoquod</strong></span> <span class='ocrx_word' id='word_1_96' title='bbox 621 1815 676 1879; x_wconf 88' lang='lat' dir='ltr'><strong>illa</strong></span> <span class='ocrx_word' id='word_1_97' title='bbox 694 1816 882 1879; x_wconf 90' lang='lat' dir='ltr'><strong>dominatur</strong></span> <span class='ocrx_word' id='word_1_98' title='bbox 896 1816 929 1879; x_wconf 91' lang='lat' dir='ltr'><strong>in</strong></span> <span class='ocrx_word' id='word_1_99' title='bbox 951 1815 1019 1893; x_wconf 91' lang='lat' dir='ltr'><strong>eis;</strong></span> <span class='ocrx_word' id='word_1_100' title='bbox 1041 1817 1137 1879; x_wconf 89' lang='lat' dir='ltr'><strong>etsie</strong></span> <span class='ocrx_word' id='word_1_101' title='bbox 1159 1817 1203 1878; x_wconf 91' lang='lat' dir='ltr'><strong>de</strong></span> <span class='ocrx_word' id='word_1_102' title='bbox 1224 1814 1305 1880; x_wconf 85' lang='lat' dir='ltr'><strong>aliis.</strong></span> <span class='ocrx_word' id='word_1_103' title='bbox 1351 1816 1428 1879; x_wconf 89' lang='lat' dir='ltr'><strong>Par-</strong></span> 
     </span>
     <span class='ocr_line' id='line_1_13' title="bbox 277 1918 1428 2002; baseline 0 -18"><span class='ocrx_word' id='word_1_104' title='bbox 277 1920 422 1984; x_wconf 90' lang='lat' dir='ltr'><strong>ticularis</strong></span> <span class='ocrx_word' id='word_1_105' title='bbox 442 1941 520 1984; x_wconf 91' lang='lat' dir='ltr'><strong>vero</strong></span> <span class='ocrx_word' id='word_1_106' title='bbox 543 1921 763 1984; x_wconf 86' lang='lat' dir='ltr'><strong>consideratio</strong></span> <span class='ocrx_word' id='word_1_107' title='bbox 784 1929 818 1983; x_wconf 90' lang='lat' dir='ltr'><strong>et</strong></span> <span class='ocrx_word' id='word_1_108' title='bbox 841 1919 992 2002; x_wconf 89' lang='lat' dir='ltr'><strong>specialis</strong></span> <span class='ocrx_word' id='word_1_109' title='bbox 1015 1920 1047 1981; x_wconf 93' lang='lat' dir='ltr'><strong>in</strong></span> <span class='ocrx_word' id='word_1_110' title='bbox 1070 1918 1208 2001; x_wconf 85' lang='lat' dir='ltr'><strong>singulis</strong></span> <span class='ocrx_word' id='word_1_111' title='bbox 1227 1919 1331 1984; x_wconf 88' lang='lat' dir='ltr'><strong>habet</strong></span> <span class='ocrx_word' id='word_1_112' title='bbox 1350 1940 1428 1984; x_wconf 88' lang='lat' dir='ltr'><strong>suas</strong></span> 
     </span>
     <span class='ocr_line' id='line_1_14' title="bbox 279 2023 1428 2108; baseline 0.001 -22"><span class='ocrx_word' id='word_1_113' title='bbox 279 2023 370 2108; x_wconf 86' lang='lat' dir='ltr'><strong>leges</strong></span> <span class='ocrx_word' id='word_1_114' title='bbox 388 2026 622 2089; x_wconf 89' lang='lat' dir='ltr'><strong>determinatas</strong></span> <span class='ocrx_word' id='word_1_115' title='bbox 642 2026 821 2088; x_wconf 89' lang='lat' dir='ltr'><strong>secundum</strong></span> <span class='ocrx_word' id='word_1_116' title='bbox 843 2045 951 2088; x_wconf 93' lang='lat' dir='ltr'><strong>rerum</strong></span> <span class='ocrx_word' id='word_1_117' title='bbox 973 2024 1208 2088; x_wconf 88' lang='lat' dir='ltr'><strong>conditionem.</strong></span> <span class='ocrx_word' id='word_1_118' title='bbox 1254 2023 1300 2086; x_wconf 91' lang='lat' dir='ltr'><strong>Et</strong></span> <span class='ocrx_word' id='word_1_119' title='bbox 1317 2032 1428 2105; x_wconf 86' lang='lat' dir='ltr'><strong>potest</strong></span> 
     </span>
     <span class='ocr_line' id='line_1_15' title="bbox 279 2127 1429 2212; baseline 0 -22"><span class='ocrx_word' id='word_1_120' title='bbox 279 2128 380 2192; x_wconf 92' lang='lat' dir='ltr'><strong>homo</strong></span> <span class='ocrx_word' id='word_1_121' title='bbox 397 2129 563 2193; x_wconf 90' lang='lat' dir='ltr'><strong>revolvere</strong></span> <span class='ocrx_word' id='word_1_122' title='bbox 579 2129 750 2192; x_wconf 87' lang='lat' dir='ltr'><strong>historiam</strong></span> <span class='ocrx_word' id='word_1_123' title='bbox 763 2130 804 2193; x_wconf 94' lang='lat' dir='ltr'><strong>ad</strong></span> <span class='ocrx_word' id='word_1_124' title='bbox 818 2139 971 2212; x_wconf 90' lang='lat' dir='ltr'><strong>tempora</strong></span> <span class='ocrx_word' id='word_1_125' title='bbox 982 2128 1167 2211; x_wconf 86' lang='lat' dir='ltr'><strong>praeterita,</strong></span> <span class='ocrx_word' id='word_1_126' title='bbox 1176 2137 1210 2191; x_wconf 92' lang='lat' dir='ltr'><strong>et</strong></span> <span class='ocrx_word' id='word_1_127' title='bbox 1220 2127 1429 2191; x_wconf 91' lang='lat' dir='ltr'><strong>considerare</strong></span> 
     </span>
     <span class='ocr_line' id='line_1_16' title="bbox 278 2230 1429 2316; baseline 0 -22"><span class='ocrx_word' id='word_1_128' title='bbox 278 2230 416 2297; x_wconf 83' lang='lat' dir='ltr'><strong>effectus</strong></span> <span class='ocrx_word' id='word_1_129' title='bbox 441 2233 607 2296; x_wconf 90' lang='lat' dir='ltr'><strong>coelorum</strong></span> <span class='ocrx_word' id='word_1_130' title='bbox 631 2255 651 2297; x_wconf 90' lang='lat' dir='ltr'><strong>a</strong></span> <span class='ocrx_word' id='word_1_131' title='bbox 674 2233 836 2316; x_wconf 91' lang='lat' dir='ltr'><strong>principio</strong></span> <span class='ocrx_word' id='word_1_132' title='bbox 862 2232 987 2312; x_wconf 89' lang='lat' dir='ltr'><strong>mundi,</strong></span> <span class='ocrx_word' id='word_1_133' title='bbox 1008 2243 1046 2295; x_wconf 91' lang='lat' dir='ltr'><strong>ut</strong></span> <span class='ocrx_word' id='word_1_134' title='bbox 1072 2241 1149 2296; x_wconf 93' lang='lat' dir='ltr'><strong>sunt</strong></span> <span class='ocrx_word' id='word_1_135' title='bbox 1172 2231 1305 2303; x_wconf 89' lang='lat' dir='ltr'><strong>diluvia,</strong></span> <span class='ocrx_word' id='word_1_136' title='bbox 1324 2241 1429 2295; x_wconf 89' lang='lat' dir='ltr'><strong>terrae</strong></span> 
     </span>
     <span class='ocr_line' id='line_1_17' title="bbox 281 2333 1429 2419; baseline -0.001 -20"><span class='ocrx_word' id='word_1_137' title='bbox 281 2346 401 2416; x_wconf 89' lang='lat' dir='ltr'><strong>motus,</strong></span> <span class='ocrx_word' id='word_1_138' title='bbox 420 2338 634 2419; x_wconf 87' lang='lat' dir='ltr'><strong>pestilentiae,</strong></span> <span class='ocrx_word' id='word_1_139' title='bbox 658 2337 771 2414; x_wconf 91' lang='lat' dir='ltr'><strong>sames,</strong></span> <span class='ocrx_word' id='word_1_140' title='bbox 793 2347 954 2414; x_wconf 89' lang='lat' dir='ltr'><strong>cometae,</strong></span> <span class='ocrx_word' id='word_1_141' title='bbox 977 2344 1132 2411; x_wconf 91' lang='lat' dir='ltr'><strong>monstra,</strong></span> <span class='ocrx_word' id='word_1_142' title='bbox 1149 2345 1183 2399; x_wconf 93' lang='lat' dir='ltr'><strong>et</strong></span> <span class='ocrx_word' id='word_1_143' title='bbox 1206 2335 1269 2398; x_wconf 90' lang='lat' dir='ltr'><strong>alia</strong></span> <span class='ocrx_word' id='word_1_144' title='bbox 1291 2333 1429 2412; x_wconf 87' lang='lat' dir='ltr'><strong>infinita,</strong></span> 
     </span>
     <span class='ocr_line' id='line_1_18' title="bbox 278 2439 1428 2524; baseline -0.002 -20"><span class='ocrx_word' id='word_1_145' title='bbox 278 2462 365 2524; x_wconf 91' lang='lat' dir='ltr'><strong>quae</strong></span> <span class='ocrx_word' id='word_1_146' title='bbox 380 2443 589 2524; x_wconf 88' lang='lat' dir='ltr'><strong>contigerunt</strong></span> <span class='ocrx_word' id='word_1_147' title='bbox 609 2451 679 2505; x_wconf 91' lang='lat' dir='ltr'><strong>tam</strong></span> <span class='ocrx_word' id='word_1_148' title='bbox 700 2441 733 2504; x_wconf 95' lang='lat' dir='ltr'><strong>in</strong></span> <span class='ocrx_word' id='word_1_149' title='bbox 754 2441 851 2504; x_wconf 91' lang='lat' dir='ltr'><strong>rebus</strong></span> <span class='ocrx_word' id='word_1_150' title='bbox 868 2441 1021 2504; x_wconf 88' lang='lat' dir='ltr'><strong>humanis</strong></span> <span class='ocrx_word' id='word_1_151' title='bbox 1041 2461 1140 2523; x_wconf 89' lang='lat' dir='ltr'><strong>quam</strong></span> <span class='ocrx_word' id='word_1_152' title='bbox 1161 2441 1194 2503; x_wconf 95' lang='lat' dir='ltr'><strong>in</strong></span> <span class='ocrx_word' id='word_1_153' title='bbox 1215 2439 1428 2503; x_wconf 88' lang='lat' dir='ltr'><strong>naturalibus.</strong></span> 
     </span>
     <span class='ocr_line' id='line_1_19' title="bbox 279 2543 1429 2629; baseline -0.003 -20"><span class='ocrx_word' id='word_1_154' title='bbox 279 2547 408 2629; x_wconf 83' lang='lat' dir='ltr'><strong>Quibus</strong></span> <span class='ocrx_word' id='word_1_155' title='bbox 426 2546 636 2628; x_wconf 89' lang='lat' dir='ltr'><strong>comparatis,</strong></span> <span class='ocrx_word' id='word_1_156' title='bbox 653 2546 799 2609; x_wconf 89' lang='lat' dir='ltr'><strong>revolvat</strong></span> <span class='ocrx_word' id='word_1_157' title='bbox 824 2545 956 2609; x_wconf 88' lang='lat' dir='ltr'><strong>tabulas</strong></span> <span class='ocrx_word' id='word_1_158' title='bbox 977 2553 1011 2608; x_wconf 92' lang='lat' dir='ltr'><strong>et</strong></span> <span class='ocrx_word' id='word_1_159' title='bbox 1033 2565 1177 2608; x_wconf 88' lang='lat' dir='ltr'><strong>canones</strong></span> <span class='ocrx_word' id='word_1_160' title='bbox 1199 2543 1429 2618; x_wconf 91' lang='lat' dir='ltr'><strong>astronomiae,</strong></span> 
     </span>
     <span class='ocr_line' id='line_1_20' title="bbox 279 2647 1427 2733; baseline -0.001 -20"><span class='ocrx_word' id='word_1_161' title='bbox 279 2663 312 2716; x_wconf 92' lang='lat' dir='ltr'><strong>et</strong></span> <span class='ocrx_word' id='word_1_162' title='bbox 328 2651 471 2715; x_wconf 91' lang='lat' dir='ltr'><strong>inveniet</strong></span> <span class='ocrx_word' id='word_1_163' title='bbox 486 2649 753 2715; x_wconf 86' lang='lat' dir='ltr'><strong>constellationes</strong></span> <span class='ocrx_word' id='word_1_164' title='bbox 771 2650 921 2733; x_wconf 90' lang='lat' dir='ltr'><strong>proprias</strong></span> <span class='ocrx_word' id='word_1_165' title='bbox 940 2649 1079 2733; x_wconf 86' lang='lat' dir='ltr'><strong>singulis</strong></span> <span class='ocrx_word' id='word_1_166' title='bbox 1101 2647 1271 2714; x_wconf 85' lang='lat' dir='ltr'><strong>effectibus</strong></span> <span class='ocrx_word' id='word_1_167' title='bbox 1292 2669 1427 2731; x_wconf 89' lang='lat' dir='ltr'><strong>respon·</strong></span> 
     </span>
     <span class='ocr_line' id='line_1_21' title="bbox 278 2752 1428 2837; baseline -0.003 -18"><span class='ocrx_word' id='word_1_168' title='bbox 278 2757 365 2820; x_wconf 90' lang='lat' dir='ltr'><strong>dere.</strong></span> <span class='ocrx_word' id='word_1_169' title='bbox 411 2756 543 2819; x_wconf 91' lang='lat' dir='ltr'><strong>Deinde</strong></span> <span class='ocrx_word' id='word_1_170' title='bbox 558 2756 743 2820; x_wconf 91' lang='lat' dir='ltr'><strong>consideret</strong></span> <span class='ocrx_word' id='word_1_171' title='bbox 756 2775 814 2837; x_wconf 91' lang='lat' dir='ltr'><strong>per</strong></span> <span class='ocrx_word' id='word_1_172' title='bbox 823 2753 955 2819; x_wconf 89' lang='lat' dir='ltr'><strong>tabulas</strong></span> <span class='ocrx_word' id='word_1_173' title='bbox 966 2752 1152 2818; x_wconf 88' lang='lat' dir='ltr'><strong>consimiles</strong></span> <span class='ocrx_word' id='word_1_174' title='bbox 1162 2752 1428 2819; x_wconf 89' lang='lat' dir='ltr'><strong>constellationes</strong></span> 
     </span>
     <span class='ocr_line' id='line_1_22' title="bbox 278 2858 1428 2944; baseline -0.003 -21"><span class='ocrx_word' id='word_1_175' title='bbox 278 2861 312 2924; x_wconf 90' lang='lat' dir='ltr'><strong>in</strong></span> <span class='ocrx_word' id='word_1_176' title='bbox 328 2859 439 2924; x_wconf 86' lang='lat' dir='ltr'><strong>futuro</strong></span> <span class='ocrx_word' id='word_1_177' title='bbox 455 2872 605 2942; x_wconf 89' lang='lat' dir='ltr'><strong>tempore</strong></span> <span class='ocrx_word' id='word_1_178' title='bbox 620 2860 806 2944; x_wconf 91' lang='lat' dir='ltr'><strong>propinquo</strong></span> <span class='ocrx_word' id='word_1_179' title='bbox 820 2859 872 2923; x_wconf 93' lang='lat' dir='ltr'><strong>vel</strong></span> <span class='ocrx_word' id='word_1_180' title='bbox 894 2868 1023 2923; x_wconf 90' lang='lat' dir='ltr'><strong>remoto</strong></span> <span class='ocrx_word' id='word_1_181' title='bbox 1042 2859 1126 2923; x_wconf 93' lang='lat' dir='ltr'><strong>sicut</strong></span> <span class='ocrx_word' id='word_1_182' title='bbox 1142 2858 1233 2937; x_wconf 74' lang='lat' dir='ltr'><strong>vult,</strong></span> <span class='ocrx_word' id='word_1_183' title='bbox 1256 2868 1290 2921; x_wconf 94' lang='lat' dir='ltr'><strong>et</strong></span> <span class='ocrx_word' id='word_1_184' title='bbox 1305 2858 1428 2941; x_wconf 90' lang='lat' dir='ltr'><strong>poterit</strong></span> 
     </span>
     <span class='ocr_line' id='line_1_23' title="bbox 277 2961 1429 3047; baseline -0.003 -19"><span class='ocrx_word' id='word_1_185' title='bbox 277 2974 356 3029; x_wconf 91' lang='lat' dir='ltr'><strong>tunc</strong></span> <span class='ocrx_word' id='word_1_186' title='bbox 367 2965 580 3047; x_wconf 90' lang='lat' dir='ltr'><strong>pronuntiare</strong></span> <span class='ocrx_word' id='word_1_187' title='bbox 592 2966 624 3027; x_wconf 91' lang='lat' dir='ltr'><strong>in</strong></span> <span class='ocrx_word' id='word_1_188' title='bbox 636 2962 820 3041; x_wconf 81' lang='lat' dir='ltr'><strong>effectibus,</strong></span> <span class='ocrx_word' id='word_1_189' title='bbox 831 2964 887 3046; x_wconf 88' lang='lat' dir='ltr'><strong>qui</strong></span> <span class='ocrx_word' id='word_1_190' title='bbox 901 2963 1088 3027; x_wconf 91' lang='lat' dir='ltr'><strong>consimiles</strong></span> <span class='ocrx_word' id='word_1_191' title='bbox 1097 2974 1192 3028; x_wconf 90' lang='lat' dir='ltr'><strong>erunt</strong></span> <span class='ocrx_word' id='word_1_192' title='bbox 1201 2963 1287 3027; x_wconf 92' lang='lat' dir='ltr'><strong>sicut</strong></span> <span class='ocrx_word' id='word_1_193' title='bbox 1298 2961 1429 3026; x_wconf 86' lang='lat' dir='ltr'><strong>luerunt</strong></span> 
     </span>
     <span class='ocr_line' id='line_1_24' title="bbox 278 3068 1145 3153; baseline -0.001 -22"><span class='ocrx_word' id='word_1_194' title='bbox 278 3070 309 3132; x_wconf 94' lang='lat' dir='ltr'><strong>in</strong></span> <span class='ocrx_word' id='word_1_195' title='bbox 324 3071 510 3153; x_wconf 88' lang='lat' dir='ltr'><strong>praeterito,</strong></span> <span class='ocrx_word' id='word_1_196' title='bbox 525 3070 603 3151; x_wconf 89' lang='lat' dir='ltr'><strong>quia</strong></span> <span class='ocrx_word' id='word_1_197' title='bbox 618 3068 725 3151; x_wconf 89' lang='lat' dir='ltr'><strong>posita</strong></span> <span class='ocrx_word' id='word_1_198' title='bbox 739 3089 837 3133; x_wconf 88' lang='lat' dir='ltr'><strong>causa</strong></span> <span class='ocrx_word' id='word_1_199' title='bbox 852 3070 984 3152; x_wconf 91' lang='lat' dir='ltr'><strong>ponitur</strong></span> <span class='ocrx_word' id='word_1_200' title='bbox 998 3068 1145 3133; x_wconf 85' lang='lat' dir='ltr'><strong>effectus.</strong></span> 
     </span>
    </p>

    <p class='ocr_par' dir='ltr' id='par_1_3' title="bbox 274 3170 1595 4719">
     <span class='ocr_line' id='line_1_25' title="bbox 323 3170 1595 3255; baseline 0.002 -18"><span class='ocrx_word' id='word_1_201' title='bbox 323 3175 369 3239; x_wconf 91' lang='lat' dir='ltr'><strong>Et</strong></span> <span class='ocrx_word' id='word_1_202' title='bbox 395 3176 533 3237; x_wconf 89' lang='lat' dir='ltr'><strong>istorum</strong></span> <span class='ocrx_word' id='word_1_203' title='bbox 557 3172 756 3255; x_wconf 89' lang='lat' dir='ltr'><strong>judiciorum</strong></span> <span class='ocrx_word' id='word_1_204' title='bbox 788 3173 1025 3237; x_wconf 91' lang='lat' dir='ltr'><strong>introductoria</strong></span> <span class='ocrx_word' id='word_1_205' title='bbox 1046 3171 1210 3236; x_wconf 93' lang='lat' dir='ltr'><strong>habentur</strong></span> <span class='ocrx_word' id='word_1_206' title='bbox 1231 3170 1428 3236; x_wconf 86' lang='lat' dir='ltr'><strong>sufficienter</strong></span> <span class='ocrx_word' id='word_1_207' title='bbox 1440 3190 1595 3240; x_wconf 77' lang='lat' dir='ltr'><strong>nuthorities</strong></span> 
     </span>
     <span class='ocr_line' id='line_1_26' title="bbox 278 3255 1595 3385; baseline -0.002 -44"><span class='ocrx_word' id='word_1_208' title='bbox 278 3300 322 3341; x_wconf 90' lang='lat' dir='ltr'><strong>ex</strong></span> <span class='ocrx_word' id='word_1_209' title='bbox 346 3278 430 3341; x_wconf 95' lang='lat' dir='ltr'><strong>libro</strong></span> <span class='ocrx_word' id='word_1_210' title='bbox 453 3277 659 3340; x_wconf 87' lang='lat' dir='ltr'><strong>Albumazar</strong></span> <span class='ocrx_word' id='word_1_211' title='bbox 680 3278 815 3361; x_wconf 92' lang='lat' dir='ltr'><strong>proprio</strong></span> <span class='ocrx_word' id='word_1_212' title='bbox 838 3278 881 3341; x_wconf 91' lang='lat' dir='ltr'><strong>ad</strong></span> <span class='ocrx_word' id='word_1_213' title='bbox 905 3277 978 3350; x_wconf 93' lang='lat' dir='ltr'><strong>hoc,</strong></span> <span class='ocrx_word' id='word_1_214' title='bbox 996 3288 1031 3341; x_wconf 92' lang='lat' dir='ltr'><strong>et</strong></span> <span class='ocrx_word' id='word_1_215' title='bbox 1052 3296 1097 3339; x_wconf 89' lang='lat' dir='ltr'><strong>ex</strong></span> <span class='ocrx_word' id='word_1_216' title='bbox 1120 3274 1204 3340; x_wconf 92' lang='lat' dir='ltr'><strong>libro</strong></span> <span class='ocrx_word' id='word_1_217' title='bbox 1224 3274 1378 3352; x_wconf 85' lang='lat' dir='ltr'><strong>Alkabiz,</strong></span> <span class='ocrx_word' id='word_1_218' title='bbox 1394 3286 1427 3339; x_wconf 92' lang='lat' dir='ltr'><strong>et</strong></span> <span class='ocrx_word' id='word_1_219' title='bbox 1438 3255 1526 3385; x_wconf 51' lang='lat' dir='ltr'><strong>15³th⁶</strong></span> <span class='ocrx_word' id='word_1_220' title='bbox 1539 3258 1595 3305; x_wconf 52' lang='lat'><strong>⁵¹¹¹*</strong></span> 
     </span>
     <span class='ocr_line' id='line_1_27' title="bbox 279 3380 1427 3465; baseline -0.004 -19"><span class='ocrx_word' id='word_1_221' title='bbox 279 3382 372 3465; x_wconf 87' lang='lat' dir='ltr'><strong>Haly</strong></span> <span class='ocrx_word' id='word_1_222' title='bbox 388 3381 589 3463; x_wconf 83' lang='lat' dir='ltr'><strong>Abenragel.</strong></span> <span class='ocrx_word' id='word_1_223' title='bbox 636 3380 704 3445; x_wconf 87' lang='lat' dir='ltr'><strong>Sed</strong></span> <span class='ocrx_word' id='word_1_224' title='bbox 722 3382 849 3445; x_wconf 88' lang='lat' dir='ltr'><strong>radices</strong></span> <span class='ocrx_word' id='word_1_225' title='bbox 865 3380 1035 3462; x_wconf 90' lang='lat' dir='ltr'><strong>judicandi</strong></span> <span class='ocrx_word' id='word_1_226' title='bbox 1057 3389 1223 3465; x_wconf 91' lang='lat' dir='ltr'><strong>ponuntur</strong></span> <span class='ocrx_word' id='word_1_227' title='bbox 1242 3381 1275 3443; x_wconf 93' lang='lat' dir='ltr'><strong>in</strong></span> <span class='ocrx_word' id='word_1_228' title='bbox 1295 3390 1427 3442; x_wconf 88' lang='lat' dir='ltr'><strong>centum</strong></span> 
     </span>
     <span class='ocr_line' id='line_1_28' title="bbox 279 3482 1429 3567; baseline -0.003 -17"><span class='ocrx_word' id='word_1_229' title='bbox 279 3487 388 3550; x_wconf 87' lang='lat' dir='ltr'><strong>verbis</strong></span> <span class='ocrx_word' id='word_1_230' title='bbox 405 3485 596 3564; x_wconf 90' lang='lat' dir='ltr'><strong>Ptolemaei,</strong></span> <span class='ocrx_word' id='word_1_231' title='bbox 611 3486 667 3567; x_wconf 91' lang='lat' dir='ltr'><strong>qui</strong></span> <span class='ocrx_word' id='word_1_232' title='bbox 683 3494 733 3548; x_wconf 90' lang='lat' dir='ltr'><strong>est</strong></span> <span class='ocrx_word' id='word_1_233' title='bbox 750 3486 920 3567; x_wconf 92' lang='lat' dir='ltr'><strong>potentior</strong></span> <span class='ocrx_word' id='word_1_234' title='bbox 936 3486 968 3548; x_wconf 95' lang='lat' dir='ltr'><strong>in</strong></span> <span class='ocrx_word' id='word_1_235' title='bbox 987 3484 1198 3567; x_wconf 90' lang='lat' dir='ltr'><strong>philosophia</strong></span> <span class='ocrx_word' id='word_1_236' title='bbox 1218 3482 1429 3567; x_wconf 84' lang='lat' dir='ltr'><strong>speculativa</strong></span> 
     </span>
     <span class='ocr_line' id='line_1_29' title="bbox 279 3588 1428 3673; baseline -0.004 -18"><span class='ocrx_word' id='word_1_237' title='bbox 279 3593 377 3655; x_wconf 88' lang='lat' dir='ltr'><strong>Rami</strong></span> <span class='ocrx_word' id='word_1_238' title='bbox 400 3612 479 3655; x_wconf 90' lang='lat' dir='ltr'><strong>vero</strong></span> <span class='ocrx_word' id='word_1_239' title='bbox 502 3590 722 3655; x_wconf 89' lang='lat' dir='ltr'><strong>extrahuntur</strong></span> <span class='ocrx_word' id='word_1_240' title='bbox 744 3590 777 3653; x_wconf 92' lang='lat' dir='ltr'><strong>in</strong></span> <span class='ocrx_word' id='word_1_241' title='bbox 801 3590 1043 3673; x_wconf 89' lang='lat' dir='ltr'><strong>quadripartito</strong></span> <span class='ocrx_word' id='word_1_242' title='bbox 1067 3589 1259 3662; x_wconf 88' lang='lat' dir='ltr'><strong>Ptolemaei,</strong></span> <span class='ocrx_word' id='word_1_243' title='bbox 1281 3597 1318 3651; x_wconf 90' lang='lat' dir='ltr'><strong>ut</strong></span> <span class='ocrx_word' id='word_1_244' title='bbox 1341 3588 1428 3652; x_wconf 90' lang='lat' dir='ltr'><strong>idem</strong></span> 
     </span>
     <span class='ocr_line' id='line_1_30' title="bbox 277 3692 1429 3775; baseline -0.002 -17"><span class='ocrx_word' id='word_1_245' title='bbox 277 3696 400 3759; x_wconf 90' lang='lat' dir='ltr'><strong>dicunt.</strong></span> <span class='ocrx_word' id='word_1_246' title='bbox 446 3695 647 3759; x_wconf 87' lang='lat' dir='ltr'><strong>Floresvero</strong></span> <span class='ocrx_word' id='word_1_247' title='bbox 662 3704 697 3758; x_wconf 91' lang='lat' dir='ltr'><strong>et</strong></span> <span class='ocrx_word' id='word_1_248' title='bbox 712 3692 837 3758; x_wconf 81' lang='lat' dir='ltr'><strong>fructus</strong></span> <span class='ocrx_word' id='word_1_249' title='bbox 852 3695 885 3757; x_wconf 93' lang='lat' dir='ltr'><strong>in</strong></span> <span class='ocrx_word' id='word_1_250' title='bbox 901 3694 1014 3757; x_wconf 87' lang='lat' dir='ltr'><strong>multis</strong></span> <span class='ocrx_word' id='word_1_251' title='bbox 1023 3694 1096 3757; x_wconf 88' lang='lat' dir='ltr'><strong>aliis</strong></span> <span class='ocrx_word' id='word_1_252' title='bbox 1107 3693 1199 3757; x_wconf 94' lang='lat' dir='ltr'><strong>libris</strong></span> <span class='ocrx_word' id='word_1_253' title='bbox 1210 3693 1429 3775; x_wconf 82' lang='lat' dir='ltr'><strong>colliguntur3</strong></span> 
     </span>
     <span class='ocr_line' id='line_1_31' title="bbox 276 3797 1426 3882; baseline -0.003 -19"><span class='ocrx_word' id='word_1_254' title='bbox 276 3802 335 3864; x_wconf 90' lang='lat' dir='ltr'><strong>sed</strong></span> <span class='ocrx_word' id='word_1_255' title='bbox 359 3801 535 3882; x_wconf 91' lang='lat' dir='ltr'><strong>praecipue</strong></span> <span class='ocrx_word' id='word_1_256' title='bbox 560 3799 593 3861; x_wconf 92' lang='lat' dir='ltr'><strong>in</strong></span> <span class='ocrx_word' id='word_1_257' title='bbox 619 3798 704 3863; x_wconf 92' lang='lat' dir='ltr'><strong>libro</strong></span> <span class='ocrx_word' id='word_1_258' title='bbox 722 3798 1000 3881; x_wconf 87' lang='lat' dir='ltr'><strong>Conjunctionum</strong></span> <span class='ocrx_word' id='word_1_259' title='bbox 1015 3797 1230 3873; x_wconf 86' lang='lat' dir='ltr'><strong>Albumazar,</strong></span> <span class='ocrx_word' id='word_1_260' title='bbox 1245 3798 1426 3861; x_wconf 88' lang='lat' dir='ltr'><strong>secundum</strong></span> 
     </span>
     <span class='ocr_line' id='line_1_32' title="bbox 275 3902 1427 3987; baseline -0.002 -20"><span class='ocrx_word' id='word_1_261' title='bbox 275 3906 365 3987; x_wconf 86' lang='lat' dir='ltr'><strong>quod</strong></span> <span class='ocrx_word' id='word_1_262' title='bbox 389 3903 538 3986; x_wconf 90' lang='lat' dir='ltr'><strong>pervenit</strong></span> <span class='ocrx_word' id='word_1_263' title='bbox 559 3903 658 3987; x_wconf 89' lang='lat' dir='ltr'><strong>hujus</strong></span> <span class='ocrx_word' id='word_1_264' title='bbox 680 3904 837 3969; x_wconf 88' lang='lat' dir='ltr'><strong>scientiae</strong></span> <span class='ocrx_word' id='word_1_265' title='bbox 864 3904 984 3968; x_wconf 90' lang='lat' dir='ltr'><strong>notitia</strong></span> <span class='ocrx_word' id='word_1_266' title='bbox 1005 3905 1047 3967; x_wconf 88' lang='lat' dir='ltr'><strong>ad</strong></span> <span class='ocrx_word' id='word_1_267' title='bbox 1070 3923 1187 3966; x_wconf 88' lang='lat' dir='ltr'><strong>manus</strong></span> <span class='ocrx_word' id='word_1_268' title='bbox 1210 3902 1427 3980; x_wconf 90' lang='lat' dir='ltr'><strong>Latinorum;</strong></span> 
     </span>
     <span class='ocr_line' id='line_1_33' title="bbox 275 4006 1428 4090; baseline -0.001 -18"><span class='ocrx_word' id='word_1_269' title='bbox 275 4009 340 4073; x_wconf 91' lang='lat' dir='ltr'><strong>hoc</strong></span> <span class='ocrx_word' id='word_1_270' title='bbox 363 4011 447 4086; x_wconf 92' lang='lat' dir='ltr'><strong>dico,</strong></span> <span class='ocrx_word' id='word_1_271' title='bbox 470 4009 549 4090; x_wconf 91' lang='lat' dir='ltr'><strong>quia</strong></span> <span class='ocrx_word' id='word_1_272' title='bbox 570 4010 716 4072; x_wconf 89' lang='lat' dir='ltr'><strong>nondum</strong></span> <span class='ocrx_word' id='word_1_273' title='bbox 739 4008 863 4072; x_wconf 89' lang='lat' dir='ltr'><strong>habent</strong></span> <span class='ocrx_word' id='word_1_274' title='bbox 885 4008 1056 4073; x_wconf 89' lang='lat' dir='ltr'><strong>scientiam</strong></span> <span class='ocrx_word' id='word_1_275' title='bbox 1078 4006 1279 4089; x_wconf 87' lang='lat' dir='ltr'><strong>completam</strong></span> <span class='ocrx_word' id='word_1_276' title='bbox 1302 4008 1344 4071; x_wconf 93' lang='lat' dir='ltr'><strong>de</strong></span> <span class='ocrx_word' id='word_1_277' title='bbox 1366 4006 1428 4083; x_wconf 91' lang='lat' dir='ltr'><strong>his,</strong></span> 
     </span>
     <span class='ocr_line' id='line_1_34' title="bbox 274 4110 1426 4196; baseline -0.003 -19"><span class='ocrx_word' id='word_1_278' title='bbox 274 4114 352 4196; x_wconf 89' lang='lat' dir='ltr'><strong>quia</strong></span> <span class='ocrx_word' id='word_1_279' title='bbox 373 4113 484 4177; x_wconf 91' lang='lat' dir='ltr'><strong>Latini</strong></span> <span class='ocrx_word' id='word_1_280' title='bbox 508 4111 589 4175; x_wconf 92' lang='lat' dir='ltr'><strong>nihil</strong></span> <span class='ocrx_word' id='word_1_281' title='bbox 611 4115 700 4195; x_wconf 91' lang='lat' dir='ltr'><strong>quod</strong></span> <span class='ocrx_word' id='word_1_282' title='bbox 717 4113 806 4177; x_wconf 90' lang='lat' dir='ltr'><strong>valet</strong></span> <span class='ocrx_word' id='word_1_283' title='bbox 829 4112 954 4178; x_wconf 89' lang='lat' dir='ltr'><strong>habent</strong></span> <span class='ocrx_word' id='word_1_284' title='bbox 977 4113 1038 4177; x_wconf 89' lang='lat' dir='ltr'><strong>nisi</strong></span> <span class='ocrx_word' id='word_1_285' title='bbox 1062 4112 1106 4175; x_wconf 90' lang='lat' dir='ltr'><strong>ab</strong></span> <span class='ocrx_word' id='word_1_286' title='bbox 1132 4112 1204 4175; x_wconf 88' lang='lat' dir='ltr'><strong>aliis</strong></span> <span class='ocrx_word' id='word_1_287' title='bbox 1230 4110 1370 4193; x_wconf 83' lang='lat' dir='ltr'><strong>linguis3</strong></span> <span class='ocrx_word' id='word_1_288' title='bbox 1391 4118 1426 4174; x_wconf 90' lang='lat' dir='ltr'><strong>et</strong></span> 
     </span>
     <span class='ocr_line' id='line_1_35' title="bbox 277 4215 1425 4300; baseline -0.001 -21"><span class='ocrx_word' id='word_1_289' title='bbox 277 4218 373 4300; x_wconf 90' lang='lat' dir='ltr'><strong>pauci</strong></span> <span class='ocrx_word' id='word_1_290' title='bbox 396 4216 528 4281; x_wconf 89' lang='lat' dir='ltr'><strong>suerunt</strong></span> <span class='ocrx_word' id='word_1_291' title='bbox 549 4218 744 4298; x_wconf 88' lang='lat' dir='ltr'><strong>interpretes</strong></span> <span class='ocrx_word' id='word_1_292' title='bbox 766 4228 799 4281; x_wconf 91' lang='lat' dir='ltr'><strong>et</strong></span> <span class='ocrx_word' id='word_1_293' title='bbox 822 4219 900 4281; x_wconf 89' lang='lat' dir='ltr'><strong>mali</strong></span> <span class='ocrx_word' id='word_1_294' title='bbox 923 4228 961 4281; x_wconf 89' lang='lat' dir='ltr'><strong>ut</strong></span> <span class='ocrx_word' id='word_1_295' title='bbox 982 4218 1176 4282; x_wconf 88' lang='lat' dir='ltr'><strong>ostenditur.</strong></span> <span class='ocrx_word' id='word_1_296' title='bbox 1222 4215 1315 4279; x_wconf 90' lang='lat' dir='ltr'><strong>Libri</strong></span> <span class='ocrx_word' id='word_1_297' title='bbox 1338 4217 1425 4279; x_wconf 92' lang='lat' dir='ltr'><strong>enim</strong></span> 
     </span>
     <span class='ocr_line' id='line_1_36' title="bbox 279 4319 1427 4405; baseline 0 -20"><span class='ocrx_word' id='word_1_298' title='bbox 279 4322 509 4387; x_wconf 91' lang='lat' dir='ltr'><strong>Hebraeorum</strong></span> <span class='ocrx_word' id='word_1_299' title='bbox 521 4319 703 4385; x_wconf 88' lang='lat' dir='ltr'><strong>certificant</strong></span> <span class='ocrx_word' id='word_1_300' title='bbox 712 4321 754 4385; x_wconf 92' lang='lat' dir='ltr'><strong>de</strong></span> <span class='ocrx_word' id='word_1_301' title='bbox 767 4322 824 4398; x_wconf 86' lang='lat' dir='ltr'><strong>his,</strong></span> <span class='ocrx_word' id='word_1_302' title='bbox 833 4343 934 4405; x_wconf 90' lang='lat' dir='ltr'><strong>quam</strong></span> <span class='ocrx_word' id='word_1_303' title='bbox 946 4321 1215 4386; x_wconf 85' lang='lat' dir='ltr'><strong>certificationem</strong></span> <span class='ocrx_word' id='word_1_304' title='bbox 1226 4320 1427 4385; x_wconf 84' lang='lat' dir='ltr'><strong>Aristoteles</strong></span> 
     </span>
     <span class='ocr_line' id='line_1_37' title="bbox 276 4425 1427 4509; baseline -0.001 -19"><span class='ocrx_word' id='word_1_305' title='bbox 276 4425 496 4490; x_wconf 90' lang='lat' dir='ltr'><strong>consideravit</strong></span> <span class='ocrx_word' id='word_1_306' title='bbox 518 4433 552 4488; x_wconf 91' lang='lat' dir='ltr'><strong>et</strong></span> <span class='ocrx_word' id='word_1_307' title='bbox 579 4425 707 4508; x_wconf 84' lang='lat' dir='ltr'><strong>redegit</strong></span> <span class='ocrx_word' id='word_1_308' title='bbox 732 4427 764 4489; x_wconf 95' lang='lat' dir='ltr'><strong>in</strong></span> <span class='ocrx_word' id='word_1_309' title='bbox 788 4428 950 4509; x_wconf 86' lang='lat' dir='ltr'><strong>scriptura</strong></span> <span class='ocrx_word' id='word_1_310' title='bbox 975 4426 1112 4491; x_wconf 89' lang='lat' dir='ltr'><strong>Graeca.</strong></span> <span class='ocrx_word' id='word_1_311' title='bbox 1159 4426 1247 4489; x_wconf 91' lang='lat' dir='ltr'><strong>Nam</strong></span> <span class='ocrx_word' id='word_1_312' title='bbox 1265 4425 1427 4489; x_wconf 84' lang='lat' dir='ltr'><strong>Averroes</strong></span> 
     </span>
     <span class='ocr_line' id='line_1_38' title="bbox 276 4528 1427 4613; baseline -0.001 -19"><span class='ocrx_word' id='word_1_313' title='bbox 276 4531 357 4594; x_wconf 90' lang='lat' dir='ltr'><strong>dicit</strong></span> <span class='ocrx_word' id='word_1_314' title='bbox 367 4550 464 4613; x_wconf 89' lang='lat' dir='ltr'><strong>super</strong></span> <span class='ocrx_word' id='word_1_315' title='bbox 473 4540 627 4613; x_wconf 91' lang='lat' dir='ltr'><strong>quartum</strong></span> <span class='ocrx_word' id='word_1_316' title='bbox 639 4530 732 4595; x_wconf 90' lang='lat' dir='ltr'><strong>Coeli</strong></span> <span class='ocrx_word' id='word_1_317' title='bbox 743 4540 776 4594; x_wconf 93' lang='lat' dir='ltr'><strong>et</strong></span> <span class='ocrx_word' id='word_1_318' title='bbox 790 4532 910 4596; x_wconf 88' lang='lat' dir='ltr'><strong>Mundi</strong></span> <span class='ocrx_word' id='word_1_319' title='bbox 921 4534 1012 4613; x_wconf 90' lang='lat' dir='ltr'><strong>quod</strong></span> <span class='ocrx_word' id='word_1_320' title='bbox 1021 4529 1222 4595; x_wconf 87' lang='lat' dir='ltr'><strong>Aristoteles</strong></span> <span class='ocrx_word' id='word_1_321' title='bbox 1234 4528 1427 4594; x_wconf 88' lang='lat' dir='ltr'><strong>certificavit</strong></span> 
     </span>
     <span class='ocr_line' id='line_1_39' title="bbox 276 4633 1427 4719; baseline -0.001 -21"><span class='ocrx_word' id='word_1_322' title='bbox 276 4635 339 4699; x_wconf 90' lang='lat' dir='ltr'><strong>hoc</strong></span> <span class='ocrx_word' id='word_1_323' title='bbox 362 4635 394 4697; x_wconf 90' lang='lat' dir='ltr'><strong>in</strong></span> <span class='ocrx_word' id='word_1_324' title='bbox 417 4633 500 4698; x_wconf 93' lang='lat' dir='ltr'><strong>libro</strong></span> <span class='ocrx_word' id='word_1_325' title='bbox 523 4655 583 4698; x_wconf 88' lang='lat' dir='ltr'><strong>suo</strong></span> <span class='ocrx_word' id='word_1_326' title='bbox 606 4635 649 4699; x_wconf 93' lang='lat' dir='ltr'><strong>de</strong></span> <span class='ocrx_word' id='word_1_327' title='bbox 672 4636 940 4719; x_wconf 89' lang='lat' dir='ltr'><strong>impressionibus</strong></span> <span class='ocrx_word' id='word_1_328' title='bbox 966 4635 1174 4714; x_wconf 88' lang='lat' dir='ltr'><strong>coelestibus,</strong></span> <span class='ocrx_word' id='word_1_329' title='bbox 1192 4634 1249 4718; x_wconf 91' lang='lat' dir='ltr'><strong>qui</strong></span> <span class='ocrx_word' id='word_1_330' title='bbox 1274 4634 1356 4698; x_wconf 93' lang='lat' dir='ltr'><strong>liber</strong></span> <span class='ocrx_word' id='word_1_331' title='bbox 1376 4641 1427 4699; x_wconf 89' lang='lat' dir='ltr'><strong>est</strong></span> 
     </span>
    </p>
   </div>
   <div class='ocr_carea' id='block_1_3' title="bbox 0 0 1792 5375">
    <p class='ocr_par' dir='ltr' id='par_1_4' title="bbox 0 0 1792 5375">
     <span class='ocr_line' id='line_1_40' title="bbox 0 0 1792 5375; baseline 0 1"><span class='ocrx_word' id='word_1_332' title='bbox 0 0 1792 5375; x_wconf 95' lang='lat' dir='ltr'><strong> </strong></span> 
     </span>
    </p>
   </div>
  </div>
 </body>
</html>
