3575 5375
704 651 994 712 cananaeum.
1367 669 1428 732 359

275 835 418 880 oceanus
440 835 507 880 non
530 835 565 879 se
587 816 741 881 extendit
763 814 851 880 ultra
874 815 955 880 illud
979 837 1078 880 mare.
1122 815 1189 881 Sed
1215 837 1316 900 super
1340 815 1426 880 latus
1517 845 1524 862 ·

275 920 466 1002 aquilonare
481 919 575 984 istius
593 921 694 985 maris
715 921 908 985 immediate
929 931 1004 1004 post
1027 919 1187 1006 angulum
1213 921 1359 986 Sweciae
1375 932 1425 985 est

277 1023 437 1101 Estonia3
459 1023 581 1088 deinde
596 1023 735 1088 Livonia
750 1043 864 1090 versus
879 1025 1042 1090 orientem
1060 1025 1146 1090 illius
1163 1027 1262 1090 maris
1275 1050 1282 1101 ;
1306 1027 1425 1090 deinde

276 1128 421 1194 Curonia
451 1148 509 1192 scu
541 1127 722 1192 Curiandia
752 1125 948 1195 declinando
985 1129 1029 1194 ad
1064 1130 1282 1196 meridianum
1319 1129 1424 1203 latus3

274 1243 392 1315 postea
424 1231 554 1297 Prussia
584 1251 704 1315 magna
733 1243 822 1297 terra
852 1233 886 1296 in
925 1234 1109 1299 meridiano
1145 1233 1268 1310 latere;
1303 1233 1425 1298 deinde

275 1336 491 1414 Pomerania3
529 1345 646 1420 postea
677 1336 801 1417 Lubec,
831 1345 948 1420 portus
980 1359 1118 1422 magnus
1149 1347 1183 1402 et
1213 1337 1359 1402 famosus
1389 1338 1423 1402 in

274 1441 416 1505 confinio
432 1441 559 1506 Daciae
575 1452 608 1505 et
625 1440 802 1506 Saxoniae.
850 1443 888 1506 ln
910 1443 1020 1508 medio
1039 1463 1117 1508 vero
1138 1443 1232 1507 istius
1254 1443 1354 1507 maris
1374 1452 1425 1507 est

275 1544 381 1608 insula
393 1545 557 1627 quaedam
568 1565 655 1628 quae
666 1554 805 1609 vocatur
816 1544 1031 1613 Gothlandia.
1078 1548 1125 1612 Et
1139 1567 1237 1630 super
1251 1546 1424 1610 Livoniam

273 1648 317 1712 ad
332 1649 493 1714 orientem
503 1659 554 1714 est
564 1648 792 1714 Semi·Gallia.
825 1649 872 1714 Et
884 1652 965 1715 istas
977 1661 1087 1727 terrae,
1102 1652 1226 1716 scilicet
1240 1650 1424 1725 Estonlam,

275 1753 460 1829 Livoniam,
498 1753 763 1833 Semi-Galliam,
802 1752 993 1832 Curoniam,
1034 1755 1219 1822 circumdat
1257 1755 1424 1820 Leucovia

273 1859 450 1941 praedicta,
464 1868 499 1923 et
521 1879 595 1924 eam
615 1860 799 1924 circumdat
819 1859 939 1924 Russia
956 1879 1076 1944 magna
1096 1881 1140 1925 ex
1168 1869 1308 1943 utraque
1330 1867 1426 1944 parte

273 1963 352 2029 dicti
376 1964 484 2042 maris,
499 1971 533 2028 et
555 1963 752 2028 terminatur
770 1963 803 2028 in
824 1975 919 2046 parte
938 1965 1117 2029 meridiana
1137 1963 1180 2028 ad
1202 1963 1366 2027 Prussiam
1390 1971 1424 2026 et

274 2068 457 2134 Poloniam.
502 2068 640 2133 Polonia
658 2088 738 2132 vero
756 2067 847 2148 jacet
867 2070 912 2133 ad
935 2069 1106 2133 meridiem
1130 2066 1301 2142 Prussiae;
1323 2077 1357 2131 et
1380 2067 1421 2130 ad
1437 2070 1592 2147 Polaqdand

273 2173 445 2237 meridiem
459 2172 530 2255 ejus
538 2182 590 2237 est
601 2171 770 2248 Bohemia,
779 2171 901 2236 deinde
916 2171 1063 2237 Austria.
1096 2171 1142 2235 Et
1157 2171 1200 2234 ad
1216 2171 1422 2235 occidentem
1436 2137 1541 2187 pm*

271 2285 432 2341 terrarum
471 2277 607 2340 istarum
651 2285 701 2340 est
737 2274 949 2355 Alamannia,
989 2285 1023 2340 et
1060 2285 1177 2359 postea
1211 2275 1352 2339 Francia
1388 2283 1423 2340 et

275 2381 458 2462 Hispania;
479 2380 538 2444 sed
554 2378 618 2444 hae
633 2389 710 2445 sunt
723 2390 832 2459 notae,
844 2379 930 2446 facio
942 2389 1053 2448 tamen
1068 2380 1270 2446 mentionem
1286 2387 1424 2464 propter

271 2483 362 2548 alias.
406 2481 466 2546 Ad
489 2483 649 2548 orientem
668 2482 826 2550 Austriae
846 2496 883 2550 et
907 2485 1087 2550 Bohemiae
1107 2494 1158 2550 est
1182 2483 1363 2568 Hungaria,
1378 2483 1421 2548 ad

271 2607 371 2671 quarn
387 2586 601 2653 occidentalis
617 2607 693 2673 pars
709 2587 874 2654 Albaniae
890 2590 1069 2655 descendit.
1115 2589 1204 2654 Nam
1220 2590 1309 2654 cadit
1324 2609 1423 2674 super

271 2692 464 2757 Danubium
483 2693 540 2777 qui
559 2691 633 2757 fluit
657 2712 718 2776 per
738 2696 885 2760 medium
908 2695 1110 2781 Hungariae,
1127 2704 1161 2760 et
1185 2694 1271 2759 ultra
1292 2714 1365 2758 eam
1388 2696 1421 2758 in

272 2818 362 2862 mare
379 2798 553 2862 Ponticum
569 2818 629 2882 per
642 2797 820 2863 duodecim
843 2800 930 2864 ostia
945 2820 1076 2884 magna.
1124 2800 1163 2865 ln
1179 2800 1322 2863 termino
1343 2818 1423 2863 vero
1436 2808 1566 2877 Hungaq.

271 2902 464 2985 Hungariae
480 2902 648 2967 orientalis
665 2923 685 2967 a
701 2914 797 2988 parte
811 2905 976 2986 aquilonis
1002 2904 1143 2969 occurrit
1164 2903 1246 2969 haec
1263 2903 1422 2981 Albania,

270 3017 502 3090 contraquam
518 3008 561 3071 ad
578 3008 748 3073 meridiem
767 3008 916 3073 Danubii
937 3019 1014 3074 sunt
1033 3008 1147 3073 Balchi
1171 3017 1205 3073 et
1227 3008 1373 3091 Bulgari,
1388 3017 1422 3072 et

271 3110 586 3196 Constantinopolis,
605 3132 692 3195 quae
714 3121 822 3176 terrae
840 3114 1024 3196 antiquitus
1046 3113 1251 3178 vocabantur
1271 3112 1422 3177 Thracia.
1434 3124 1538 3177 Thrace.

270 3214 420 3280 Albania
443 3216 545 3299 igitur
566 3215 781 3280 occidentalis
798 3218 991 3281 extenditur
1008 3237 1029 3279 a
1050 3215 1208 3281 Danubio
1229 3226 1304 3299 post
1321 3214 1419 3279 linem

271 3319 464 3403 Hungariae
478 3338 592 3383 versus
611 3320 784 3395 orientem,
801 3320 963 3402 usquead
986 3319 1109 3384 flumen
1126 3317 1279 3396 Tanaim,
1295 3317 1421 3383 habens

270 3424 457 3490 cessariam
473 3444 494 3487 a
509 3425 647 3489 meridie
665 3436 699 3489 et
715 3424 896 3499 Balchiam,
912 3436 946 3489 et
962 3424 1162 3507 Bulgariam,
1177 3436 1210 3489 et
1227 3423 1421 3491 Constanti·

269 3528 438 3612 nopolim;
459 3526 504 3592 ab
519 3546 638 3593 occasu
653 3548 732 3593 vero
745 3526 954 3611 Hungariam
970 3538 1002 3594 et
1020 3528 1201 3606 Poloniam,
1214 3540 1247 3592 et
1263 3530 1419 3592 extremi-

268 3644 374 3697 tatem
413 3630 574 3707 Russiae3
618 3632 662 3695 ab
697 3631 852 3713 aquilone
892 3631 993 3698 habet
1030 3640 1138 3697 totam
1177 3632 1419 3715 longitudinem

269 3737 420 3801 Russlae.

314 3842 358 3905 Et
374 3841 462 3904 ultra
478 3839 631 3905 Ruasiam
647 3840 690 3905 ad
706 3839 897 3925 aquilonem
911 3852 963 3906 est
985 3861 1067 3925 gens
1089 3839 1318 3924 Hyperborea,
1334 3860 1420 3925 quae
1433 3840 1488 3893 The
1501 3842 1555 3907 Hy·

268 3947 315 4012 sic
337 3945 525 4009 nominatur
543 3964 563 4007 a
585 3944 754 4010 montibus
777 3946 916 4028 magnis,
938 3946 994 4029 qui
1017 3957 1178 4011 vocantur
1197 3944 1418 4029 Hyperborei.
1433 3908 1588 3974 perbonam.

270 4052 316 4115 Et
339 4050 420 4115 haec
444 4070 526 4134 gens
551 4058 689 4133 propter
705 4050 791 4115 aeris
811 4050 1041 4115 salubritatem
1061 4050 1143 4114 vivit
1165 4048 1198 4113 in
1213 4050 1324 4132 sylvis,
1338 4070 1419 4132 gens

268 4156 429 4237 longaeva
452 4172 625 4236 usquequo
650 4153 819 4218 fastidiant
842 4162 993 4228 mortem,
1017 4154 1218 4239 optimarum
1243 4164 1420 4219 consuetu-

268 4260 392 4336 dinum,
407 4277 490 4341 gens
507 4258 622 4338 quieta
636 4265 671 4320 et
691 4256 839 4340 pacifica,
855 4258 935 4322 nulli
952 4278 1083 4335 nocens,
1099 4278 1158 4322 nec
1176 4259 1219 4322 ab
1235 4258 1302 4321 alia
1319 4268 1419 4341 gente

269 4361 470 4425 molestatur.
518 4359 587 4426 Sed
609 4360 665 4424 alii
694 4360 888 4444 confugiunt
911 4361 954 4425 ad
984 4381 1058 4425 earn
1089 4362 1173 4427 sicut
1202 4363 1245 4425 ad
1278 4362 1418 4443 asylum.

269 4463 420 4549 Qualiter
441 4474 553 4528 autem
575 4474 687 4547 potest
710 4464 802 4549 regio
830 4464 878 4530 ibi
909 4484 983 4530 esse
1012 4466 1299 4549 temperatissima,
1323 4466 1417 4548 tetigi

268 4570 358 4653 prius
381 4568 414 4631 in
437 4567 726 4650 complexionibus
756 4569 904 4635 locorum
935 4570 1059 4635 mundi.
1107 4570 1151 4633 Et
1182 4570 1227 4636 sic
1257 4568 1419 4635 habemus

269 4674 418 4757 regiones
432 4672 640 4757 aquilonares
656 4674 690 4738 in
706 4674 841 4757 Europa
855 4672 1028 4739 notabiles.
