3575 5375
367 618 409 677 34
574 603 728 663 OPERIS
752 603 940 673 MAJORIS
965 603 1079 662 PARS
1103 605 1314 664 SECUNDA.

369 776 583 850 apparentem
606 778 641 831 et
663 767 790 845 falsam,
818 769 908 833 unde
939 789 975 832 se
996 768 1211 834 aestimantes
1234 770 1402 852 sapientes
1426 770 1519 834 stulti

367 870 446 936 facti
461 881 538 935 sunt
550 874 732 936 secundum
745 874 953 955 scripturam.
991 872 1203 956 Augustinus
1214 873 1353 957 loquens
1369 875 1413 939 de
1428 895 1520 939 sacra

366 976 528 1060 scriptura
542 976 622 1040 dicit
637 977 723 1040 libro
739 977 885 1039 secundo
900 977 943 1040 de
963 978 1113 1040 doctrina
1130 976 1325 1055 Christiana,
1341 979 1388 1041 ‘si
1404 998 1518 1042 verum

366 1090 426 1158 est,
448 1080 501 1142 hic
525 1081 707 1156 invenitur3
736 1081 763 1144 si
786 1082 999 1159 contrarium,
1020 1080 1216 1145 damnatur!
1264 1082 1310 1146 Et
1330 1083 1401 1146 vult
1426 1085 1518 1165 quod

365 1185 554 1267 ubicunque
566 1185 725 1249 invenerit
737 1184 951 1260 Christianus,
964 1186 1101 1249 Domini
1110 1186 1160 1249 sui
1170 1186 1333 1269 intelligat
1344 1188 1519 1251 veritatem

365 1310 446 1354 esse.
491 1289 623 1353 Veritas
655 1289 735 1370 Jesu
763 1288 887 1353 Christi
912 1298 963 1353 est
988 1291 1152 1372 sapientia
1179 1310 1294 1355 sacrae
1324 1291 1518 1375 scripturae.

367 1392 459 1475 Ergo
475 1413 542 1456 non
556 1392 635 1457 alibi
651 1394 770 1459 veritas
785 1404 845 1467 est,
861 1394 923 1457 nisi
939 1414 1024 1476 quae
1040 1395 1074 1457 in
1093 1393 1149 1458 illa
1168 1395 1357 1459 continetur
1371 1396 1517 1459 scientia.

366 1496 413 1560 Et
436 1496 635 1561 Ambrosius
655 1518 756 1581 super
775 1498 950 1582 epistolam
970 1500 1013 1561 ad
1038 1497 1252 1563 Colossensas
1275 1501 1362 1577 dicit,
1380 1499 1518 1564 ‘Omnis

365 1602 450 1665 ratio
474 1621 636 1685 supernae
658 1602 812 1667 scientiae
833 1612 868 1667 et
891 1614 1040 1666 terrenae
1066 1614 1233 1667 creaturae
1258 1604 1292 1667 in
1316 1624 1356 1668 eo
1379 1615 1441 1679 est,
1461 1606 1518 1686 qui

365 1716 417 1769 est
440 1716 540 1788 caput
563 1716 597 1770 et
623 1717 747 1783 auctor,
772 1717 810 1770 ut
836 1708 891 1788 qui
918 1707 1005 1770 hunc
1031 1710 1133 1784 novit,
1157 1707 1239 1770 nihil
1261 1708 1348 1771 ultra
1370 1718 1518 1791 quaerat,

364 1809 444 1891 quia
472 1809 526 1874 hic
556 1819 607 1873 est
635 1809 782 1893 perfecta
811 1811 916 1873 virtus
946 1820 980 1874 et
1010 1812 1184 1893 sapientia.
1238 1811 1408 1895 Quicquid
1436 1812 1517 1876 alibi

364 1914 542 1995 quaeritur,
558 1914 612 1977 hic
634 1913 778 1997 perfecte
798 1913 980 1980 invenitur.'
1026 1913 1113 1978 Cum
1136 1936 1215 1997 ergo
1238 1936 1331 1980 sacra
1353 1916 1517 1998 scriptura

364 2018 423 2081 dat
445 2018 544 2081 nobis
566 2018 652 2082 hanc
673 2018 882 2103 sapientiam,
906 2017 1118 2082 manifestum
1142 2020 1304 2102 estquod
1330 2020 1384 2084 hic
1407 2020 1517 2082 omnis

364 2122 485 2186 veritas
500 2122 543 2185 sit
558 2122 713 2186 conclusa
726 2144 733 2200 ;
755 2124 784 2185 si
799 2122 910 2206 aliqua
926 2132 976 2185 est
992 2124 1155 2205 sapientia
1170 2124 1246 2188 huic
1266 2124 1439 2200 contraria,
1454 2123 1516 2187 erit

363 2245 508 2305 erronea,
532 2247 592 2291 nec
618 2226 756 2291 habebit
781 2227 844 2290 nisi
872 2247 995 2290 nomen
1017 2227 1221 2310 sapientiae;
1247 2230 1307 2292 sed
1331 2228 1515 2291 diversitas.

362 2350 463 2412 quam
479 2350 545 2394 non
559 2332 658 2395 faciat
674 2331 764 2409 alibi,
778 2331 1051 2396 contrarietatem
1073 2331 1128 2394 hic
1144 2341 1257 2397 tamen
1273 2332 1412 2406 inducit,
1429 2332 1516 2395 sicut

361 2445 454 2517 patet
484 2456 544 2517 per
569 2437 793 2516 evangelicam
819 2436 1066 2515 auctoritatem,
1093 2435 1179 2519 ‘Qui
1205 2457 1272 2499 non
1299 2446 1350 2501 est
1375 2456 1517 2502 mecum.

361 2548 474 2603 contra
490 2559 544 2602 me
564 2537 634 2604 est?
680 2539 736 2605 Sic
760 2542 802 2604 de
824 2539 887 2604 hac
910 2542 1075 2624 sapientia
1090 2561 1204 2605 verum
1220 2550 1279 2619 est,
1296 2550 1333 2604 ut
1352 2540 1443 2622 quod
1467 2540 1514 2602 illi

360 2662 530 2707 annexum
543 2662 612 2708 non
624 2654 674 2708 est
686 2659 803 2710 contra
817 2643 907 2708 illam
923 2665 996 2709 esse
1009 2645 1175 2729 probetur,
1188 2655 1222 2709 et
1233 2645 1311 2711 ideo
1324 2642 1515 2710 Christiano

360 2746 615 2812 abhorrendum.

786 3039 1012 3106 Cnrrruuun
1043 3041 1088 3106 11.

189 3204 350 3272 tnumlogy
409 3197 504 3262 Haec
534 3210 647 3263 autem
678 3199 885 3263 manifestius
915 3210 1031 3282 patent
1061 3198 1283 3262 consideranti
1314 3197 1514 3262 divisionem

189 3271 332 3404 {geme}
360 3303 583 3368 scientiarum.
627 3304 718 3368 Nam
741 3305 767 3367 si
790 3305 937 3367 nitamur
955 3323 1107 3385 separare
1124 3303 1277 3366 scientias
1297 3302 1340 3364 ab
1360 3301 1514 3370 invicem.

188 3402 332 3530 &²32⁰
360 3427 428 3471 non
444 3429 621 3491 possumus
636 3410 746 3473 dicere
760 3408 974 3491 theologiam.
1021 3406 1094 3470 Sub
1110 3426 1175 3469 una
1193 3407 1280 3468 enim
1297 3415 1391 3488 parte
1406 3405 1512 3487 philo

188 3536 285 3585 ,mm
360 3513 510 3592 sophiae,
528 3513 654 3577 scilicet
676 3513 793 3576 morali
817 3532 918 3595 quam
941 3510 1144 3574 Aristoteles
1165 3509 1294 3574 civilem
1318 3510 1512 3581 nominavit,

360 3616 547 3679 continetur
560 3617 614 3698 jus
630 3616 735 3690 civile,
747 3625 785 3680 ut
800 3615 936 3680 inferius
951 3615 1144 3678 innotescet.
1189 3611 1417 3678 Canonicum¹
1433 3633 1512 3676 vero

354 3717 411 3798 jus
436 3739 457 3780 a
482 3720 652 3800 scripturis
677 3720 779 3783 sacris
805 3721 1007 3792 nominatur,
1030 3739 1096 3781 non
1122 3718 1166 3782 ab
1188 3716 1271 3794 aliis,
1293 3719 1379 3781 sicut
1402 3717 1511 3798 ipsum

358 3841 479 3886 nomen
499 3823 726 3900 demonstrat3
752 3844 840 3906 quae
859 3824 1044 3905 scripturae
1062 3821 1242 3885 canonicae
1265 3822 1419 3885 dicuntur
1437 3819 1512 3883 libri

357 3924 489 3989 Veteris
503 3926 720 4004 Testamenti,
731 3928 816 3992 sicut
829 3929 1050 3992 Decretorum
1067 3935 1161 4009 parte
1175 3925 1283 4008 prima
1298 3924 1513 3989 distinctione

390 4126 399 4155 ¹
415 4127 473 4176 The
484 4127 540 4177 first
550 4130 686 4179 text-book
694 4146 729 4178 on
742 4132 834 4180 Canon
847 4131 910 4181 Law
921 4147 977 4180 was
990 4132 1035 4180 the
1051 4130 1190 4179 Decretum
1202 4129 1231 4177 of
1239 4129 1353 4186 Gratian,
1365 4145 1381 4177 a
1395 4130 1473 4178 monlr
1485 4131 1518 4178 of

358 4200 487 4262 Bologna,
504 4203 651 4264 eompleted
670 4205 796 4266 probably
812 4207 840 4253 in
862 4221 932 4267 1¹43·
978 4206 1009 4254 ln
1029 4219 1091 4265 1234
1109 4204 1230 4265 Gregory
1248 4203 1287 4251 lx
1305 4203 1443 4264 published
1461 4204 1513 4254 five

357 4279 439 4328 books
450 4281 481 4329 of
494 4280 639 4341 Decretals,
651 4291 680 4331 to
690 4283 777 4332 which
789 4300 804 4332 a
815 4284 885 4332 sixth
897 4284 965 4332 book
976 4299 1034 4332 was
1044 4282 1231 4344 subsequently
1242 4281 1325 4330 added
1338 4282 1374 4342 by
1385 4281 1514 4331 Bonifaee

356 4367 383 4409 at
397 4360 442 4407 the
457 4360 509 4408 end
521 4359 552 4407 of
559 4360 605 4408 the
619 4368 736 4422 century.
771 4362 868 4423 Bacon,
882 4363 971 4424 giving
981 4377 1043 4422 way
1055 4369 1082 4410 to
1099 4361 1144 4409 the
1160 4368 1253 4420 strong
1269 4359 1401 4421 prejudice
1416 4359 1464 4407 felt
1477 4359 1515 4421 by

357 4438 464 4487 himself
476 4439 529 4486 and
540 4439 616 4487 other
626 4439 790 4502 theologiam
800 4442 903 4502 against
918 4442 963 4489 the
975 4440 1040 4488 Civil
1054 4439 1124 4496 Law,
1136 4438 1274 4487 maintains
1291 4437 1347 4486 that
1361 4437 1406 4490 ure
1419 4438 1514 4487 Canon

357 4515 421 4565 law
429 4517 454 4565 is
465 4516 578 4565 founded
589 4516 615 4564 in
627 4518 673 4566 the
683 4519 751 4566 main
760 4533 795 4566 on
804 4519 949 4580 scripture.
966 4517 1019 4566 But
1030 4517 1057 4564 in
1066 4516 1159 4578 reality
1168 4517 1212 4564 the
1225 4515 1316 4563 Canon
1326 4515 1389 4563 law
1399 4514 1514 4566 isbased

356 4609 391 4643 on
401 4595 447 4643 the
454 4595 520 4643 Civil
530 4594 601 4644 law.
636 4599 645 4622 ⁴
651 4595 812 4657 Everything
821 4597 849 4644 in
861 4597 906 4645 the
914 4595 1006 4644 Canon
1017 4595 1080 4642 law
1088 4609 1145 4642 was
1156 4593 1258 4641 Roman
1266 4593 1353 4641 which
1362 4608 1419 4641 was
1427 4602 1475 4642 not
1487 4594 1519 4644 of

356 4673 465 4736 directly
473 4673 605 4722 Christian
615 4688 646 4723 or
654 4673 755 4734 lewish
766 4672 869 4736 origin!
894 4673 1042 4738 (Rashdall,
1051 4671 1190 4720 Mediamf
1202 4671 1368 4731 Umentes,
1380 4671 1432 4735 ip.
1444 4675 1512 4738 133)
