3575 5375
410 622 471 683 310
634 603 789 664 opums
813 602 1003 672 nnsonrs
1027 583 1141 660 enas
1165 600 1349 673 Qunam.

410 769 599 846 vicinarum,
626 789 709 850 quas
738 766 833 831 alluit
854 765 1025 830 brachium
1056 765 1156 829 maris
1179 783 1336 848 magnum
1359 763 1568 827 descendens

411 894 432 937 a
447 893 537 936 mare
552 892 686 951 oceano,
696 872 786 956 quod
802 880 853 934 est
868 872 954 935 inter
972 870 1102 934 Indiam
1117 880 1151 935 et
1162 868 1362 952 Hispaniam
1375 866 1567 931 ulteriorem

411 997 469 1040 seu
493 976 651 1054 Africam,
673 978 716 1040 de
740 997 807 1058 quo
833 975 984 1058 superius
1007 975 1134 1039 dictum
1161 983 1210 1037 est
1234 974 1417 1037 secundum
1432 971 1567 1035 Aristo-

411 1080 521 1145 telem.
568 1078 668 1163 Quod
680 1080 767 1144 enim
782 1099 870 1143 mare
882 1086 1000 1162 tangat
1013 1078 1193 1142 meridiana
1205 1078 1320 1141 Indiae
1332 1076 1395 1141 hoc
1407 1096 1568 1160 expresse

410 1186 491 1249 dicit
508 1185 639 1259 Plinius,
655 1193 687 1248 et
703 1204 762 1268 per
779 1184 1023 1263 Hieronymum
1040 1191 1143 1265 patet,
1151 1194 1185 1247 et
1196 1181 1399 1263 Aliraganus
1415 1180 1568 1244 similiter

411 1290 475 1353 hoc
504 1298 654 1354 testatur.
702 1289 747 1352 Et
777 1287 858 1351 illud
891 1308 980 1352 mare
1011 1288 1152 1352 decurrit
1184 1307 1242 1369 per
1271 1287 1421 1369 regiones
1449 1284 1567 1348 Indiae

412 1394 619 1469 meridianas,
635 1403 668 1458 et
686 1413 795 1455 annua
814 1393 1025 1473 navigatione
1045 1391 1248 1474 protrahitur
1267 1391 1374 1454 donec
1392 1399 1566 1453 concurrat

411 1518 502 1563 mare
520 1500 665 1576 rubrum,
683 1497 767 1560 sicut
787 1496 922 1579 planum
946 1506 997 1560 est
1020 1516 1077 1579 per
1097 1496 1342 1577 Hieronymum
1366 1505 1400 1557 et
1422 1494 1565 1557 Plinium

411 1613 445 1666 et
468 1613 636 1679 caeteros3
663 1610 696 1665 et
721 1601 754 1664 in
779 1601 836 1665 illo
868 1601 950 1664 mari
976 1604 1018 1664 ad
1045 1600 1173 1664 Eurum
1198 1608 1349 1683 respectu
1375 1597 1492 1662 Indiae
1514 1609 1566 1660 est

411 1706 518 1770 Insula
542 1705 741 1790 Taprobane
767 1705 893 1769 distans
919 1724 980 1787 per
1006 1724 1096 1768 mare
1121 1704 1260 1767 Nadosii
1283 1712 1412 1785 septem
1436 1702 1565 1767 dierum

412 1811 621 1895 navigatione
652 1811 684 1872 in
714 1829 781 1893 qua
808 1829 874 1874 non
902 1810 1055 1874 videntur
1078 1808 1319 1892 septentriones
1342 1817 1376 1872 et
1399 1806 1567 1889 vergiliae.

411 1914 507 1978 Auro
530 1923 563 1978 et
586 1923 723 1998 argento
748 1923 782 1978 et
805 1915 947 1997 gemmis
970 1913 1124 1997 pretiosis
1151 1914 1332 1989 abundant,
1357 1911 1565 1993 majoresque

411 2039 493 2102 opes
509 2038 622 2082 eorum
638 2029 714 2083 sunt
730 2039 829 2100 quam
848 2018 1029 2082 Romanae.
1076 2017 1144 2082 Sed
1160 2019 1251 2101 apud
1268 2017 1442 2081 Romanos
1458 2014 1567 2098 major

410 2143 489 2186 usus
510 2122 708 2206 opulentiae,
724 2132 761 2186 ut
783 2124 899 2187 recitat
916 2123 1051 2186 Plinius.
1099 2123 1145 2186 Et
1165 2122 1299 2203 eligitur
1315 2122 1404 2205 apud
1427 2140 1484 2184 eos
1505 2139 1565 2183 rex

411 2247 514 2292 senex
531 2237 565 2292 et
584 2227 736 2306 clemens,
751 2226 872 2292 liberos
894 2248 958 2292 non
979 2227 1124 2305 habens3
1147 2227 1237 2311 quod
1258 2228 1285 2288 si
1307 2234 1424 2309 postea
1442 2226 1565 2290 habeat

411 2330 507 2410 filios,
534 2351 602 2396 non
629 2332 667 2397 fit
693 2351 832 2416 regnum
855 2331 1120 2397 haereditarium.
1166 2332 1252 2415 Regi
1274 2333 1396 2396 dantur
1422 2340 1567 2395 rectores

411 2437 555 2519 triginta,
577 2457 718 2521 quorum
743 2445 855 2500 utatur
877 2436 1016 2501 consilio
1043 2438 1077 2501 in
1103 2437 1265 2520 regimine
1295 2434 1430 2520 populi;
1456 2435 1563 2518 quisi

411 2540 583 2623 delinquat
603 2541 823 2618 criminaliter,
840 2543 936 2606 morti
954 2541 1128 2624 judicatur,
1144 2543 1191 2605 ita
1211 2552 1324 2604 tamen
1344 2541 1434 2623 quod
1457 2538 1566 2603 nullus

412 2664 545 2711 manum
573 2645 602 2710 ei
626 2647 795 2729 Imponat:
828 2646 887 2710 sed
918 2646 1075 2711 alimenta
1099 2656 1132 2712 et
1158 2647 1269 2711 omnia
1293 2647 1323 2711 ci
1350 2644 1566 2727 denegantur,

412 2750 513 2813 etiam
544 2751 653 2815 nullus
683 2771 758 2815 curn
790 2771 831 2814 eo
860 2751 1016 2833 loquitur,
1046 2753 1133 2816 unde
1164 2770 1224 2834 per
1254 2771 1291 2814 se
1320 2750 1441 2814 deficit.
1485 2750 1566 2814 Vita

413 2854 556 2917 hominis
570 2856 659 2937 apud
676 2875 733 2919 eos
748 2864 880 2919 centum
897 2874 1058 2919 annorum
1076 2857 1206 2919 modica
1222 2852 1302 2918 est¹.

457 2958 680 3023 Meridianum
703 2980 781 3023 vero
804 2958 890 3024 latus
915 2961 1031 3024 Indiae
1056 2960 1228 3025 descendit
1250 2980 1271 3023 a
1297 2959 1426 3044 tropico
1449 2957 1565 3041 Capri-

413 3063 513 3142 corni,
529 3074 564 3128 et
578 3072 669 3128 secat
684 3064 956 3147 aequinoctialem
974 3065 1131 3130 circulum
1147 3065 1237 3149 apud
1251 3076 1400 3129 montem
1418 3062 1565 3127 Maleum

412 3175 446 3232 et
469 3167 618 3251 regiones
633 3168 662 3232 ei
683 3170 904 3233 conterminas
927 3179 961 3233 et
982 3169 1100 3234 transit
1122 3189 1182 3254 per
1198 3169 1356 3252 Syenem,
1370 3188 1456 3251 quae
1479 3186 1566 3230 nunc

411 3271 544 3355 Arym²
567 3284 713 3338 vocatur.
758 3273 847 3337 Nam
871 3275 904 3337 in
928 3274 1012 3339 libro
1035 3294 1191 3338 cursuum
1214 3275 1421 3356 planetarum
1444 3272 1566 3337 dicitur

412 3378 501 3460 quod
525 3375 652 3459 duplex
675 3386 725 3441 est
749 3376 859 3458 Syene
872 3400 879 3456 ;
908 3399 972 3442 una
994 3377 1057 3441 sub
1079 3377 1229 3457 solstitio,
1253 3380 1296 3442 de
1318 3400 1385 3462 qua
1407 3379 1567 3463 superius,

413 3481 478 3545 alia
495 3483 558 3546 sub
580 3482 810 3565 aequinoctiali
830 3483 960 3558 circu10,
979 3475 1022 3546 ile
1042 3502 1108 3566 qua
1129 3502 1217 3546 nunc
1232 3492 1282 3546 est
1303 3502 1421 3559 sermo,
1437 3482 1566 3546 distans

413 3606 473 3670 per
504 3586 683 3669 nonaginta
713 3588 835 3668 gradus
864 3589 907 3650 ab
932 3587 1113 3664 occidente,
1138 3589 1197 3651 sed
1230 3587 1336 3670 magis
1364 3586 1407 3649 ab
1439 3589 1566 3650 oriente

414 3690 588 3774 elongatur
610 3700 746 3774 propter
772 3690 843 3768 hoc,
867 3694 957 3774 quod
981 3691 1156 3774 longitudo
1178 3691 1369 3756 habitabilis
1388 3690 1493 3773 major
1514 3701 1566 3754 est

413 3814 514 3878 quam
539 3795 700 3857 medietas
716 3796 798 3859 coeli
820 3794 871 3859 vel
892 3805 1007 3870 terrae,
1024 3805 1058 3859 et
1080 3795 1145 3860 hoc
1166 3815 1280 3859 versus
1302 3796 1474 3860 orientem.
1520 3794 1567 3859 Et

415 3899 490 3962 ideo
502 3898 611 3981 Arym
624 3917 691 3961 non
704 3898 805 3963 distat
817 3900 860 3963 ab
872 3901 999 3963 oriente
1015 3920 1073 3982 per
1089 3900 1270 3984 nonaginta
1285 3902 1408 3983 gradus
1425 3909 1566 3964 tantum.

415 4002 482 4067 Sed
499 3999 727 4068 mathematici
742 4014 870 4088 ponunt
885 4023 959 4067 eam
976 4005 1009 4067 in
1025 4005 1134 4067 medio
1149 4004 1363 4069 habitationis
1380 4004 1443 4069 sub
1458 4006 1568 4087 aequi·

414 4166 538 4225 latitude3
556 4165 617 4215 then
629 4166 694 4215 from
707 4168 769 4217 East
783 4176 810 4217 to
822 4168 899 4218 West
916 4169 942 4217 in
960 4185 976 4217 a
993 4169 1044 4217 still
1063 4184 1134 4218 more
1152 4168 1287 4230 northerly
1298 4167 1413 4231 parallel.
1449 4168 1491 4217 He
1503 4171 1568 4218 does

414 4252 467 4307 not,
480 4246 612 4307 however,
624 4246 723 4308 always
735 4248 809 4296 abide
821 4248 921 4310 strictly
932 4248 967 4309 by
978 4247 1030 4297 this
1042 4248 1110 4310 plan.

448 4324 455 4353 ¹
473 4324 525 4374 See
537 4324 622 4387 Pliny,
635 4326 667 4375 vl.
678 4342 718 4376 aa.

349 4458 353 4466 ¹
446 4403 455 4430 ²
472 4404 554 4465 Arym
565 4418 622 4453 was
636 4406 768 4468 supposed
782 4413 809 4455 to
821 4405 854 4454 be
865 4405 977 4454 situated
990 4420 1024 4452 on
1042 4403 1087 4453 the
1100 4412 1216 4466 equatur,
1230 4404 1344 4465 midway
1358 4404 1478 4455 between
1491 4405 1568 4454 West

414 4483 465 4531 and
478 4482 548 4532 East.
581 4483 745 4547 Apparently
761 4498 834 4533 some
850 4483 880 4533 ol
893 4485 938 4533 the
954 4483 1036 4532 tables
1053 4484 1082 4529 ol
1096 4482 1231 4543 longitude
1249 4484 1313 4531 used
1326 4484 1362 4544 by
1377 4482 1489 4532 Arabian
1506 4498 1569 4545 geo·

414 4562 539 4624 graphers
550 4564 614 4611 took
625 4563 644 4612 it
656 4579 684 4612 es
696 4579 711 4611 a
723 4562 797 4625 point
810 4562 840 4611 ol
853 4562 1000 4624 departure.
1037 4561 1059 4609 It
1071 4576 1127 4609 was
1138 4561 1168 4611 os
1181 4576 1273 4610 course
1290 4563 1362 4623 quite
1381 4563 1485 4611 distinct
1502 4563 1569 4611 irum

415 4640 504 4701 Syene
516 4656 549 4691 on
563 4643 607 4693 the
620 4642 687 4705 Nile,
700 4641 786 4691 which
800 4641 826 4691 in
840 4639 981 4701 Ptolemy's
993 4654 1052 4702 map
1064 4654 1120 4689 was
1132 4648 1178 4690 uot
1190 4655 1262 4689 more
1274 4640 1336 4690 than
1348 4638 1395 4690 60ο
1407 4640 1436 4691 E.
