3575 5375
376 613 434 694 138
587 617 743 677 OPERIS
767 618 956 689 MAJORIS
981 617 1095 677 PARS
1121 616 1306 691 QUARTA.

373 778 686 863 multiplicationum
715 783 950 866 praesignatas,
975 782 1132 864 quoniam
1162 801 1223 844 nec
1250 778 1370 844 falsum
1398 774 1530 846 vitabit,

372 902 433 948 nec
462 905 577 949 verum
608 887 731 968 poterit
761 886 966 951 confirmare.
1026 885 1094 951 Sed
1125 885 1217 950 locus
1246 894 1299 948 est
1329 880 1531 967 principium

371 989 603 1068 generationis,
629 991 915 1072 quemadmodum
945 1001 979 1054 et
1006 1001 1110 1073 pater,
1137 999 1174 1052 ut
1207 988 1288 1052 dicit
1316 983 1531 1068 Porphyrius.

374 1091 421 1154 Et
441 1111 502 1155 nos
516 1093 677 1173 videmus,
691 1096 781 1178 quod
800 1096 916 1158 omnia
932 1095 1099 1158 variantur
1117 1095 1300 1157 secundum
1321 1091 1395 1154 loca
1414 1085 1532 1150 mundi

371 1196 502 1259 diversa
529 1218 594 1262 non
620 1197 728 1263 solum
752 1199 786 1262 in
809 1199 1021 1272 naturalibus,
1043 1199 1103 1262 sed
1130 1197 1280 1261 homines
1302 1196 1337 1259 in
1360 1193 1533 1266 moribus;

373 1301 532 1381 quoniam
556 1301 641 1366 alios
668 1323 776 1367 mores
800 1303 925 1367 habent
945 1301 1140 1385 Aethiopes,
1160 1299 1245 1365 alios
1271 1297 1422 1381 Hispani.
1447 1295 1533 1359 alios

375 1403 531 1484 Romani,
557 1417 592 1470 et
619 1407 703 1471 alios
729 1406 857 1471 Gallici.
911 1407 1001 1470 Nam
1028 1418 1063 1470 et
1090 1405 1228 1483 Picardi,
1253 1405 1311 1486 qui
1340 1411 1419 1465 sunt
1444 1399 1534 1463 veris

375 1506 512 1573 Gallicis
533 1510 643 1588 vicini,
657 1511 782 1575 habent
809 1521 937 1574 tantam
958 1511 1185 1574 diversitatem
1209 1509 1242 1570 in
1267 1507 1416 1570 moribus
1439 1515 1473 1567 et
1499 1504 1534 1565 in

375 1612 486 1696 lingua
516 1625 552 1678 ut
579 1635 646 1679 non
673 1616 744 1679 sine
770 1615 990 1678 admiratione
1016 1615 1122 1697 possit
1156 1634 1230 1677 esse
1255 1612 1344 1676 unde
1368 1611 1412 1673 sit
1438 1617 1536 1672 tanta

375 1717 549 1782 diversitas
571 1717 718 1783 locorum
742 1720 1013 1802 propinquomm.

422 1819 490 1884 Sed
521 1825 678 1904 quoniam
706 1844 756 1886 res
783 1823 882 1905 hujus
912 1823 1027 1886 mundi
1057 1823 1091 1885 in
1120 1821 1259 1885 diversis
1292 1819 1374 1882 locis
1407 1815 1535 1881 consti·

376 1934 481 2002 tutae,
520 1935 813 2008 quantumcunque
858 1927 1064 2010 propinquae
1105 1934 1193 2002 sunt,
1233 1924 1396 2005 recipiunt
1429 1939 1536 1982 conos

377 2030 580 2093 diversarum
608 2031 821 2112 pyramidum
845 2032 1045 2095 venientium
1064 2051 1086 2093 a
1108 2040 1183 2094 toto
1202 2027 1297 2091 coelo
1318 2026 1454 2109 objecto
1478 2024 1539 2100 eis,

377 2133 454 2197 ideo
469 2134 591 2198 accidit
608 2133 737 2198 infinita
748 2137 931 2200 diversitas
977 2135 1065 2198 Nam
1081 2135 1124 2198 ad
1140 2132 1270 2216 singula
1286 2143 1412 2214 puncta
1426 2140 1539 2193 terrae

377 2237 514 2301 veniunt
536 2238 610 2302 coni
633 2240 844 2321 pyramidum
866 2240 1079 2322 singularum,
1098 2247 1133 2302 et
1155 2237 1295 2319 quilibet
1317 2247 1462 2319 punctus
1485 2243 1540 2296 est

378 2350 530 2405 centrum
563 2345 661 2406 unius
701 2343 897 2407 Horizontis
935 2343 1022 2406 novi.
1068 2341 1114 2406 Et
1143 2344 1219 2406 ideo
1250 2341 1412 2416 videmus,
1443 2337 1540 2420 quod

379 2445 467 2508 duae
492 2444 615 2509 herbae
641 2446 738 2510 simul
766 2457 945 2511 nascuntur
972 2448 1015 2509 de
1040 2457 1127 2510 terra
1149 2446 1220 2508 sine
1247 2446 1371 2521 medio,
1397 2452 1433 2506 et
1458 2442 1540 2505 ideo

379 2549 447 2611 duo
478 2549 611 2632 gemelli
641 2550 675 2612 in
703 2560 818 2614 ventre
845 2552 961 2614 matris
987 2551 1168 2614 sortiuntur
1191 2548 1420 2612 diversitatem
1445 2565 1541 2610 com-

381 2651 557 2735 plexionis,
584 2662 622 2717 ut
646 2664 763 2735 postea
798 2675 907 2719 mores
934 2654 1080 2718 habeant
1110 2653 1267 2732 diversos,
1294 2661 1330 2715 et
1356 2659 1544 2733 sequantur

381 2766 469 2819 artes
499 2756 656 2835 diversas,
680 2767 715 2820 et
743 2760 977 2841 occupationes
1004 2756 1174 2821 difformes
1198 2778 1258 2842 per
1282 2767 1391 2821 totam
1422 2756 1543 2817 vitam.

384 2858 431 2922 Et
459 2860 535 2923 ideo
563 2862 700 2924 virtutes
729 2861 896 2926 coelorum
930 2873 965 2926 et
994 2862 1164 2926 stellarum
1193 2863 1384 2944 producunt
1414 2858 1545 2940 ubique

383 2962 531 3025 diversas
552 2984 603 3025 res
630 2964 663 3027 in
691 2967 947 3047 proprietatibus
973 2976 1008 3031 et
1035 2967 1171 3043 naturis,
1185 2976 1220 3029 et
1248 2966 1282 3028 in
1309 2966 1410 3028 rebus
1436 2982 1543 3046 gene-

384 3066 464 3128 ratis
482 3068 662 3130 secundum
684 3070 968 3152 propagationem.
1013 3070 1060 3134 Et
1083 3090 1150 3133 non
1173 3068 1282 3133 solum
1304 3066 1545 3150 multiplicatio

384 3168 512 3233 virtutis
541 3169 692 3233 coelestis
726 3183 889 3255 operatur,
926 3174 985 3237 sed
1020 3175 1126 3256 patris
1155 3182 1190 3236 et
1226 3173 1352 3249 matris,
1378 3170 1545 3253 quoniam

384 3271 619 3336 descinduntur
644 3276 782 3339 virtutes
809 3277 842 3339 in
869 3277 1058 3357 seminibus,
1084 3288 1122 3342 ut
1147 3279 1272 3340 docent
1299 3275 1433 3339 medici.
1497 3273 1547 3336 Et

385 3377 559 3459 praecipue
582 3379 625 3442 ab
645 3379 754 3443 anima
776 3380 891 3444 matris
911 3382 1124 3445 continuatur
1146 3380 1387 3463 multiplicatio
1409 3378 1547 3443 virtutis

386 3487 420 3541 et
438 3480 556 3561 speciei
575 3501 672 3563 super
691 3481 816 3546 foetum
839 3485 995 3566 usquein
1014 3486 1298 3568 complementum
1313 3482 1548 3568 generationis

387 3592 421 3643 et
437 3583 624 3647 nativitatis.
670 3586 716 3648 Et
735 3607 810 3650 cum
827 3607 908 3670 puer
925 3589 958 3651 in
980 3590 1154 3653 nativitate
1168 3590 1351 3671 exponitur
1368 3588 1438 3650 aeri
1459 3607 1549 3649 novo

388 3692 546 3764 tanquam
571 3685 665 3750 alteri
686 3690 818 3763 mundo,
833 3702 913 3753 tunc
934 3692 1048 3773 recipit
1070 3713 1173 3756 conos
1195 3694 1411 3775 pyramidum
1436 3690 1549 3755 coele-

389 3787 489 3848 stium
516 3790 695 3852 secundum
722 3792 867 3875 singulas
891 3806 1011 3878 partes,
1035 3806 1069 3859 et
1092 3798 1140 3860 sic
1165 3797 1284 3879 recipit
1308 3796 1552 3877 impressiones

391 3908 502 3967 novas,
527 3910 610 3970 quas
633 3911 800 3976 nunquam
822 3899 967 3976 dimittit,
992 3900 1070 3981 quia
1090 3902 1181 3981 quod
1210 3921 1299 3964 nova
1324 3910 1417 3964 testa
1444 3898 1553 3981 capit,

390 3990 571 4055 inveterata
597 3996 694 4077 sapit.
748 3998 793 4062 Et
818 4011 898 4063 tunc
924 4002 1137 4066 confirmatur
1161 4005 1357 4088 complexio
1381 4003 1554 4075 radicalis,

391 4111 475 4175 quae
501 4114 631 4177 semper
658 4110 769 4163 manet
793 4122 897 4184 usque
922 4105 965 4168 ad
993 4104 1094 4169 finem
1120 4107 1220 4183 vitae,
1246 4108 1324 4172 licet
1351 4106 1555 4191 complexio

391 4214 524 4258 currens
534 4208 679 4262 mutetur
689 4210 760 4265 tota
770 4204 834 4268 die
867 4206 913 4270 Et
924 4210 967 4271 ad
981 4209 1067 4271 hanc
1079 4210 1260 4275 radicalem
1269 4212 1555 4294 complexionem

392 4310 574 4377 sequuntur
588 4302 811 4368 inclinationes
825 4310 869 4371 ad
886 4329 994 4373 mores
1009 4323 1044 4376 et
1058 4315 1102 4376 ad
1121 4314 1281 4378 scientias
1293 4325 1330 4379 et
1346 4318 1392 4379 ad
1408 4316 1556 4399 linguas,

392 4408 428 4462 et
448 4402 490 4462 ad
512 4420 725 4484 quaecunque
744 4408 880 4473 artificia
899 4421 933 4474 et
957 4416 1100 4497 negotia,
1122 4419 1223 4481 etad
1246 4438 1386 4481 omnem
1411 4420 1557 4483 diversi-

394 4510 496 4566 tatem
520 4525 619 4586 quam
641 4509 792 4573 videmus
814 4514 846 4575 in
867 4517 1030 4581 omnibus.
1075 4519 1122 4583 Et
1144 4522 1172 4583 si
1195 4523 1280 4586 coeli
1302 4523 1489 4605 dispositio
1512 4526 1560 4587 sit

396 4606 482 4668 mala
497 4607 530 4671 in
544 4612 759 4694 conceptione
773 4625 807 4678 et
831 4618 1002 4683 nativitate
1016 4625 1117 4704 pueri,
1132 4633 1214 4689 tunc
1235 4628 1314 4691 coni
1330 4627 1560 4710 pyramidum
