3575 5375
640 638 810 700 musar
835 638 1034 697 annonis.
1367 652 1409 713 29

256 825 486 897 praeterquam
513 813 639 896 populo
663 813 883 887 Hebreorum,
902 823 972 875 tam
996 813 1038 876 de
1059 810 1149 876 cultu
1172 812 1285 891 divino
1306 831 1407 895 quam

257 920 300 981 de
323 919 470 981 moribus
491 928 525 981 et
548 915 677 998 legibus
699 916 851 998 justitiae
872 926 907 980 et
930 916 1022 998 pacis
1045 916 1129 979 inter
1155 915 1251 992 cives,
1272 924 1306 979 et
1329 914 1406 979 belli

257 1030 373 1084 contra
402 1020 614 1085 adversarios.
671 1020 717 1083 Et
745 1020 903 1103 quoniam
934 1018 1125 1101 hujusmodi
1157 1019 1245 1101 leges
1276 1020 1407 1083 luerunt

255 1126 363 1197 datae,
388 1134 550 1207 quantum
575 1124 685 1206 potuit
710 1123 857 1186 humana
883 1123 976 1201 ratio,
1000 1133 1035 1187 ut
1058 1122 1256 1187 Aristoteles
1279 1122 1350 1187 vult
1373 1123 1406 1185 in

255 1228 322 1292 fine
339 1228 545 1305 Ethicorum,
562 1227 617 1290 ubi
634 1228 752 1292 transit
767 1228 811 1290 ad
831 1226 953 1290 librum
974 1225 1085 1310 legum
1105 1228 1226 1305 dicens,
1242 1227 1407 1291 ‘dicamus

256 1353 342 1396 nunc
354 1343 515 1415 quantum
528 1330 682 1414 possibile
698 1341 748 1395 est
760 1330 990 1415 philosophiae
1006 1332 1039 1393 in
1051 1332 1149 1395 rebus
1165 1328 1336 1408 humanis,'
1347 1330 1406 1398 &c

255 1438 421 1520 principes
445 1438 560 1499 mundi
587 1436 760 1500 noluerunt
782 1435 928 1516 recipere
950 1436 1059 1517 legem
1084 1436 1215 1512 Christi,
1234 1455 1318 1517 quae
1345 1436 1407 1500 luit

255 1562 356 1624 supra
376 1542 557 1604 humanam
581 1541 751 1617 rationem,
766 1550 799 1603 et
823 1540 885 1622 ipsi
910 1538 1040 1603 luerunt
1063 1538 1202 1623 regulati
1225 1541 1405 1604 secundum

255 1645 481 1729 philosophos,
495 1654 529 1707 et
548 1646 623 1709 ideo
644 1644 853 1727 philosophia
874 1644 1047 1726 impedivit
1068 1644 1248 1727 ingressum
1270 1643 1358 1723 fidei,
1373 1654 1407 1708 et

255 1751 399 1814 tardavit
415 1751 448 1813 in
465 1750 538 1825 hoc,
553 1750 642 1831 quod
660 1750 802 1814 mundus
818 1771 858 1812 ea
873 1750 1037 1813 deductus
1054 1749 1118 1831 legi
1134 1748 1262 1813 celsiori
1277 1748 1405 1813 horruit

254 1855 447 1918 consentire.

300 1958 475 2022 Caeterum
497 1979 563 2021 non
578 1957 686 2022 solum
705 1958 769 2023 hoc
787 1961 889 2023 modo
909 1958 1118 2041 philosophia
1139 1956 1284 2022 tardavit
1306 1955 1406 2021 fidem

256 2062 389 2137 Christi,
410 2064 468 2126 sed
487 2062 561 2144 jure
580 2064 691 2146 legum
713 2083 847 2126 suarum
870 2064 913 2126 de
935 2062 1136 2144 reipublicae
1150 2060 1341 2126 defensione
1363 2063 1407 2125 ab

255 2168 348 2231 omni
384 2167 548 2231 contrario
584 2187 681 2231 sensu
710 2168 780 2229 visa
817 2178 869 2231 est
906 2187 964 2249 per
997 2167 1120 2249 judicia
1149 2165 1333 2230 futurorum
1372 2177 1406 2229 et

255 2274 480 2337 ostensionem
511 2292 619 2336 rerum
651 2272 853 2337 occultarum
888 2273 1117 2355 praesentium,
1150 2282 1183 2335 et
1216 2291 1275 2354 per
1304 2292 1406 2354 opera

256 2376 419 2441 mirabilia
455 2398 555 2460 supra
591 2386 729 2442 naturae
766 2388 800 2441 et
832 2376 913 2440 artis
943 2378 1162 2441 communiter
1198 2377 1405 2460 operantium

255 2490 465 2566 potestatem,
497 2484 695 2546 contendere
723 2502 798 2546 cum
829 2481 906 2546 fidei
940 2480 1229 2563 praedicatoribus,
1262 2502 1403 2562 quorum

255 2587 425 2669 proprium
440 2586 503 2651 suit
518 2606 585 2649 non
601 2606 659 2669 per
674 2596 825 2651 naturam
840 2596 874 2650 et
890 2596 1006 2664 artem,
1018 2588 1076 2649 sed
1092 2606 1152 2669 per
1163 2584 1225 2650 Dei
1239 2586 1404 2663 virtutem,

255 2693 464 2776 prophetiam
492 2694 534 2756 de
557 2693 672 2756 suturis
698 2704 855 2770 eructare,
874 2692 1004 2756 occulta
1026 2692 1208 2773 producere
1230 2691 1264 2753 in
1285 2691 1405 2769 lucem,

256 2796 412 2860 miracula
435 2797 598 2861 suscitare.
645 2797 733 2859 Nam
757 2799 848 2879 quod
871 2795 1102 2880 philosophiae
1124 2805 1274 2878 potestas
1296 2794 1404 2860 valeat

255 2899 430 2982 magnifica
445 2921 609 2984 peragere,
624 2921 710 2983 quae
725 2901 842 2984 vulgus
857 2923 923 2965 non
939 2901 1047 2965 solum
1059 2899 1216 2964 laicorum
1231 2901 1403 2965 sedetiam

254 3003 444 3069 clericorum
492 3007 625 3069 duceret
664 3026 723 3088 pro
759 3005 935 3076 miraculis,
973 3006 1142 3088 sequentia
1179 3004 1404 3070 declarabunt.

255 3109 395 3173 Necnon
413 3120 555 3175 rectores
575 3109 889 3191 rerumpublicarum
914 3109 1035 3191 ubique
1057 3129 1116 3192 per
1138 3109 1275 3173 consilia
1297 3109 1403 3191 philo·

254 3213 435 3296 sophorum
457 3234 534 3277 suas
552 3213 642 3295 leges
657 3213 834 3276 zelantium
850 3214 1086 3296 persecutionis
1102 3223 1136 3278 et
1152 3214 1267 3278 mortis
1278 3213 1404 3294 judicia

253 3319 376 3381 sanctis
393 3318 457 3381 Dei
471 3317 615 3399 graviter
629 3316 817 3382 intulerunt.
860 3318 1000 3399 Insuper
1014 3337 1068 3381 ars
1080 3318 1208 3400 magica
1220 3337 1279 3398 per
1294 3327 1402 3382 totum

253 3425 368 3485 orbem
384 3421 595 3496 invalescens,
611 3441 777 3502 occupans
793 3421 946 3485 homines
961 3423 995 3484 in
1011 3422 1101 3485 omni
1122 3423 1353 3504 superstitione
1369 3432 1403 3487 et

253 3526 368 3589 fraude
397 3525 572 3608 religionis,
595 3527 747 3608 quamvis
777 3525 883 3590 luerat
913 3525 1120 3608 philosophis
1144 3526 1269 3601 odiosa,
1296 3535 1330 3590 et
1358 3528 1402 3590 ab

254 3630 406 3694 omnibus
435 3627 611 3707 debellata,
634 3640 671 3694 ut
701 3629 935 3693 certificabitur
964 3650 1025 3694 suo
1049 3630 1132 3708 locu,
1159 3638 1271 3694 tamen
1297 3632 1402 3696 sancti

253 3733 411 3816 primitivi
442 3734 643 3798 invenientes
673 3735 833 3799 mundum
868 3745 1067 3817 occupatum
1106 3736 1139 3797 in
1174 3744 1313 3817 utraque
1343 3756 1403 3817 pro

253 3839 370 3901 eodem
401 3836 540 3902 artificio
570 3848 744 3922 utramque
772 3840 977 3923 reputabant,
1002 3839 1159 3922 quoniam
1183 3841 1302 3904 ambae
1325 3839 1402 3905 fidei

251 3940 393 4005 lructum
406 3941 632 4024 impediebant
645 3941 755 4006 multis
767 3943 884 4006 modis.
918 3943 1007 4006 Nam
1020 3944 1104 4008 sicut
1117 3944 1206 4027 magi
1221 3943 1402 4008 Pharaonis

253 4043 366 4126 Moysi
402 4045 599 4108 resistebant
630 4056 665 4108 et
695 4045 855 4128 populum
885 4045 1038 4130 Aegypti
1070 4049 1228 4111 mandato
1259 4048 1323 4111 Dei
1354 4049 1401 4112 in-

252 4147 462 4213 obedientem
485 4147 659 4224 laciebant,
676 4149 723 4212 sic
741 4148 802 4214 suit
822 4150 853 4212 in
872 4151 1034 4233 principio
1057 4151 1214 4216 ecclesiae
1238 4173 1297 4234 per
1322 4153 1402 4216 artis
1430 4167 1435 4178 '

253 4252 402 4335 magicae
416 4251 618 4315 violentiam.
663 4251 760 4335 Quae
777 4272 854 4316 cum
875 4254 908 4317 in
931 4255 1073 4318 eundem
1097 4254 1261 4334 eflectum,
1277 4256 1402 4321 scilicet

251 4367 366 4420 contra
388 4375 473 4439 opus
496 4355 583 4432 fidei,
604 4375 680 4420 cum
706 4356 918 4440 philosophia
944 4359 1175 4434 concordabat,
1197 4368 1307 4425 totum
1330 4358 1401 4441 ejus

251 4460 451 4542 vituperium
467 4461 500 4522 in
517 4459 761 4542 philosophiam
778 4461 996 4526 redundabat.

297 4565 472 4630 Praeterea
481 4565 557 4628 Deo
568 4563 893 4649 placuitaprincipio
904 4565 1062 4631 eeclesiae
1071 4569 1161 4649 quod
1172 4564 1296 4630 nullum
1308 4566 1400 4630 testi·

253 4670 401 4734 monium
418 4669 598 4732 humanum
613 4669 644 4732 ei
660 4669 804 4744 daretur,
820 4670 878 4733 sed
896 4680 933 4733 ut
948 4671 1070 4734 veritas
1085 4669 1162 4735 fidei
1178 4679 1273 4734 tanto
1288 4670 1400 4754 vigore
