3575 5375
379 590 420 667 46
585 591 741 649 OPERIS
766 590 956 661 MAJORIS
980 590 1095 648 PARS
1119 588 1328 651 SECUNDA.

212 767 249 829 By
257 766 326 815 these
378 767 579 822 secretorum
591 782 599 835 3
613 757 778 823 ‘Omnem
793 757 990 842 sapientiam
1004 758 1095 823 Deus
1107 756 1263 821 revelavit
1278 755 1346 820 suis
1358 750 1530 838 prophetis

210 832 367 947 {iegffln
379 871 413 925 et
426 861 523 944 justis
538 872 572 927 et
584 862 782 946 quibusdam
794 863 878 940 aliis,
887 884 972 945 quos
984 860 1166 946 praeelegit
1178 871 1211 924 et
1227 860 1402 925 illustravit
1414 857 1529 942 spiritu

208 979 271 1012 were
283 966 321 1012 ⁵¹¹·
379 966 510 1029 divinae
529 966 721 1049 sapientiae,
736 976 770 1031 et
785 968 915 1031 dotavit
933 987 991 1031 eos
1012 966 1147 1031 dotibus
1167 965 1332 1028 scientiae.
1377 962 1437 1027 Ab
1459 959 1531 1025 istis

209 1030 324 1150 srmcted.
378 1070 466 1135 enim
477 1082 652 1153 sequentes
662 1071 852 1154 philosophi
865 1070 1096 1155 philosophiae
1108 1070 1306 1155 principium
1319 1080 1353 1133 et
1369 1068 1530 1151 originem

378 1175 566 1240 habuerunt
589 1185 625 1240 et
646 1177 845 1259 scripserunt
868 1175 991 1240 artium
1019 1186 1053 1239 et
1075 1175 1289 1240 scientiarum
1313 1173 1475 1256 principia
1498 1183 1531 1237 et

379 1289 515 1354 secreta,
539 1281 617 1362 quia
641 1279 675 1343 in
700 1280 831 1363 scriptis
853 1301 968 1344 eorum
991 1279 1073 1343 nihil
1098 1280 1217 1344 salsum
1248 1278 1330 1343 nihil
1354 1279 1530 1362 reproban-

380 1385 459 1447 dum
480 1385 653 1461 invenitur,
668 1384 727 1447 sed
746 1404 767 1447 a
787 1384 993 1467 sapientibus
1015 1380 1257 1468 approbatum?
1302 1384 1348 1448 Et
1363 1384 1531 1447 Averroes

380 1488 461 1551 dicit
484 1508 583 1571 super
605 1498 734 1571 partem
760 1487 843 1551 coeli
870 1497 904 1553 et
927 1488 1055 1565 mundi,
1076 1488 1182 1571 ‘quod
1208 1486 1242 1553 in
1269 1497 1420 1569 tempore
1446 1486 1530 1550 anti·

380 1612 520 1676 quorum
537 1602 613 1655 ante
629 1591 847 1656 Aristotelem
866 1603 900 1657 et
915 1591 998 1657 alios
1014 1592 1231 1675 philosophos
1248 1591 1309 1655 fuit
1325 1590 1533 1675 philosophia

381 1696 557 1778 completa,
582 1696 626 1760 ad
653 1694 746 1777 cujus
774 1696 1031 1780 completionem
1058 1695 1259 1761 Aristoteles
1292 1717 1352 1759 suo
1382 1706 1532 1777 tempore

381 1798 568 1884 aspirabat’
615 1801 661 1864 Et
689 1801 780 1883 apud
806 1801 1015 1865 Albumazar
1037 1802 1069 1864 in
1093 1800 1209 1882 majori
1232 1799 1469 1866 introductorio
1499 1808 1533 1862 et

382 1905 470 1984 alibi,
486 1914 520 1968 et
535 1926 636 1988 penes
655 1905 784 1991 aliquos
801 1905 942 1970 habetur
963 1904 1197 1989 multipliciter,
1213 1906 1305 1989 quod
1321 1906 1396 1969 Noe
1417 1915 1451 1968 et
1473 1903 1532 1965 filii

382 2009 454 2090 ejus
473 2009 773 2093 multiplicaverunt
795 2008 1058 2094 philosophiam;
1081 2020 1115 2074 et
1138 2010 1313 2094 praecipue
1336 2009 1415 2075 Sem
1439 2029 1534 2090 prae·

382 2114 486 2178 valuit
501 2116 535 2178 in
550 2113 613 2181 hac
629 2124 731 2197 parte.
767 2115 899 2179 Deinde
914 2124 990 2198 post
1003 2114 1084 2179 istos
1096 2114 1227 2178 suerunt
1239 2113 1320 2178 viri¹
1333 2164 1340 2179 .
1354 2162 1381 2176 ..
1400 2113 1534 2176 nomine

382 2219 527 2304 vulgato.
585 2218 713 2284 Omnes
737 2220 924 2302 philosophi
952 2230 985 2283 et
1013 2228 1132 2301 poetae
1158 2218 1301 2302 majores
1327 2227 1361 2282 et
1385 2217 1534 2298 juniores

382 2322 515 2389 fuerunt
530 2335 607 2406 post
622 2324 698 2388 Noe
712 2333 746 2388 et
763 2323 846 2389 filios
861 2345 949 2399 suos,
966 2333 999 2387 et
1015 2324 1200 2388 Abraham.
1247 2324 1337 2386 Nam
1354 2332 1387 2385 et
1403 2322 1534 2384 Aristo·

384 2430 465 2492 teles
481 2439 514 2492 et
529 2449 646 2492 omnes
662 2430 871 2494 consentiunt
886 2430 920 2491 in
936 2427 1008 2504 hoc,
1019 2429 1109 2512 quod
1127 2427 1223 2510 primi
1239 2421 1535 2511 philosophantes²

383 2534 515 2597 fuerunt
531 2532 691 2597 Chaldaei
707 2545 740 2598 et
752 2533 926 2617 Aegyptii.
940 2534 1028 2596 unde
1045 2532 1203 2597 adhaeret
1218 2531 1390 2595 sententiis
1402 2540 1534 2615 patrum

386 2636 630 2702 Chaldaeorum
653 2638 687 2701 in
710 2639 882 2704 undecimo
903 2636 1164 2721 Metaphysicae.
1209 2636 1297 2721 Quia
1317 2636 1393 2701 licet
1410 2634 1484 2699 Noe
1503 2642 1537 2698 et

385 2742 445 2805 filii
474 2742 545 2825 ejus
572 2743 756 2808 docuerunt
783 2742 979 2817 Chaldaeos,
1009 2754 1186 2826 antequam
1220 2741 1394 2805 Abraham
1424 2738 1537 2802 docuit

387 2844 585 2928 Aegyptios,
600 2854 714 2909 tamen
729 2866 795 2909 non
816 2846 876 2910 suit
895 2846 1041 2911 studium
1064 2866 1156 2909 more
1179 2843 1377 2909 scholastico
1399 2843 1447 2908 ita
1469 2842 1537 2906 cito

387 2949 587 3026 institutum,
605 2951 662 3013 sed
685 2949 846 3032 paulatim
868 2949 971 3015 crevit
989 2952 1073 3015 ordo
1096 2948 1166 3030 ejus
1189 2958 1223 3012 et
1245 2949 1449 3013 exercitium.

431 3053 605 3137 Quatenus
620 3057 726 3117 omnis
742 3055 841 3139 igitur
856 3054 1022 3119 dubitatio
1042 3052 1178 3119 tollatur
1193 3053 1226 3116 in
1244 3052 1306 3118 hac
1325 3063 1427 3134 parte,
1444 3052 1538 3116 vide·

386 3178 482 3222 amus
497 3159 671 3223 decursum
688 3169 722 3224 et
737 3159 855 3221 seriem
872 3158 1053 3222 infidelium
1075 3156 1357 3240 philosophorum,
1373 3167 1407 3220 et
1424 3165 1538 3238 poeta-

387 3283 471 3338 rum,
493 3273 527 3326 et
550 3262 697 3326 omnium
720 3262 969 3328 sollicitantium
993 3263 1035 3325 de
1057 3262 1168 3325 studio
1195 3259 1389 3343 sapientiali‚
1406 3271 1439 3324 et
1463 3280 1536 3341 per·

387 3367 547 3450 cipiemus
561 3368 650 3450 quod
668 3378 744 3450 post
758 3367 930 3430 Abraham
947 3376 980 3430 et
992 3368 1181 3431 decessores
1196 3385 1282 3438 suos,
1293 3365 1413 3446 quibus
1429 3385 1449 3426 a
1462 3363 1538 3428 Deo

387 3471 550 3552 sapientia
565 3471 709 3535 revelata
723 3481 783 3546 est,
800 3471 924 3534 inventi
940 3479 1017 3534 sunt
1035 3467 1154 3550 singuli
1170 3468 1225 3551 qui
1241 3467 1384 3548 aliquem
1402 3468 1537 3531 titulum

389 3575 503 3657 adepti
518 3584 606 3639 sunt.
651 3573 740 3637 Nam
757 3584 1052 3656 quantumcunque
1066 3573 1219 3636 volumus
1238 3572 1383 3635 strictius
1399 3592 1538 3654 compu-

387 3687 460 3741 tare
476 3677 668 3741 Zoroastres
687 3679 812 3742 invenit
832 3687 920 3741 artes
938 3677 1096 3759 Maghas,
1112 3676 1294 3740 secundum
1311 3674 1539 3758 Augustinum

386 3780 544 3844 vicesimo
559 3781 667 3864 primo
682 3781 725 3843 de
741 3781 874 3845 civitate
891 3781 976 3854 Dei3
1000 3790 1034 3844 et
1052 3781 1232 3844 secundum
1255 3799 1369 3844 omnes
1389 3791 1542 3846 auctores

387 3885 452 3948 hoc
467 3884 642 3966 vulgatum
663 3895 733 3963 est;
756 3886 814 3949 sed
835 3885 888 3949 hic
907 3886 968 3949 suit
984 3885 1090 3950 Cham
1112 3885 1197 3948 filius
1218 3884 1301 3960 Noe,
1317 3894 1355 3948 ut
1376 3884 1541 3959 Clemens,

390 3988 476 4050 libro
491 4009 561 4067 suo,
576 3999 610 4052 et
626 3989 785 4073 magister
799 3987 1021 4067 historiarum,
1036 3999 1069 4052 et
1084 3988 1254 4071 speculum
1273 3986 1442 4071 historiale
1464 4007 1544 4052 con-

388 4089 547 4154 scribunt
593 4091 725 4156 Deinde
743 4093 789 4167 lo,
805 4113 890 4175 quae
910 4103 1026 4176 postea
1043 4092 1106 4155 Isis
1128 4093 1218 4158 dicta
1240 4102 1299 4167 est,
1315 4091 1410 4155 dedit
1430 4093 1545 4156 literas

388 4192 580 4276 Aegyptiis,
603 4203 640 4257 ut
663 4194 872 4279 Augustinus
894 4196 976 4259 dicit
998 4196 1083 4260 libro
1109 4196 1152 4259 de
1177 4195 1312 4258 civitate
1336 4195 1400 4257 Dei
1424 4205 1546 4260 octavo

425 4383 433 4412 ¹
451 4383 537 4432 There
554 4384 577 4432 is
597 4399 613 4431 a
630 4383 713 4432 hiatus
730 4384 794 4432 here
813 4384 840 4432 in
861 4385 893 4432 0.
912 4387 935 4434 &
952 4383 985 4433 D.
1020 4385 1043 4432 It
1061 4399 1119 4446 may
1137 4384 1202 4433 have
1218 4385 1285 4432 been
1302 4385 1423 4448 supplied
1439 4386 1475 4448 by
1491 4386 1547 4447 Jul.

392 4461 444 4511 But
456 4461 504 4510 lire
515 4462 563 4510 bas
575 4462 703 4509 rendered
715 4463 759 4509 the
772 4477 881 4523 passage
892 4461 1011 4523 illegible.

426 4537 436 4567 ¹
451 4540 538 4587 There
559 4540 581 4588 is
599 4554 615 4586 a
635 4538 769 4588 reference
787 4539 815 4587 oi
832 4540 882 4588 this
901 4540 964 4588 kind
980 4540 1007 4586 in
1025 4538 1181 4602 airagment
1198 4539 1228 4588 ol
1240 4555 1274 4588 an
1293 4539 1451 4603 apocrypha]
1469 4543 1548 4592 work

390 4617 532 4668 attributed
545 4624 573 4666 to
583 4617 708 4667 Aristotle
719 4617 829 4667 entitled
840 4615 958 4680 Ιαγικός,
972 4617 1068 4678 quoted
1080 4616 1115 4679 by
1127 4617 1203 4680 Diog.
1217 4617 1298 4668 Laert.
1311 4619 1327 4668 i.
1343 4633 1364 4668 1.
