3575 5375
353 571 415 650 298
577 573 733 633 OPERIS
756 571 945 643 MAJORIS
968 571 1083 631 PARS
1107 569 1293 645 QUARTA.

354 759 487 822 semper
516 758 615 821 super
636 738 809 801 horizonta
840 757 976 816 eorum;
1010 745 1045 800 et
1067 736 1132 800 hoc
1162 745 1213 799 est
1242 755 1301 820 per
1330 733 1505 797 dimidium

354 863 496 906 annum:
520 843 597 925 quia
619 842 755 905 horizon
778 861 893 905 eorum
917 850 968 905 est
990 839 1240 923 aequinoctialis
1263 838 1413 902 circulus.
1461 837 1507 899 Et

356 947 432 1011 ideo
448 967 508 1010 sex
524 947 619 1030 signa
634 944 903 1029 septentrionalia
918 954 996 1008 sunt
1011 965 1143 1026 semper
1160 965 1259 1027 super
1274 942 1454 1017 horizonta,
1469 952 1508 1004 ut

355 1061 495 1133 apparet
511 1051 544 1113 in
561 1050 702 1133 sphaera
722 1050 766 1113 ad
786 1069 928 1114 sensum.
974 1049 1020 1112 Et
1042 1049 1119 1114 ideo
1143 1050 1222 1112 dum
1244 1047 1295 1113 sol
1320 1056 1371 1112 est
1392 1045 1508 1111 inillis

355 1157 456 1238 signis
472 1155 598 1219 habent
617 1155 705 1219 diem
722 1155 941 1218 manifestum.
988 1155 1035 1217 Et
1051 1151 1263 1217 nihilominus
1283 1154 1351 1216 duo
1375 1170 1508 1232 crepus-

355 1261 430 1322 cula
454 1261 487 1323 in
510 1259 629 1340 quibus
651 1269 792 1342 apparet
815 1259 948 1322 claritas
978 1257 1056 1321 solis
1085 1278 1184 1342 super
1213 1257 1388 1321 horizonta
1410 1252 1508 1318 simul

357 1374 491 1446 sumpta
506 1364 677 1428 continent
699 1373 765 1427 tres
788 1383 918 1427 menses
940 1371 975 1427 et
993 1364 1195 1445 quindenam
1213 1371 1246 1425 et
1269 1360 1452 1448 duos-dies,
1474 1369 1509 1422 et

357 1470 432 1532 ideo
448 1479 598 1550 respectu
619 1467 887 1550 crepusculorum
906 1476 940 1530 et
960 1468 1026 1531 diei
1047 1468 1251 1531 habitatores
1267 1464 1354 1530 illius
1371 1464 1432 1528 loci
1449 1462 1509 1526 sub

359 1573 438 1658 polo
454 1591 570 1654 parum
588 1571 714 1634 habent
728 1572 771 1634 de
787 1582 885 1636 nocte
900 1592 960 1656 per
972 1591 1104 1635 annum.

300 1753 314 1774 ν
334 1699 370 1734 .·
403 1677 498 1740 Haec
520 1676 633 1740 omnia
655 1676 768 1759 scripsi
791 1676 962 1758 sequendo
983 1674 1208 1759 principaliter
1226 1672 1453 1738 Ptolemaeum
1477 1684 1511 1737 et

291 1770 299 1778 ¹
360 1780 579 1864 Allraganum
591 1779 610 1857 ¹,
634 1788 668 1843 et
690 1778 839 1844 tabulam
865 1781 908 1843 de
933 1780 1197 1862 longitudinibus
1222 1787 1256 1842 et
1282 1777 1511 1842 latitudinibus

359 1887 539 1950 civitatum.
586 1883 674 1947 Nam
691 1884 724 1946 in
744 1885 974 1948 latitudinibus
993 1884 1162 1948 climatum
1177 1894 1211 1948 et
1231 1885 1414 1969 spatiorum
1435 1892 1512 1947 ante

360 1990 495 2054 climata
513 2000 548 2053 et
570 1999 646 2072 post
667 1998 800 2053 secutus
820 2009 894 2052 sum
917 1990 1115 2052 sententiam
1135 1989 1316 2052 Ptolemaei
1340 1989 1374 2052 in
1393 1986 1511 2052 Alma·

359 2095 453 2179 gesti.
500 2094 753 2175 Expansionem
780 2104 891 2156 autem
919 2091 1090 2156 climatum
1121 2114 1179 2175 per
1209 2113 1269 2156 sua
1299 2092 1450 2156 milliaria
1479 2102 1513 2155 et

360 2199 543 2282 spatiorum
556 2207 632 2261 ante
644 2197 780 2262 climata
796 2207 830 2261 et
845 2207 930 2281 post,
942 2209 1044 2280 atque
1054 2218 1143 2280 quae
1154 2196 1305 2261 civitates
1317 2207 1350 2260 et
1363 2197 1513 2279 regiones

325 2350 327 2356 ,
361 2305 569 2368 continentur
590 2303 622 2365 in
646 2301 709 2365 illis
733 2301 921 2366 climatibus
944 2314 979 2366 et
1005 2302 1131 2384 spatiis,
1151 2302 1310 2385 descripsi
1330 2302 1512 2365 secundum

361 2407 582 2490 Aliraganum
605 2408 838 2491 principaliter,
854 2407 916 2471 nisi
941 2409 1031 2489 quod
1057 2407 1128 2488 ipse
1149 2426 1216 2469 non
1238 2407 1347 2490 tangit
1369 2407 1515 2489 praecise

361 2513 627 2595 computationes
641 2532 724 2594 quas
739 2532 829 2595 pono
845 2531 904 2593 per
923 2511 1206 2575 examinationem
1230 2509 1398 2592 majorem,
1412 2519 1515 2592 atque

360 2616 530 2700 sequendo
550 2615 634 2679 alios
657 2625 806 2680 auctores
832 2615 968 2698 aliquod
995 2615 1136 2678 immuto
1158 2613 1337 2696 aliquando
1359 2623 1394 2678 et
1416 2613 1515 2693 addo,

360 2722 544 2785 secundum
571 2721 662 2803 quod
688 2729 821 2803 oportet
847 2730 984 2803 propter
1010 2717 1446 2801 certitudinem'majorem:
1479 2728 1516 2782 ut

270 2842 275 2851 ·
361 2824 458 2907 tetigi
476 2824 517 2887 de
534 2824 668 2887 civitate
688 2823 810 2906 Syene.

193 2941 314 2991 niterent
407 2927 507 3010 Quod
530 2928 557 2990 si
582 2927 768 3009 objiciatur,
791 2929 883 3011 quod
907 2930 940 2991 in
963 2929 1144 2993 canonibus
1169 2927 1394 2992 astronomiae
1421 2939 1455 2991 et
1482 2928 1516 2990 in

192 3006 351 3123 {iffiisssst
363 3032 487 3096 tabulis
507 3031 580 3095 aliis
597 3031 762 3096 invenitur
779 3030 875 3096 aliter
894 3032 929 3095 in
949 3032 1212 3113 longitudinibus
1232 3043 1266 3096 et
1285 3031 1517 3096 latitudinibus

192 3139 325 3190 andWest
365 3137 546 3212 civitatum,
569 3144 606 3199 ut
629 3136 799 3200 evidenter
820 3145 916 3219 patet
937 3138 980 3201 de
1003 3136 1134 3223 Toleto,
1156 3137 1199 3200 ad
1222 3136 1315 3218 cujus
1344 3136 1516 3199 meridiem

194 3222 235 3255 ²¹¹⁰
248 3205 331 3255 taken.
364 3242 470 3306 laetae
493 3250 571 3304 sunt
592 3236 750 3305 tabulae²
772 3241 955 3305 Toletanae
967 3262 975 3319 ;
999 3241 1174 3305 dicendum
1191 3252 1242 3306 est
1262 3240 1351 3323 quod
1371 3240 1466 3303 alites
1483 3250 1518 3305 et

396 3377 405 3409 ¹
422 3377 523 3425 Ahmad
543 3376 589 3425 lbn
608 3375 773 3426 Muhammad
791 3375 838 3425 lbn
860 3377 963 3437 Kathir,
983 3377 1130 3438 commonly
1152 3377 1249 3424 known
1269 3391 1298 3424 as
1321 3375 1477 3437 Allreganus
1489 3390 1520 3424 or

362 3456 529 3519 Allraganus,
537 3456 606 3505 lived
615 3455 720 3518 earlyin
728 3457 853 3505 theninth
862 3464 979 3518 century.
999 3456 1517 3517 Hisworlrsonastronomy,geography‚

363 3537 414 3585 and
426 3536 586 3597 chronology
598 3549 670 3583 were
682 3536 824 3583 translated
837 3536 863 3584 ln
876 3537 921 3584 the
933 3536 1035 3584 twellth
1048 3542 1158 3596 century
1170 3537 1206 3597 by
1215 3535 1231 3595 J
1234 3550 1333 3583 oannes
1346 3534 1518 3596 Hispalensis.

363 3616 426 3663 This
435 3616 537 3663 version
546 3630 601 3663 was
610 3629 674 3675 very
681 3614 837 3674 inaccurate,
845 3616 1000 3664 andamore
1008 3622 1108 3663 correct
1117 3630 1167 3662 one
1176 3630 1230 3662 was
1239 3615 1314 3662 made
1322 3615 1475 3663 afterwards
1484 3613 1520 3675 by

364 3694 410 3743 the
421 3692 480 3753 ‚lew
490 3693 505 3752 J
509 3692 603 3741 acobus
614 3691 760 3742 Anatolius.
789 3692 845 3740 The
857 3694 1071 3757 mathematician,
1087 3694 1316 3754 Regiomontanus,
1330 3708 1395 3754 gave
1407 3692 1519 3741 lectures

270 3816 277 3827 ,
365 3787 400 3820 on
411 3768 566 3831 Alsraganus
580 3777 606 3817 at
622 3769 712 3819 Padua
726 3772 752 3818 in
769 3771 813 3819 the
832 3770 951 3820 fisteenth
968 3779 1088 3833 century.
1120 3772 1170 3820 His
1184 3772 1273 3821 worlts
1287 3787 1358 3820 were
1373 3772 1476 3833 printed
1493 3778 1520 3819 at

367 3848 390 3896 N
394 3850 522 3910 urimberg
539 3847 565 3896 in
581 3862 651 3910 1537,
665 3850 785 3909 together
800 3850 894 3899 witha
908 3866 973 3912 very
988 3851 1143 3913 interesting
1158 3851 1256 3900 lecture
1269 3866 1303 3899 on
1320 3852 1365 3900 the
1380 3851 1482 3911 history
1493 3848 1525 3898 oi

367 3926 547 3976 Mathematics
563 3926 598 3988 by
617 3926 849 3988 Regiomontanus.
882 3929 1002 3978 Another
1018 3930 1117 3979 edition
1134 3946 1190 3978 was
1207 3930 1352 3992 published,
1368 3929 1522 3992 apparently

366 4008 431 4056 lrom
447 4006 492 4054 the
508 4007 642 4054 corrected
654 4006 766 4061 version,
778 4015 805 4055 at
818 4006 838 4055 F
839 4008 964 4067 ranlrsurt,
977 4008 1004 4055 in
1018 4023 1090 4070 1590·
1124 4008 1181 4056 The
1195 4024 1276 4057 seven
1293 4024 1373 4056 zonea
1387 4008 1521 4057 described

365 4086 401 4149 by
412 4085 575 4146 Allraganus,
589 4085 688 4132 extend
701 4085 767 4134 from
779 4086 824 4136 the
836 4095 946 4148 equator
956 4094 985 4136 to
995 4087 1037 4137 lat.
1051 4084 1102 4149 45⁰.
1136 4088 1194 4135 The
1206 4086 1326 4149 parallels
1337 4102 1383 4135 are
1395 4087 1522 4147 arranged

365 4165 505 4226 according
517 4169 545 4212 to
557 4164 602 4212 the
614 4163 704 4225 length
716 4164 747 4211 of
760 4165 804 4213 the
815 4166 867 4227 day
878 4172 905 4215 at
916 4166 961 4215 the
974 4166 1094 4215 Summer
1104 4166 1224 4217 solstice:
1242 4166 1287 4215 the
1304 4165 1393 4227 length
1412 4166 1438 4213 ln
1455 4166 1520 4213 each

366 4244 512 4304 exceeding
523 4243 578 4291 that
589 4242 620 4289 ot
634 4241 679 4290 the
691 4243 795 4303 parallel
808 4251 834 4292 to
847 4245 891 4292 the
902 4246 980 4293 south
993 4245 1023 4293 os
1036 4247 1055 4293 it
1067 4245 1102 4307 by
1112 4245 1169 4293 hall
1181 4262 1214 4293 an
1230 4245 1303 4294 bour.
1338 4244 1390 4293 See
1405 4245 1450 4293 the
1466 4252 1521 4293 two

367 4324 479 4373 editions
492 4321 606 4370 referred
618 4328 659 4371 to:
676 4319 734 4370 also
745 4322 849 4385 Cantor,
864 4325 914 4371 vol.
927 4324 951 4371 ii.
964 4339 989 4385 p.
1004 4327 1059 4385 238,
1074 4325 1125 4373 and
1136 4323 1151 4384 J
1155 4324 1273 4382 ourdain,
1285 4338 1310 4384 p.
1324 4337 1371 4384 115

399 4402 409 4431 ¹
428 4401 539 4449 Altonso
551 4400 576 4449 X
586 4399 616 4449 ol
624 4398 721 4449 Castile
733 4402 874 4463 appointed
885 4419 901 4450 a
912 4404 1058 4451 committee
1066 4404 1276 4452 osastronomers
1285 4409 1313 4450 to
1321 4408 1453 4450 construet
1461 4417 1523 4449 new

367 4479 547 4529 astronomical
560 4478 649 4529 tables.
687 4478 716 4527 lu
729 4480 782 4528 this
794 4482 869 4529 work
884 4482 929 4529 the
947 4481 1030 4529 Rabbi
1048 4482 1119 4530 Isaac
1134 4480 1191 4529 Ebn
1208 4481 1254 4529 Sid
1273 4480 1362 4528 llazan
1379 4480 1473 4542 played
1488 4496 1522 4528 an

367 4559 506 4619 important
518 4566 584 4621 part.
622 4558 718 4606 ‘Tbeir
729 4559 854 4621 principa]
867 4560 952 4609 delect
963 4574 1020 4608 was
1037 4560 1083 4608 the
1100 4560 1272 4608 introduction
1287 4560 1318 4607 ol
1331 4574 1364 4607 an
1380 4559 1523 4621 inequallty

367 4638 393 4685 in
407 4638 451 4686 the
464 4638 560 4686 motion
581 4636 611 4686 ol
624 4637 669 4687 the
682 4636 752 4686 fixed
769 4646 838 4689 stara
855 4638 881 4687 in
899 4638 1035 4702 longitude
1053 4638 1087 4701 by
1104 4639 1192 4688 which
1206 4638 1258 4688 this
1276 4639 1375 4688 motion
1391 4638 1522 4701 appeared
