3575 5375
702 575 986 635 nsmoaocm.
1360 573 1422 656 3⁸3

312 737 368 802 Ex
382 737 433 802 his
448 747 562 821 patent
572 736 818 820 complexiones
829 748 1022 820 quartarum
1033 737 1097 803 diei
1112 744 1147 802 et
1159 737 1273 817 noctis,
1285 747 1319 802 et
1333 757 1420 820 quae

266 853 343 908 sunt
357 842 460 907 horae
478 841 652 925 sanguinis,
667 862 754 925 quae
773 840 936 918 cholerae,
952 862 1038 924 quae
1057 841 1266 926 phlegmatis,
1282 853 1316 906 et
1334 863 1420 926 quae

266 947 510 1012 melancholiae.
568 946 637 1012 Sed
667 947 793 1024 medici,
821 947 878 1030 qui
901 947 1049 1012 nesciunt
1077 949 1326 1025 astronomiam,
1353 969 1419 1031 non

262 1053 411 1135 judicant
427 1053 469 1116 de
489 1052 650 1135 qualitate
665 1052 908 1154 horarumssnisi
932 1072 991 1134 per
1011 1053 1228 1117 intentionem
1248 1064 1283 1117 et
1306 1054 1420 1117 remis·

266 1157 393 1221 sionem
426 1155 542 1220 caloris
579 1156 705 1230 solaria,
743 1154 796 1220 vel
829 1177 887 1239 per
923 1156 1118 1220 absentiam.
1184 1158 1282 1249 Nam·
1295 1188 1298 1192 ·
1311 1158 1419 1222 solum

267 1262 475 1326 considerant
500 1261 591 1342 quod
617 1281 678 1325 sex
707 1259 809 1324 horae
839 1261 903 1324 diei
932 1261 1091 1326 naturalis
1120 1271 1198 1325 sunt
1230 1262 1366 1328 calidae.
1385 1272 1420 1326 et

266 1364 430 1442 humidae,
445 1373 479 1428 et
497 1365 641 1447 reliquae
655 1386 716 1428 sex
736 1375 814 1428 sunt
829 1365 957 1428 calidae
971 1375 1004 1428 et
1022 1366 1126 1429 siccae
1139 1386 1147 1444 ;
1168 1363 1252 1429 aliae
1266 1387 1327 1430 sex
1343 1378 1421 1431 sunt

265 1469 401 1550 frigidae
426 1479 461 1532 et
489 1469 604 1548 siccae,
631 1477 665 1532 et
688 1468 823 1533 ultimae
845 1487 907 1531 sex
930 1468 1066 1551 frigidae
1089 1479 1122 1533 et
1144 1470 1307 1535 humidae.
1352 1469 1420 1535 Sed

266 1573 360 1656 cujus
376 1573 615 1655 complexionis
630 1573 672 1636 sit
692 1573 822 1655 signum
846 1575 938 1655 quod
957 1574 1063 1638 oritur
1081 1573 1114 1636 in
1129 1574 1258 1638 duabus
1274 1574 1371 1650 horis,
1386 1585 1422 1640 et

267 1678 340 1760 quis
355 1677 491 1760 planeta
506 1677 693 1741 dominetur
708 1675 831 1741 inhora
847 1670 1027 1741 secundum
1043 1677 1192 1761 regulam
1207 1680 1421 1768 praedictam,

268 1781 400 1865 insuper
426 1781 499 1863 quis
530 1781 644 1864 etqui
674 1781 829 1864 planetae
853 1783 1001 1845 oriantur
1026 1800 1124 1864 super
1146 1780 1328 1870 horizonta,
1350 1803 1419 1847 non

267 1886 484 1964 considerant,
510 1906 586 1949 cum
615 1896 729 1951 tamen
758 1885 842 1949 haec
874 1895 908 1949 et
940 1886 1105 1967 quaedam
1140 1886 1205 1949 alia
1239 1887 1421 1951 necessario

269 1989 414 2054 debeant
423 1989 632 2054 considerari.
666 1989 761 2054 Haec
772 1999 883 2052 tamen
899 1989 1070 2053 diversitas
1087 1988 1212 2054 dierum
1222 2001 1256 2054 et
1265 1991 1421 2056 horarum

267 2093 352 2158 bene
373 2095 474 2158 debet
497 2095 540 2158 ab
564 2094 653 2158 omni
676 2094 808 2157 homine
830 2093 913 2168 sciri,
944 2103 978 2157 et
1000 2094 1146 2158 maxime
1170 2115 1191 2157 a
1215 2094 1357 2170 medicis,
1387 2105 1424 2159 et

267 2218 288 2260 a
303 2194 452 2279 quolibet
468 2199 611 2280 quivult
626 2217 720 2261 suam
736 2198 914 2262 sanitatem
935 2217 1075 2261 servare.
1131 2197 1219 2262 Nam
1236 2200 1418 2263 secundum

269 2301 492 2365 diversitatem
508 2301 748 2383 complexionis
764 2300 940 2383 cuiuslibet
955 2311 990 2365 et
1001 2302 1182 2366 secundum
1194 2302 1418 2368 diversitatem

268 2400 387 2464 aetatis
413 2408 448 2463 et
476 2401 709 2482 occupationis,
733 2411 902 2484 oporteret
926 2400 1046 2484 eligere
1072 2401 1216 2466 diversas
1239 2402 1337 2467 horas
1360 2423 1421 2485 pro

268 2503 513 2582 minutionibus,
529 2524 590 2588 pro
608 2505 787 2578 medicinis,
802 2516 836 2569 et
855 2505 1010 2569 omnibus
1028 2505 1099 2568 aliis
1121 2506 1250 2570 actibus
1269 2507 1367 2580 vitae,
1386 2516 1421 2570 et

268 2627 329 2691 pro
344 2607 485 2691 negotiis
504 2617 537 2672 et
560 2608 835 2693 occupationibus
859 2619 893 2673 et
913 2609 1179 2693 aggressionibus
1200 2630 1347 2693 operum,
1361 2631 1421 2675 seu

268 2713 431 2797 sapientia
445 2712 593 2791 aliorum,
608 2714 685 2796 quia
698 2712 838 2778 virtutes
853 2713 1020 2778 coelorum
1036 2714 1069 2777 in
1084 2715 1135 2779 his
1150 2715 1238 2779 horis
1254 2726 1288 2780 et
1303 2718 1421 2781 diebus

267 2817 486 2883 diversimode
519 2828 653 2883 movent
682 2819 933 2902 complexiones
966 2839 1123 2899 sanorum
1152 2831 1186 2885 et
1219 2820 1421 2886 infirmorum

268 2923 424 2987 diversas.
471 2922 517 2987 Et
532 2923 667 2987 ulterius
683 2923 864 2989 secundum
879 2921 971 3006 quod
986 2924 1232 3009 complexiones
1245 2928 1421 3006 variantur,

267 3028 456 3091 excitantur
471 3028 571 3091 animi
588 3038 622 3092 et
643 3027 807 3091 ducuntur
824 3036 862 3092 ut
883 3028 987 3111 gratis
1008 3029 1110 3093 velint
1124 3030 1218 3112 sequi
1239 3031 1421 3113 complexi·

267 3131 341 3193 onis
366 3142 502 3209 motum,
522 3132 621 3195 etiam
646 3131 679 3193 in
701 3131 853 3195 omnibus
874 3132 1028 3214 operibus
1052 3131 1251 3211 voluntariis
1272 3135 1364 3198 salva
1388 3137 1422 3201 in

267 3234 419 3298 omnibus
448 3234 571 3298 arbitrii
600 3234 759 3299 libertate.
806 3234 906 3299 Unde
932 3236 965 3298 in
987 3236 1040 3300 die
1062 3237 1192 3301 sabbati
1220 3246 1254 3301 et
1276 3239 1422 3305 maxime

266 3337 300 3401 in
329 3337 410 3401 hora
440 3337 553 3419 prima,
575 3358 643 3402 non
675 3348 762 3402 esset
793 3338 1017 3416 minuendum,
1040 3360 1101 3403 nec
1126 3339 1260 3423 aliquod
1283 3342 1421 3425 dignum

266 3441 490 3525 incipiendum
520 3442 610 3523 quod
634 3443 677 3505 ad
700 3443 967 3525 complexionem
990 3444 1145 3526 pertinet,
1167 3446 1235 3509 sive
1257 3448 1365 3529 primo
1388 3449 1421 3511 in

267 3545 483 3623 naturalibus,
503 3546 572 3609 sive
592 3546 786 3611 secundario
807 3556 843 3610 ut
866 3548 899 3610 in
921 3532 1125 3613 voluntariis.
1142 3560 1176 3614 et
1199 3549 1262 3615 hoc
1284 3562 1421 3635 propter

267 3649 426 3713 malitiam
448 3649 589 3727 Saturni,
607 3651 664 3733 qui
690 3650 723 3714 in
743 3650 898 3715 omnibus
923 3663 1060 3735 generat
1085 3651 1299 3719 infortunium
1318 3676 1421 3739 quan·

266 3764 339 3819 tum
368 3764 420 3818 est
446 3774 490 3817 ex
520 3764 616 3837 parte
640 3754 699 3830 sui,
728 3754 789 3818 nisi
819 3755 908 3819 aliud
941 3756 1111 3839 impediat.
1165 3758 1211 3823 Et
1239 3769 1352 3824 tamen
1376 3782 1421 3826 ex

267 3874 375 3919 errore
399 3874 514 3918 omnes
541 3854 692 3919 homines
716 3853 842 3919 faciunt
865 3876 901 3919 se
924 3857 1026 3920 minui
1046 3858 1080 3921 in
1099 3858 1152 3922 die
1174 3860 1315 3939 sabbati,
1330 3863 1422 3945 quod

266 3957 392 4024 faciunt
416 3970 553 4045 propter
577 3963 724 4044 quietem
748 3962 811 4027 diei
836 3963 992 4028 dominici
1015 3965 1060 4031 ab
1085 3968 1361 4050 occupationibus
1385 3978 1422 4033 et

266 4063 444 4129 laboribus.

311 4168 359 4234 Et
385 4188 452 4232 non
478 4169 586 4233 solum
612 4169 644 4232 in
672 4169 760 4235 horis
786 4181 820 4234 et
846 4171 964 4237 diebus
989 4174 1109 4238 accidit
1135 4176 1273 4240 variatio
1299 4196 1422 4259 magna

266 4272 505 4338 consideranda
516 4293 575 4355 per
586 4272 751 4353 coelestia,
762 4276 864 4340 immo
880 4277 913 4339 in
924 4278 1119 4359 septimana,
1128 4289 1162 4342 et
1171 4278 1235 4344 hoc
1245 4282 1422 4367 praecipue

265 4395 325 4457 per
339 4386 485 4441 aetatem
503 4377 627 4441 Lunae.
667 4378 755 4442 Nam
771 4378 851 4442 dum
868 4381 986 4444 crescit
1002 4381 1108 4457 Luna,
1122 4384 1233 4447 omnia
1249 4396 1422 4465 crescunt;

265 4481 345 4544 dum
361 4482 529 4560 decrescit,
543 4482 654 4548 omnia
672 4483 875 4561 decrescunt,
890 4485 960 4548 sive
979 4486 1226 4551 decrementum
1241 4490 1422 4570 patiuntur.

267 4584 345 4649 Hoc
359 4605 426 4651 non
441 4586 549 4652 solum
565 4588 754 4667 astronomi,
765 4587 823 4651 sed
839 4589 958 4653 medici
974 4588 1201 4667 considerant3
1221 4602 1259 4656 ut
1274 4591 1423 4658 Galenus

1434 746 1554 813 Applica-

1434 815 1488 863 tion
1501 813 1531 863 ol
1538 812 1590 864 this

1433 879 1584 943 knowledge

1433 951 1461 994 to
1473 945 1555 994 Medi·

1433 1011 1496 1062 cine.

1435 4189 1562 4241 Inlinence

1434 4256 1465 4306 of
1472 4256 1515 4307 the

1435 4337 1519 4373 moon.
