3575 5375
397 613 455 693 176
611 615 766 675 OPERIS
791 614 980 686 MAJORIS
1003 612 1118 672 PARS
1141 610 1327 686 QUARTA.
1378 598 1380 601 ¹

392 779 440 845 sic
465 778 698 843 laboraverunt
721 777 755 843 in
778 779 850 845 aliis
875 781 1028 849 scientiis.
1075 781 1142 848 Sed
1168 799 1244 846 cum
1270 800 1330 864 per
1355 777 1437 842 istos
1457 775 1547 839 viros

393 886 473 950 data
487 894 540 950 est
558 886 653 950 nobis
669 884 726 950 lex
747 887 871 966 divina,
886 896 921 951 et
941 887 1072 953 suerunt
1091 887 1299 960 sanctissimi,
1315 904 1382 949 non
1405 905 1548 968 occupa·

392 1004 512 1059 verunt
526 1015 561 1058 se
576 993 636 1058 nisi
653 994 686 1057 in
707 995 843 1060 scientia
861 1015 948 1079 quae
972 995 1120 1060 maxime
1139 1006 1191 1060 est
1212 993 1301 1059 utilis
1317 992 1382 1075 legi
1397 992 1548 1069 divinae3

392 1117 472 1182 ergo
495 1098 733 1163 mathematica
755 1110 805 1163 est
826 1100 974 1165 maxime
997 1121 1144 1166 consona
1162 1097 1227 1182 legi
1250 1097 1391 1164 divinae.
1436 1095 1548 1162 Minor

393 1203 577 1287 propositio
592 1203 693 1269 habet
717 1225 830 1269 secum
850 1225 945 1270 suam
966 1205 1206 1286 probationem.
1254 1202 1365 1285 Major
1388 1201 1549 1286 probatur

393 1329 453 1391 per
473 1309 706 1373 auctoritatem
737 1309 908 1392 triplicem.
956 1310 1066 1374 Primo
1097 1330 1158 1394 per
1186 1306 1483 1390 historiographos,
1513 1317 1548 1372 et

395 1413 571 1496 praecipue
599 1434 659 1498 per
696 1416 880 1480 maximum
919 1435 1033 1480 eorum
1070 1414 1264 1497 Josephum.
1310 1413 1423 1476 Primo
1458 1411 1546 1477 enim

395 1517 649 1601 Antiquitatum
678 1518 764 1584 libro
794 1519 828 1584 in
858 1520 966 1586 tribus
994 1518 1078 1584 locis
1107 1519 1151 1583 de
1180 1518 1232 1584 his
1257 1517 1402 1582 scientiis
1427 1515 1548 1580 faciens

396 1622 611 1701 mentionem,
640 1644 796 1706 expresse
827 1632 940 1689 narrat
968 1633 1078 1688 totum
1108 1624 1199 1707 quod
1229 1622 1412 1705 propositio
1443 1621 1549 1704 major

394 1727 557 1810 proponit
603 1727 691 1792 Nam
708 1729 796 1808 dicit,
811 1730 922 1812 ‘quod
933 1727 991 1792 filii
1004 1727 1104 1792 Adae
1116 1726 1309 1792 invenerunt
1319 1727 1549 1810 geometriam,

395 1832 642 1910 astronomiam,
662 1832 917 1908 arithmeticam,
933 1843 968 1897 et
989 1832 1173 1910 musicam;
1196 1840 1230 1895 et
1251 1831 1326 1895 Noe
1343 1841 1378 1895 et
1399 1829 1457 1895 lilii
1478 1829 1550 1914 ejus

395 1936 578 2002 docuerunt
601 1935 807 2002 Chaldaeos:
838 1937 959 2002 deinde
988 1935 1163 2001 Abraham
1196 1934 1311 2002 docuit
1336 1931 1548 2020 Aegyptios!

230 2037 367 2153 ᾼΡΡῐθίἳῑῗ
439 2038 630 2121 ¹Secundo,
659 2043 847 2108 verificatur
882 2042 947 2108 hoc
977 2063 1036 2125 per
1064 2041 1199 2106 beatum
1231 2040 1478 2122 Hieronymum
1515 2048 1551 2103 et

229 2113 383 2220 lllnsstltffil
397 2142 632 2210 Cassiodorum
651 2157 685 2211 et
703 2146 787 2213 alios
809 2149 962 2213 doctores
987 2166 1108 2224 sacros,
1131 2156 1167 2209 ut
1187 2141 1306 2227 vulgus
1329 2145 1429 2209 etiam
1454 2143 1549 2208 theo·

295 2308 297 2312 ,
398 2247 550 2332 logorum
580 2270 647 2314 non
677 2251 827 2334 ignorat3
857 2259 892 2316 et
921 2250 1085 2316 ratificant
1114 2248 1231 2327 sancti,
1259 2248 1351 2332 quod
1384 2248 1550 2332 Josephus

398 2365 574 2420 asseverat.
613 2354 736 2434 Terti0,
746 2377 805 2438 per
820 2355 1094 2441 philosophorum
1107 2354 1333 2419 assertionem.
1380 2353 1548 2437 Quoniam

399 2458 606 2524 Albumazar
623 2461 741 2542 quinto
756 2460 841 2525 libro
858 2459 993 2541 majoris
1010 2459 1237 2525 introductorii
1257 2457 1290 2521 in
1311 2457 1549 2522 astronomiam

400 2563 573 2628 undecima
595 2565 744 2629 doctrina
764 2565 833 2629 sive
856 2565 1032 2629 undecimo
1051 2561 1197 2646 capitulo
1221 2562 1321 2627 resert
1342 2560 1422 2627 Sem
1445 2560 1549 2625 filium

401 2667 476 2732 Noe
489 2667 588 2751 hujus
602 2668 772 2733 scientiam
789 2669 872 2735 alios
886 2669 1048 2744 docuisse,
1063 2679 1165 2751 atque
1180 2667 1213 2732 in
1230 2666 1370 2752 prologo
1386 2665 1551 2751 composi·

399 2772 499 2836 tionis
514 2772 682 2837 astrolabii
695 2772 876 2839 Ptolemaei
892 2775 1023 2852 dicitur,
1037 2775 1129 2857 quod
1145 2794 1165 2837 a
1181 2771 1249 2837 filio
1266 2771 1357 2848 Sem,
1368 2772 1426 2852 qui
1441 2770 1551 2836 divina

401 2877 562 2941 memoria
577 2878 799 2941 commonitus
811 2888 889 2957 erat,
903 2889 960 2942 aut
974 2878 1112 2943 fortasse
1127 2877 1242 2942 divino
1253 2884 1336 2940 nutu
1351 2886 1549 2949 commotus,

400 2979 499 3062 hujus
519 2980 677 3046 scientiae
692 2981 837 3046 studium
854 2982 887 3045 in
904 2984 1019 3048 orbem
1036 2982 1219 3047 derivatum
1236 2981 1426 3044 affirmatur.
1474 2978 1551 3042 Hoc

400 3084 489 3149 idem
520 3084 643 3149 indicat
673 3096 862 3150 sanctorum
888 3096 1076 3151 nostrorum
1102 3095 1179 3170 post
1208 3087 1390 3149 adventum
1416 3082 1554 3149 Domini

398 3189 586 3271 occupatio,
598 3200 635 3253 ut
644 3188 833 3272 Augustini,
847 3189 1048 3268 Cassiodori,
1066 3190 1194 3268 lsidori,
1213 3186 1420 3270 Hieronymi,
1433 3186 1554 3264 Orosii‚

401 3292 522 3369 Bedae,
534 3294 696 3377 Origenis‚
708 3294 843 3361 Eusebii
856 3294 1085 3360 Caesariensis.
1115 3294 1168 3358 De
1179 3293 1231 3357 bis
1242 3293 1332 3357 enim
1342 3292 1554 3376 scripserunt,

400 3409 435 3462 et
456 3398 489 3461 in
506 3398 557 3461 his
575 3419 612 3462 se
629 3406 663 3462 et
679 3398 761 3463 alios
776 3399 1043 3465 exercitaverunt
1062 3397 1180 3475 solum,
1196 3408 1253 3462 aut
1266 3396 1373 3479 magis
1396 3415 1498 3479 quam
1519 3395 1554 3459 in

401 3502 482 3565 aliis.
539 3500 623 3566 Cum
652 3522 732 3584 ergo
756 3504 810 3567 isti
835 3502 969 3567 fuerunt
992 3504 1148 3567 doctores
1175 3521 1289 3565 sacrae
1314 3502 1498 3583 scripturae
1520 3508 1554 3561 et

401 3605 461 3668 viri
476 3606 592 3683 sancti,
609 3606 819 3670 manifestum
836 3615 896 3685 est,
912 3607 1001 3690 quod
1020 3605 1211 3689 hujusmodi
1228 3604 1386 3669 scientiae
1407 3605 1556 3667 maxime

401 3706 514 3772 valent
525 3729 636 3772 sacrae
652 3710 807 3774 scientiae
822 3709 1072 3793 professoribus.
1119 3709 1220 3793 Quod
1237 3719 1349 3773 autern
1366 3708 1429 3790 ipsi
1445 3707 1489 3770 de
1503 3706 1556 3771 his

403 3810 612 3891 scripserunt,
628 3811 838 3876 manifestum
857 3822 909 3877 est
924 3835 983 3897 per
1000 3812 1235 3879 Cassiodorum
1256 3821 1291 3876 et
1308 3810 1484 3887 isidorum,
1498 3810 1556 3893 qui

436 3946 445 3975 ¹
462 3944 526 3995 This
543 3961 652 4008 passage
669 3948 692 3995 is
710 3948 785 3997 much
803 3949 968 3998 abbreviated
980 3950 1007 3998 in
1019 3948 1053 3999 0.
1086 3948 1172 3998 Thus:
1189 3948 1328 3997 ‘Secundo
1344 3946 1494 3996 verificatur
1509 3962 1559 4009 per

401 4025 522 4074 doctores
532 4031 636 4073 sanctos
646 4040 712 4086 quos
723 4026 831 4075 recitant
845 4028 945 4075 sancti:
963 4029 1033 4089 quod
1047 4027 1062 4087 J
1066 4027 1180 4088 osephus
1194 4033 1334 4075 asseverat.
1368 4026 1445 4087 Quod
1461 4033 1557 4089 autem,

404 4103 437 4150 de
449 4102 489 4150 his
500 4102 661 4163 scripserunt
678 4104 838 4153 manifestum
851 4112 891 4154 est
903 4120 951 4167 per
962 4106 1146 4154 Cassiodorum
1161 4112 1187 4153 et
1199 4104 1327 4153 isidorum
1341 4119 1420 4165 quum
1434 4110 1559 4153 tractatus

404 4196 467 4229 suos
477 4182 510 4229 de
522 4180 639 4229 omnibus
651 4181 708 4231 istis
719 4189 831 4244 quatuor
840 4190 1050 4245 composuerunt.
1083 4183 1245 4244 Augustinus
1261 4183 1339 4230 etiam
1352 4183 1386 4230 de
1401 4182 1516 4230 numeris
1533 4187 1560 4230 et

406 4259 504 4308 musica
521 4258 600 4307 libros
619 4260 736 4309 diversos
755 4261 916 4323 conscripsit.
952 4261 1005 4310 Sed
1029 4276 1081 4309 non
1105 4262 1188 4310 solum
1210 4261 1251 4309 isti
1274 4260 1321 4308 sed
1344 4260 1387 4309 alii
1409 4258 1492 4308 multi.
1528 4260 1561 4308 Et

405 4337 575 4385 Cassiodorus
602 4338 671 4400 dicit,
697 4336 877 4388 Mathematica
903 4339 990 4388 dicere
1013 4339 1142 4387 valeamus
1165 4353 1334 4400 quaecunque
1357 4338 1492 4398 docentur,
1511 4338 1561 4386 hoc

405 4421 491 4463 tamen
513 4415 614 4475 signum
630 4430 768 4464 commune
787 4425 893 4477 propter
912 4417 952 4464 sui
971 4417 1148 4466 excellentiam
1171 4416 1275 4478 proprie
1294 4416 1440 4464 vindicavit.
1482 4415 1516 4463 Et
1532 4416 1560 4464 in

406 4489 534 4549 tractatu,’
545 4494 591 4542 &e
627 4492 659 4542 Ο.
672 4492 720 4541 has
732 4508 810 4554 many
822 4494 1048 4543 otheromissions
1060 4494 1150 4543 inthis
1161 4494 1260 4543 sectiou
1278 4492 1308 4541 os
1319 4494 1364 4541 the
1375 4493 1460 4554 work,
1471 4494 1562 4543 which

407 4584 451 4617 are
468 4569 587 4631 supplied
603 4570 639 4630 by
656 4570 701 4618 the
718 4578 771 4618 two
789 4570 929 4620 Cottonian
947 4572 1035 4632 MSS,
1052 4572 1108 4621 Tib.
1128 4572 1156 4621 C.
1175 4588 1198 4635 v,
1216 4573 1267 4621 and
1284 4571 1336 4632 Jul.
1356 4571 1388 4619 D.
1406 4586 1431 4620 v.
1466 4572 1479 4621 1
1495 4573 1562 4621 have

408 4644 536 4695 indicated
548 4662 621 4696 some
632 4647 662 4695 os
670 4647 749 4709 thern,
761 4648 807 4697 but
819 4656 864 4697 not
875 4650 917 4698 all.
