3575 5375
703 578 985 637 xsrxorocnr.
1358 591 1420 652 399

268 755 345 808 sunt
361 743 437 808 talis
452 742 702 824 complexionis,
718 742 775 823 qui
798 741 879 804 alios
900 739 1049 804 inficiunt
1073 750 1107 804 et
1127 739 1265 804 laedunt
1289 761 1333 803 ex
1358 761 1419 803 sua
1432 752 1488 802 Tne
1500 770 1544 816 eye
1556 771 1586 803 or

269 849 466 931 praesentia,
489 857 523 911 et
542 868 600 931 per
616 847 722 911 visum
738 858 771 910 et
791 867 849 930 per
864 847 1002 909 verbum
1014 845 1033 909 ¹.
1079 845 1168 908 Nam
1186 846 1264 927 quia
1279 845 1418 908 verbum
1430 818 1585 934 ffiffin

267 953 311 1016 ab
327 953 536 1016 interioribus
552 952 708 1015 membris
723 950 928 1015 naturalibus
946 959 1124 1033 generatur
1143 961 1177 1013 et
1198 949 1359 1013 formatur
1374 971 1417 1012 ex
1430 966 1515 1014 1³0th
1526 952 1565 999 ror

268 1059 470 1141 cogitatione
485 1067 519 1121 et
535 1056 765 1136 sollicitudine,
780 1067 814 1119 et
835 1054 1020 1119 delectatur
1038 1054 1141 1118 homo
1161 1056 1193 1117 in
1213 1076 1262 1130 e0‚
1283 1065 1318 1119 et
1339 1076 1416 1137 pro·
1429 1017 1498 1131 {ffid
1511 1033 1539 1065 ⁰¹

268 1164 466 1245 priissimum
482 1172 531 1226 est
542 1163 797 1226 instrumentum
812 1161 943 1224 animae
957 1159 1135 1236 rationalis,
1146 1160 1221 1222 ideo
1237 1160 1417 1223 maximam

268 1267 448 1330 efficaciam
463 1267 564 1331 habet
580 1266 665 1330 inter
680 1267 793 1328 omnia
808 1286 896 1347 quae
916 1263 1001 1342 fiunt
1016 1265 1059 1327 ab
1081 1263 1225 1339 homine,
1240 1267 1417 1346 praecipue

267 1391 343 1433 cum
359 1392 402 1434 ex
422 1371 606 1436 intentione
624 1379 723 1448 certa,
740 1370 904 1434 desiderio
925 1389 1056 1452 magn0,
1071 1379 1105 1432 et
1128 1368 1314 1432 vehementi
1339 1390 1417 1432 con·

267 1475 403 1540 fidentia
441 1476 612 1559 profertur.
670 1474 775 1558 Cujus
813 1473 944 1556 signum
982 1483 1042 1548 est,
1071 1474 1164 1556 quod
1201 1475 1313 1537 omnia
1349 1473 1417 1540 fere

268 1580 424 1644 miracula
445 1601 530 1664 quae
551 1579 639 1644 facta
659 1590 738 1644 sunt
756 1599 815 1663 per
833 1589 966 1643 sanctos
986 1601 1007 1643 a
1034 1579 1193 1661 principio
1214 1578 1339 1643 fiebant
1359 1601 1418 1662 per

267 1686 422 1748 virtutem
445 1685 629 1762 verborum,
645 1686 733 1748 unde
754 1686 787 1747 in
808 1684 918 1747 verbis
935 1704 1065 1746 summa
1085 1696 1136 1748 est
1156 1693 1313 1766 potestas,
1332 1686 1417 1749 sicut

267 1790 440 1871 explicavi.
487 1790 533 1852 Et
569 1790 596 1854 si
627 1789 817 1872 hujusmodi
848 1788 1080 1871 multiplicatio
1109 1789 1230 1871 speciei
1260 1799 1295 1853 et
1324 1791 1416 1853 verbi

267 1895 409 1976 prolatio
441 1893 519 1958 fiant
557 1895 589 1957 in
627 1892 876 1958 constellatione
914 1893 1037 1970 debita,
1068 1913 1202 1956 necesse
1234 1904 1286 1957 est
1325 1896 1416 1976 quod

267 2000 417 2082 operatio
446 2000 557 2062 valida
587 2009 828 2079 consequatur3
858 2007 892 2061 et
922 1997 954 2058 in
991 1996 1042 2060 his
1076 1997 1228 2059 omnibus
1255 1997 1333 2060 nihil
1365 2009 1417 2062 est

267 2105 431 2187 magicum
452 2103 503 2166 vel
528 2105 689 2167 insanum.
736 2103 782 2165 Et
797 2103 824 2164 si
845 2101 910 2164 hoc
929 2113 1066 2165 vocetur
1085 2101 1263 2180 fascinatio,
1283 2123 1415 2176 nomen,

266 2208 292 2270 si
308 2207 472 2286 volumus,
488 2228 663 2291 possumus
678 2217 813 2271 mutare.
859 2205 928 2270 Sed
945 2227 996 2269 res
1012 2207 1044 2268 in
1064 2205 1156 2268 nullo
1176 2206 1278 2269 habet
1292 2206 1417 2270 calum-

267 2312 354 2376 niam
372 2313 462 2395 apud
478 2313 651 2395 sapientes.
698 2311 774 2374 Feci
791 2333 868 2376 vero
883 2311 1084 2374 mentionem
1103 2311 1146 2374 de
1161 2310 1372 2375 fascinatione
1382 2309 1416 2389 ²3

267 2417 393 2481 sedhic
411 2419 543 2481 uberius
561 2416 755 2498 explicatur.
779 2455 783 2464 ·
801 2415 869 2480 Sed
889 2416 967 2499 quia
983 2415 1099 2499 magici
1114 2426 1148 2478 et
1162 2415 1293 2479 vetulae
1313 2415 1414 2478 male-

267 2522 376 2585 dictae
410 2542 477 2584 non
508 2522 719 2586 considerant
750 2519 999 2584 fascinationem
1029 2542 1088 2602 per
1116 2520 1175 2584 has
1204 2520 1284 2596 vias,
1314 2520 1415 2582 immo

266 2637 415 2692 asserunt
437 2626 648 2691 alterationes
671 2625 796 2689 subitas
825 2623 1049 2690 indifferenter
1079 2623 1147 2689 fieri
1177 2647 1236 2709 per
1266 2624 1416 2688 homines

266 2754 491 2815 quoscunque,
506 2752 582 2795 cum
598 2732 728 2795 videtur
746 2752 797 2793 res
820 2730 851 2793 in
874 2751 971 2794 mane
990 2730 1041 2793 vel
1062 2752 1147 2810 sero,
1160 2730 1212 2793 vel
1234 2730 1417 2812 loquuntur

267 2839 308 2902 de
338 2836 402 2913 illa,
433 2838 508 2901 ideo
540 2857 625 2900 vana
661 2844 711 2899 est
748 2855 863 2898 eorum
900 2835 1068 2899 sententia
1096 2845 1131 2899 et
1163 2856 1182 2898 a
1213 2834 1416 2917 sapientibus

266 2942 448 3024 reprobata

311 3048 387 3111 Non
409 3047 516 3111 solum
541 3067 600 3129 pro
620 3044 881 3109 consideratione
904 3044 1090 3127 sapientiali
1114 3045 1196 3109 haec
1218 3045 1336 3122 scribo,
1354 3046 1414 3108 sed

265 3164 401 3238 propter
429 3152 572 3236 pericula
601 3171 688 3233 quae
717 3150 915 3234 contingunt
944 3159 979 3213 et
1008 3151 1200 3233 contingent
1224 3149 1415 3214 Christianis

265 3270 297 3321 et
321 3256 475 3323 ecclesiae
498 3256 561 3319 Dei
583 3276 643 3338 per
668 3254 825 3333 infideles,
849 3264 883 3318 et
913 3254 1058 3316 maxime
1082 3274 1140 3336 pcr
1162 3252 1414 3333 Antichristum,

265 3364 342 3445 quia
365 3363 434 3446 ipse
458 3371 570 3424 utetur
592 3368 759 3443 potestate
781 3359 972 3441 sapientiae,
995 3370 1029 3422 et
1052 3360 1163 3422 omnia
1185 3370 1353 3423 convertet
1379 3360 1412 3421 in

265 3468 397 3532 malum.
444 3468 490 3530 Et
512 3486 571 3549 per
592 3464 783 3547 hujusmodi
806 3464 908 3527 verba
937 3472 971 3526 et
1000 3483 1102 3545 opera
1131 3462 1358 3539 stellificanda‚
1380 3473 1414 3527 et

265 3594 387 3654 magno
417 3572 579 3636 desiderio
613 3570 814 3654 malignandi
853 3570 1084 3652 componenda
1118 3589 1194 3633 cum
1232 3569 1415 3632 intentione

264 3678 446 3741 certissima
482 3685 516 3740 et
554 3674 754 3740 confidentia
790 3673 990 3751 vehementi,
1020 3675 1090 3755 ipse
1127 3672 1341 3737 infortunabit
1378 3683 1413 3736 et

264 3781 468 3846 infascinabit
492 3800 556 3844 non
581 3780 688 3843 solum
721 3799 879 3861 personas
901 3778 1094 3860 singulares,
1117 3778 1176 3840 sed
1206 3778 1352 3842 civitates
1379 3788 1414 3841 et

264 3886 423 3969 regiones
469 3884 515 3948 Et
531 3886 688 3967 perhanc
703 3884 791 3947 viam
808 3882 1016 3965 magnificam
1033 3882 1129 3948 faciet
1143 3883 1213 3946 sine
1229 3882 1317 3947 bello
1332 3883 1412 3966 quid

262 3990 363 4067 volet,
381 4000 415 4055 et
435 3990 591 4054 obedient
611 3988 761 4052 homines
783 3989 812 4050 ei
834 3989 919 4051 sicut
944 3987 1078 4062 bestiae,
1095 3998 1129 4050 et
1149 3985 1247 4050 faciet
1263 4007 1364 4069 regna
1379 3998 1414 4051 et

263 4098 412 4159 civitates
427 4115 576 4178 pugnare
590 4095 632 4157 ad
651 4094 788 4156 invicem
805 4114 866 4176 pro
883 4113 926 4167 se,
940 4104 977 4154 ut
993 4092 1088 4156 amici
1098 4091 1271 4155 destruant
1286 4092 1412 4156 amicos

263 4220 350 4278 suoS,
366 4209 400 4263 et
416 4200 462 4261 sic
477 4199 520 4261 de
536 4200 661 4262 mundo
678 4196 775 4261 faciet
791 4197 881 4278 quod
899 4196 1111 4259 desiderabit.

308 4303 353 4367 Et
374 4303 419 4367 sic
441 4312 598 4385 poterunt
614 4301 743 4365 Tartari
766 4312 799 4365 et
822 4300 976 4365 Saraceni
999 4298 1113 4362 facere.
1160 4299 1248 4362 Nam
1272 4311 1412 4379 constat,
1426 4312 1483 4362 The

262 4409 352 4489 quod
377 4406 507 4469 Tartari
536 4406 609 4488 plus
635 4416 755 4469 vacant
784 4404 1005 4469 astronomiae
1034 4422 1135 4483 quam
1166 4402 1229 4477 alii,
1251 4424 1292 4466 eo
1321 4406 1411 4485 quod
1425 4382 1576 4430 enemtesor

261 4511 338 4574 licet
368 4512 401 4573 in
432 4509 544 4573 multis
574 4509 764 4574 nationibus
792 4511 859 4572 sint
889 4506 1070 4571 astronomi
1100 4508 1275 4589 sapientes,
1301 4518 1412 4572 tamen
1425 4445 1556 4576 gdllllly

459 4640 466 4668 ¹
485 4638 548 4687 Plin.
562 4638 604 4700 vii,
619 4654 642 4686 2.
1007 4632 1018 4663 ²
1032 4633 1071 4684 Cf.
1086 4649 1110 4696 p.
1127 4650 1182 4697 ¹⁴3·
