3575 5375
402 646 445 707 52
607 629 764 689 OPERIS
787 630 976 701 MAJORIS
1000 630 1116 690 PARS
1140 629 1350 689 SECUNDA.

401 812 478 855 cum
502 792 637 868 honore,
665 813 740 857 cum
765 793 951 875 disciplina,
978 814 1052 856 cum
1076 795 1286 870 auctoritate,
1310 804 1343 859 et
1369 802 1486 877 postea
1509 792 1556 857 sic

401 897 510 980 viguit
535 897 821 979 Pythagoreorum
846 918 976 976 nomen,
1002 908 1039 961 ut
1060 897 1139 961 nulli
1162 899 1218 962 alii
1244 900 1334 961 docti
1357 900 1556 962 viderentur.

404 1000 451 1064 Et
465 1000 676 1084 Tarquinius,
696 1012 733 1064 ut
749 1002 862 1066 scribit
881 1002 983 1076 Beda,
999 1012 1149 1084 tempore
1171 1002 1250 1086 Cyri
1271 1002 1356 1086 regis
1374 1003 1556 1075 Persarum,

402 1107 459 1189 qui
489 1107 617 1171 laxavit
646 1106 878 1188 captivitatem
904 1107 1117 1188 ludaeorum,
1148 1106 1287 1190 incepit,
1302 1128 1446 1190 regnare
1502 1104 1556 1169 Ac

402 1212 553 1295 regnavit
583 1221 735 1294 tempore
765 1210 944 1292 Cambysis
974 1210 1032 1275 filii
1066 1212 1149 1294 ejus,
1179 1222 1214 1277 et
1233 1213 1386 1276 ‘duorum
1415 1211 1554 1277 fratrum

402 1337 587 1400 magorum,
613 1325 647 1379 et
674 1316 774 1394 Darii,
801 1316 835 1378 in
863 1315 957 1396 cujus
984 1337 1071 1380 anno
1098 1318 1245 1381 secundo
1271 1316 1433 1400 templum
1463 1315 1555 1380 aedi·

401 1418 538 1483 ficatum
570 1430 630 1483 est.
688 1418 734 1482 Et
765 1427 845 1482 tunc
879 1418 986 1482 clarus
1022 1420 1238 1503 Pythagoras,
1273 1431 1310 1484 ut
1341 1420 1422 1483 dicit
1453 1421 1553 1501 Beda,

400 1524 595 1601 habebatur,
620 1534 654 1587 et
681 1522 878 1586 Zorobabel.
905 1522 1074 1605 Aggaeus,
1102 1524 1288 1599 Zacharias
1312 1535 1346 1588 et
1370 1523 1553 1591 Malachias

400 1629 584 1711 prophetae
615 1628 812 1692 claruerunt.
868 1628 1077 1709 Pythagoras
1111 1629 1246 1711 quidem
1277 1630 1415 1693 edoctus
1446 1628 1507 1692 luit
1533 1651 1554 1693 a

402 1733 581 1797 Pherecide
604 1731 699 1813 Syro,
722 1741 758 1794 ut
779 1731 860 1796 dicit
886 1731 1015 1795 Tullius
1039 1732 1123 1796 libro
1146 1733 1327 1815 praedicto,
1349 1734 1406 1816 qui
1432 1733 1552 1799 Phere-

399 1837 490 1901 cides
506 1838 632 1919 primus
653 1836 783 1899 animas
802 1835 975 1898 hominum
992 1836 1103 1918 posuit
1122 1835 1336 1911 immortales,
1351 1836 1443 1919 cujus
1466 1848 1552 1903 tem-

399 1960 482 2025 pora
505 1961 572 2005 non
594 1940 818 2005 certificantur
840 1939 903 2002 nisi
928 1961 987 2024 per
1011 1950 1142 2023 tempus
1167 1940 1377 2023 Pythagorae
1400 1941 1551 2025 discipuli

399 2046 472 2125 sui;
495 2046 649 2129 quamvis
667 2054 702 2107 et
721 2044 868 2108 Isidorus
887 2044 972 2107 libro
994 2046 1102 2126 primo
1127 2046 1225 2121 dicat,
1241 2046 1331 2128 quod
1356 2046 1553 2111 Pherecides

399 2151 530 2233 scripsit
545 2149 701 2213 historias
716 2160 869 2230 ternpore
885 2150 1023 2228 Esdrae,
1044 2150 1101 2231 qui
1120 2150 1230 2232 potuit
1247 2150 1332 2213 forte
1352 2169 1423 2215 esse
1438 2171 1552 2217 versus

400 2256 499 2319 finem
523 2255 613 2319 vitae
635 2254 738 2337 ipsius
761 2252 950 2317 Pherecidis
974 2264 1007 2318 et
1030 2254 1063 2317 in
1083 2254 1256 2334 juventute
1279 2254 1415 2319 Esdrae.
1461 2256 1550 2319 Nam

398 2381 419 2423 a
442 2370 603 2443 tempore,
621 2380 689 2443 quo
708 2360 819 2423 dictus
842 2359 1050 2442 Pythagoras
1071 2360 1192 2424 dicitur
1207 2358 1363 2436 floruisse,
1382 2359 1551 2425 fluxerunt

398 2466 532 2549 triginta
554 2486 616 2528 sex
638 2464 716 2527 anni
740 2463 862 2546 quibus
893 2463 1045 2545 regnavit
1071 2463 1202 2540 Darius,
1229 2475 1263 2528 et
1289 2466 1405 2528 decem
1430 2466 1552 2549 quibus

398 2570 541 2644 Xerxes,
570 2580 605 2634 et
634 2578 763 2652 septem
794 2586 925 2631 menses
958 2567 1079 2651 quibus
1112 2568 1292 2644 Arthabas‚
1321 2579 1355 2633 et
1385 2591 1446 2634 sex
1474 2572 1551 2635 anni

398 2673 520 2756 quibus
545 2671 756 2737 Artaxerxes
782 2671 1022 2754 Longimanus,
1041 2681 1222 2755 antequam
1250 2673 1377 2738 Esdras
1403 2666 1552 2740 ascendit

398 2779 443 2840 de
462 2776 647 2859 Babylonia
669 2778 702 2839 in
718 2776 910 2857 Jerusalem.
967 2776 1056 2840 Nam
1080 2778 1224 2860 septimo
1246 2799 1333 2841 anno
1357 2773 1447 2861 regni
1470 2779 1550 2862 ejus,

397 2881 507 2963 primo
536 2882 592 2946 die
630 2881 752 2944 mensis
790 2880 899 2964 primi,
930 2880 1054 2945 Esdras
1089 2884 1268 2946 secundum
1301 2881 1487 2966 Scripturas
1517 2894 1551 2948 et

398 2981 571 3046 chronicas
593 2979 761 3064 profectus
783 2990 844 3044 est.

806 3242 1034 3307 Cnrnrusun
1059 3242 1141 3305 XII.

227 3388 366 3439 Thelonic
446 3384 542 3448 Haec
561 3394 672 3447 autem
697 3383 763 3446 duo
786 3401 907 3463 genera
925 3379 1239 3465 philosophantium,
1255 3381 1378 3446 scilicet
1401 3383 1550 3446 Ionicum

223 3455 387 3584 {ffll‘ad'
399 3499 434 3552 et
450 3488 613 3565 Italicum,
630 3486 803 3550 ramificati
818 3496 895 3550 sunt
911 3506 970 3569 per
986 3486 1106 3549 multas
1129 3498 1236 3550 sectas
1251 3497 1285 3550 et
1300 3487 1409 3550 varios
1424 3508 1550 3552 succes-

223 3585 349 3700 {fffim'
397 3612 487 3656 sores
504 3612 608 3674 usque
630 3593 673 3655 ad
695 3591 881 3655 doctrinam
898 3589 1098 3664 Aristotelis,
1114 3591 1170 3672 qui
1189 3592 1334 3656 correxit
1355 3603 1388 3655 et
1410 3593 1551 3658 mutavit

224 3689 356 3768 Aristide.
397 3696 547 3760 omnium
569 3694 835 3780 praecedentium
860 3695 1053 3776 positiones
1068 3703 1101 3758 et
1124 3695 1372 3777 philosophiam
1395 3695 1551 3778 perficere

397 3810 535 3865 conatus
551 3810 610 3863 est.
656 3798 895 3863 Successerunt
910 3819 990 3861 vero
1008 3799 1224 3882 Pythagoras,
1239 3799 1410 3880 Archytas
1425 3800 1549 3864 Taren-

396 3905 497 3981 tinus,
520 3915 553 3968 et
576 3902 742 3980 Timaeus,
766 3902 852 3967 inter
866 3902 949 3964 alios
977 3903 1125 3967 maxime
1147 3903 1318 3967 nominati.
1363 3903 1431 3968 Sed
1455 3925 1550 3986 prae·

396 4008 484 4090 cipui
509 4007 712 4090 philosophi,
742 4017 779 4072 ut
810 4005 968 4071 Socrates
998 4017 1033 4071 et
1066 4007 1164 4071 Plato
1188 4017 1221 4070 et
1245 4008 1459 4084 Aristoteles,
1480 4029 1549 4072 non

396 4113 638 4177 descenderunt
664 4133 709 4174 ex
729 4112 791 4176 hac
815 4111 910 4186 linea,
929 4113 1033 4174 immo
1054 4132 1133 4174 vero
1158 4112 1261 4175 Ionici
1285 4123 1319 4176 et
1342 4112 1409 4176 veri
1430 4110 1549 4176 Graeci

395 4215 546 4292 suerunt3
579 4237 720 4299 quorum
751 4215 877 4298 primus
906 4215 969 4279 suit
999 4215 1123 4280 Thales
1153 4216 1311 4280 Milesius.
1366 4215 1551 4299 Quomodo

392 4331 505 4384 autem
524 4321 600 4383 huic
616 4321 736 4385 caeteri
756 4330 991 4396 successerunt,
1009 4320 1156 4384 ostendit
1172 4320 1383 4402 Augustinus
1406 4320 1549 4385 octavo¹

392 4425 479 4489 libro
509 4427 552 4488 de
582 4425 717 4489 civitate
747 4424 822 4487 Dei.
883 4423 971 4487 Nam
1004 4433 1080 4507 post
1111 4424 1287 4489 Thaletem
1321 4424 1383 4488 luit
1420 4425 1551 4507 primus

392 4529 647 4595 Anaximander
657 4529 728 4613 ejus
740 4527 932 4612 discipulus,
944 4529 994 4610 cuj
999 4550 1036 4592 us
1050 4549 1219 4593 successor
1230 4527 1293 4592 suit
1306 4528 1551 4607 Anaximenes,

859 4668 867 4696 ¹
883 4667 949 4728 Cap.
963 4681 988 4716 a.
