3575 5375
354 623 413 684 270
579 610 734 671 OPERIS
759 611 948 682 MAJORIS
972 613 1087 673 PARS
1112 613 1296 687 QUARTA.

353 791 419 836 non
435 774 542 838 solum
558 777 696 856 expedit
714 776 880 856 ecclesiae,
896 777 954 841 sed
975 779 1066 861 quod
1087 778 1234 842 maxime
1254 778 1352 841 decet
1373 795 1457 854 earn,
1472 786 1506 839 et

352 879 444 959 quod
467 879 538 943 sine
563 880 681 963 grandi
707 881 853 964 periculo
881 891 915 946 et
941 881 1134 946 confusione
1155 880 1252 946 vitari
1276 901 1343 946 non
1370 889 1505 964 potest3

353 984 504 1065 quamvis
540 992 653 1049 tamen
691 983 800 1068 longis
837 986 1045 1070 temporibus
1074 985 1146 1068 jam
1176 986 1297 1051 accidit
1327 984 1505 1068 multiplex

353 1086 484 1151 abusus.
530 1087 576 1152 Et
599 1089 754 1173 quoniam
777 1097 868 1154 totus
888 1091 943 1154 hic
963 1110 1054 1154 error
1073 1091 1223 1174 procedit
1242 1111 1288 1154 ex
1309 1110 1392 1173 pura
1411 1088 1505 1172 igno·

354 1193 460 1256 rantia
482 1201 516 1256 et
543 1192 747 1276 negligentia
770 1195 1053 1274 considerationis,
1079 1204 1174 1259 tanto
1196 1205 1248 1259 est
1270 1191 1366 1258 vilior
1391 1213 1505 1257 coram

355 1295 430 1360 Deo
445 1305 478 1360 et
494 1296 684 1362 hominibus
699 1299 831 1375 sanctis,
846 1309 880 1363 et
895 1299 986 1382 apud
1002 1319 1126 1375 omnes,
1136 1319 1201 1362 non
1216 1298 1325 1363 solum
1340 1298 1507 1381 sapientes

351 1411 569 1465 astronomos·
615 1401 684 1467 Sed
708 1412 743 1467 et
766 1404 989 1486 computistae
1011 1403 1136 1487 vulgati
1157 1403 1266 1467 sciunt
1289 1400 1505 1484 multiplicem

353 1523 505 1585 errorem,
528 1515 562 1569 et
587 1505 734 1570 scribunt
760 1527 859 1590 super
885 1507 949 1571 hoc
974 1508 1060 1572 sicut
1086 1517 1120 1571 et
1146 1507 1336 1586 astronomi,
1364 1525 1505 1588 quorum

353 1618 567 1692 utrorumque
587 1609 708 1693 scripta
728 1631 788 1695 per
804 1611 867 1676 Dei
889 1611 1062 1676 ecclesiam
1078 1612 1215 1693 vulgata
1234 1622 1323 1688 sunt,
1338 1611 1371 1673 in
1386 1610 1505 1694 quibus

353 1732 477 1777 errores
507 1712 540 1776 hi
569 1723 736 1794 notantur,
757 1723 792 1779 et
817 1716 860 1779 de
886 1715 1041 1779 remediis
1069 1716 1168 1779 datur
1194 1714 1379 1779 consilium.
1436 1713 1504 1778 Sed

353 1814 461 1881 nullus
476 1828 613 1902 propter
627 1821 800 1884 concilium
819 1820 974 1902 generale
991 1841 1090 1885 ausus
1112 1828 1164 1884 est
1182 1819 1288 1884 iacere
1310 1817 1504 1882 remedium.

353 1919 454 2003 Quod
477 1932 590 1987 autem
617 1923 752 1989 intendo
778 1925 832 1989 hic
858 1935 909 1990 est
936 1926 978 1990 de
1004 1925 1207 1989 correctione
1233 1923 1413 1987 calendarii
1438 1943 1506 2006 quo

352 2027 456 2091 utitur
470 2025 617 2092 ecclesia.
661 2027 767 2109 Julius
787 2030 922 2113 quidem
946 2027 1069 2093 Caesar
1088 2030 1122 2092 in
1141 2029 1344 2093 astronomia
1366 2029 1506 2093 edoctus

355 2129 533 2213 complevit
548 2132 699 2197 ordinem
715 2132 891 2198 calendarii
913 2134 1094 2197 secundum
1116 2133 1208 2217 quod
1228 2133 1340 2215 potuit
1355 2143 1506 2216 tempore

353 2255 435 2314 su0;
459 2247 493 2301 et
511 2238 595 2302 sicut
615 2236 771 2302 historiae
788 2247 923 2303 narrant
942 2247 1056 2302 contra
1074 2236 1260 2302 Achorium
1276 2246 1506 2302 astronomum

353 2349 387 2404 et
397 2341 581 2406 Eudoxum
594 2342 665 2425 ejus
677 2343 848 2408 doctorem
860 2343 1042 2426 disputavit
1053 2342 1086 2406 in
1094 2340 1258 2425 Aegypto
1269 2341 1313 2405 de
1321 2341 1507 2424 quantitate

352 2445 431 2509 anni
453 2445 576 2523 solaris,
592 2468 691 2529 super
712 2467 813 2531 quam
836 2445 1010 2511 fundatum
1031 2456 1082 2510 est
1102 2444 1325 2510 calendarium
1347 2454 1506 2509 nostrum.

354 2549 466 2630 Unde,
482 2551 567 2614 sicut
584 2551 739 2616 Lucanus
754 2551 860 2622 refert,
876 2552 948 2634 ipse
963 2551 1060 2628 dixit,
1155 2561 1159 2567 '

499 2655 596 2720 ‘Non
621 2677 714 2720 meus
739 2656 875 2721 Eudoxi
899 2656 1050 2720 vincetur
1073 2653 1213 2720 fastibus
1235 2653 1360 2721 annus’

186 2776 253 2825 'that
399 2766 467 2832 Sed
486 2788 554 2833 non
576 2770 723 2852 pervenit
740 2768 848 2851 Julius
870 2770 914 2833 ad
931 2790 1042 2834 veram
1061 2770 1138 2833 anni
1158 2771 1390 2852 quantitatem,
1405 2790 1506 2851 quam

184 2842 321 2957 mli„
356 2872 452 2954 ponit
466 2893 538 2936 esse
555 2874 587 2937 in
602 2873 788 2938 calendario
804 2885 918 2937 nostro
932 2872 1048 2938 ccclxv
1062 2874 1133 2939 dies
1154 2883 1189 2938 et
1204 2884 1358 2956 quartam
1374 2873 1439 2938 diei
1458 2874 1507 2937 in-

183 2973 343 3103 {gffi‘ffly
355 2985 500 3060 tegram;
520 2998 605 3062 quae
615 2988 734 3062 quarta
745 2977 981 3062 colligiturper
990 2980 1022 3042 iv
1031 2998 1145 3059 annos,
1155 2990 1193 3043 ut
1207 2979 1240 3042 in
1256 2998 1345 3043 anno
1360 2977 1505 3041 bisextili

185 3109 233 3167 ff,
245 3104 299 3155 of·
356 3092 567 3164 computetur
582 3102 665 3146 unus
681 3084 751 3147 dies
767 3083 841 3165 plus
856 3084 890 3146 in
909 3093 1028 3167 quarto
1047 3104 1145 3163 anno,
1160 3102 1261 3165 quam
1277 3082 1311 3146 in
1327 3082 1399 3146 aliis
1413 3079 1507 3145 annis

184 3172 240 3233 day.
356 3188 595 3252 communibus.
643 3187 857 3253 Manifestum
874 3199 987 3253 autern
1002 3197 1052 3251 est
1072 3208 1132 3271 per
1151 3207 1268 3253 omnes
1287 3186 1506 3270 computistas

354 3292 510 3375 antiquos
525 3304 560 3358 et
572 3314 685 3372 novos,
697 3293 755 3357 sed
773 3302 807 3357 et
822 3292 1040 3357 certificatum
1056 3302 1107 3356 est
1119 3292 1259 3374 pervias
1273 3291 1506 3369 astronomiae,

353 3399 443 3479 quod
452 3397 621 3481 quantitas
632 3398 709 3461 anni
722 3396 837 3465 solaris
850 3418 916 3461 non
928 3406 978 3461 est
988 3405 1091 3477 tanta,
1102 3398 1205 3460 immo
1216 3395 1331 3460 minor.
1359 3394 1406 3459 Et
1416 3394 1504 3458 istud

354 3502 462 3564 minus
480 3502 675 3566 aestimatur
696 3523 717 3566 a
735 3502 939 3585 sapientibus
961 3522 1033 3565 esse
1053 3502 1148 3583 quasi
1169 3508 1303 3565 cxxx'fl·
1317 3521 1394 3583 pars
1408 3499 1506 3562 unius

353 3605 418 3669 diei
429 3603 451 3667 ¹.
497 3605 598 3671 Unde
613 3616 726 3671 tamen
743 3607 776 3669 in
793 3627 889 3669 cxxx
905 3607 1000 3669 annis
1016 3604 1181 3687 superflue
1196 3613 1409 3686 computatur
1420 3622 1506 3666 unus

353 3710 433 3788 dies,
448 3710 505 3792 qui
523 3710 549 3775 si
567 3710 756 3787 auferretur,
771 3720 859 3775 esset
878 3710 1099 3774 calendarium
1115 3718 1298 3774 correctum
1316 3708 1425 3789 quoad
1442 3705 1505 3771 hoc

352 3825 536 3895 peccatum.
583 3813 628 3877 Et
646 3815 720 3878 ideo
743 3835 818 3879 curn
838 3815 951 3879 omnia
968 3834 1055 3897 quae
1073 3824 1151 3877 sunt
1168 3814 1202 3876 in
1223 3812 1412 3878 calendario
1433 3810 1505 3875 sun-

386 4022 394 4051 ¹
412 4022 480 4072 That
491 4023 536 4073 the
551 4023 640 4086 length
653 4024 683 4072 ol'
690 4025 735 4073 the
746 4040 811 4087 year
820 4040 877 4074 was
887 4024 1008 4087 wrongly
1019 4025 1095 4087 given
1107 4024 1134 4073 in
1146 4024 1193 4073 the
1203 4023 1290 4083 Julian
1298 4022 1428 4072 Calender
1438 4030 1507 4072 must
1702 4045 1714 4078 e

353 4101 420 4150 heve
435 4102 503 4151 been
517 4102 616 4151 known
632 4110 660 4151 to
675 4104 720 4152 the
736 4104 809 4152 small
824 4118 907 4165 group
924 4104 955 4152 oi
965 4103 1077 4151 Arabian
1091 4118 1151 4151 men
1168 4101 1198 4150 οἰ
1209 4102 1312 4151 science
1327 4102 1389 4149 who
1403 4102 1506 4150 studied

356 4178 495 4243 Ptolemy's
512 4180 652 4245 Almagrsi.
688 4181 739 4230 But
760 4182 815 4231 that
833 4183 878 4231 the
896 4187 1003 4230 amount
1020 4180 1050 4229 oi
1068 4181 1113 4229 the
1133 4195 1206 4227 error
1224 4179 1285 4228 was'
1300 4186 1348 4228 not
1366 4187 1460 4228 matter
1479 4179 1510 4228 oi

354 4272 473 4308 common
488 4260 644 4321 knowledge
655 4260 712 4309 hall
718 4277 734 4310 a
746 4268 857 4321 century
867 4260 935 4309 alter
945 4260 990 4308 the
1003 4259 1075 4322 Opus
1085 4256 1174 4321 Hujus
1183 4273 1240 4307 was
1250 4258 1367 4318 written,
1377 4258 1401 4305 is
1411 4258 1505 4307 shown

354 4338 388 4399 by
399 4338 443 4386 the
458 4352 568 4401 passage
579 4339 606 4387 in
619 4340 705 4388 Dente
719 4339 862 4401 (Pamdr'so,
874 4338 954 4387 xxvii.
968 4340 1068 4401 142-3),
1079 4338 1170 4386 where
1188 4337 1234 4386 the
1245 4351 1318 4385 error
1330 4336 1353 4385 is
1367 4336 1468 4398 spoken
1480 4338 1511 4386 oi

353 4434 383 4467 es
393 4418 472 4480 being
483 4418 527 4467 the
538 4418 686 4468 hundredth
698 4425 755 4481 part
766 4418 796 4467 oi
804 4434 819 4466 a
831 4418 891 4479 clay,
924 4418 981 4465 The
998 4416 1137 4465 difference
1154 4416 1276 4464 between
1289 4418 1339 4477 ἢ,
1353 4416 1404 4464 and
1420 4419 1471 4479 ἢ,
1485 4416 1507 4464 is

353 4498 532 4547 considerable
548 4505 575 4547 to
592 4498 667 4547 those
682 4498 744 4545 who
760 4497 840 4546 know
856 4494 967 4545 Dante’s
984 4495 1082 4544 minute
1097 4495 1149 4543 and
1165 4495 1265 4556 precise
1282 4508 1343 4553 way
1358 4494 1388 4542 ol
1401 4494 1508 4556 dealing

353 4576 417 4624 with
428 4576 492 4625 such
504 4576 645 4639 questions.
679 4574 736 4624 The
747 4590 822 4625 mean
834 4574 923 4636 length
935 4574 964 4622 ol
974 4575 1019 4623 the
1030 4573 1186 4635 equinoctial
1198 4588 1262 4636 year
1273 4573 1295 4621 is
1307 4572 1379 4634 365⁴,
1390 4572 1429 4634 5¹²,
1443 4574 1506 4633 48⁸,

353 4658 396 4715 51¹
405 4682 411 4696 ·
420 4656 444 4704 6.
