3575 5375
597 639 772 711 JUDICIA
799 639 1122 700 ASTRONOMIAE.
1375 641 1436 717 267

283 800 503 885 planetarum.
550 803 596 867 Et
611 815 781 887 praeterea
796 805 913 868 dicunt
927 804 1017 886 quod
1033 803 1186 867 voluntas
1209 824 1276 867 non
1298 805 1435 886 cogitur,

284 908 343 969 sed
355 917 468 970 tamen
481 927 600 990 corpus
612 908 773 974 alteratur
783 929 842 992 per
850 909 990 972 virtutes
1000 908 1177 987 coelorum,
1187 919 1221 972 et
1232 916 1312 973 tunc
1323 909 1436 973 anima

285 1013 413 1093 corpori
434 1013 527 1076 unita
543 1014 709 1078 excitatur
723 1014 852 1078 fortiter
868 1023 903 1078 et
922 1013 1091 1077 inducitur
1105 1012 1293 1090 efficaciter,
1308 1013 1385 1077 licet
1401 1013 1435 1075 in

285 1115 377 1180 nullo
399 1127 546 1200 cogatur,
567 1128 604 1181 ut
626 1117 707 1182 velit
728 1118 833 1200 gratis
857 1118 950 1200 sequi
974 1116 1202 1181 inclinationes
1224 1118 1370 1200 corporis
1391 1118 1435 1181 ad

284 1231 378 1285 actus
393 1223 542 1304 privatos
556 1221 607 1285 vel
624 1222 783 1306 publicos,
799 1233 832 1286 et
851 1224 893 1286 ad
910 1224 1018 1286 bonos
1035 1222 1120 1285 sicut
1140 1221 1182 1284 ad
1199 1221 1316 1298 malos,
1333 1230 1370 1285 ut
1388 1220 1436 1286 sic

284 1326 456 1409 opiniones
476 1335 511 1390 et
531 1338 640 1390 sectae
660 1337 694 1390 et
718 1328 919 1391 mutationes
941 1327 1216 1390 consuetudinum
1238 1326 1436 1390 inducantur

283 1451 344 1512 per
358 1428 503 1514 aliquem
520 1429 684 1494 famosum
701 1432 734 1494 in
753 1431 877 1515 populo
897 1441 930 1493 et
945 1440 1128 1512 potentem,
1142 1432 1325 1494 secundum
1342 1430 1432 1511 quod

283 1536 470 1617 praevisum
486 1535 545 1598 luit
564 1545 598 1599 et
613 1537 862 1619 praecognitum
884 1557 905 1599 a
921 1535 1016 1613 Deo;
1040 1536 1087 1599 ita
1102 1535 1194 1618 quod
1216 1534 1369 1616 planetae
1388 1534 1435 1598 sic

284 1659 350 1702 non
367 1638 474 1702 solum
491 1639 556 1703 sint
571 1640 675 1723 signa,
691 1641 749 1704 sed
764 1639 890 1723 aliquid
907 1639 1030 1704 faciant
1045 1641 1079 1703 in
1095 1639 1285 1703 excitando.

329 1741 473 1806 Etcum
496 1754 677 1827 posuerunt
697 1745 879 1808 Dominum
896 1745 1011 1825 Jesum
1035 1743 1205 1809 Christum
1227 1764 1300 1807 esse
1323 1743 1434 1806 Deum

283 1857 317 1911 et
332 1845 511 1922 hominem,
523 1857 561 1912 ut
578 1849 718 1913 Ethicus
733 1859 944 1913 astronomus
959 1848 1132 1912 manifeste
1147 1848 1230 1912 dicit
1245 1849 1278 1911 in
1294 1846 1435 1911 Cosmo·

283 1951 432 2035 graphia,
458 1963 492 2016 et
518 1952 695 2017 Alchimus
724 1953 881 2031 similiter,
908 1973 1038 2018 necnon
1063 1962 1098 2015 et
1125 1952 1158 2015 in
1184 1952 1242 2014 illo
1266 1951 1352 2015 libro
1378 1951 1435 2034 qui

284 2056 480 2131 inscribitur,
514 2056 655 2120 Ovidius
683 2057 725 2120 de
755 2057 871 2134 vetula,
899 2056 1010 2119 Deum
1041 2056 1204 2120 incarnari
1235 2056 1269 2119 in
1300 2054 1436 2119 Christo

284 2161 458 2244 colligitur,
473 2161 691 2224 attribuentes
709 2162 738 2225 ei
758 2163 847 2245 quod
871 2161 934 2225 soli
956 2161 1084 2224 homini
1107 2161 1301 2242 denegatur,
1316 2159 1436 2224 volunt

284 2268 374 2347 quod
398 2266 569 2347 dispositio
595 2265 747 2328 coelestis
773 2266 883 2347 potuit
907 2286 979 2328 esse
1001 2265 1035 2327 in
1057 2265 1188 2347 signum
1211 2264 1435 2344 conceptionis

283 2369 438 2453 Virginis,
454 2379 488 2433 et
503 2369 685 2433 nativitatis
704 2369 791 2433 illius
811 2369 979 2442 Hominis,
995 2369 1029 2431 in
1042 2379 1206 2452 quantum
1223 2369 1334 2446 homo,
1349 2368 1435 2431 sicut

283 2472 380 2538 stella
409 2474 572 2557 praestitit
602 2475 735 2556 signum
766 2474 798 2536 in
825 2473 897 2556 ejus
922 2474 1105 2549 nativitate,
1130 2475 1312 2537 secundum
1342 2471 1433 2555 quod

284 2578 404 2641 dicitur
422 2579 456 2640 in
476 2576 559 2640 libro
576 2597 732 2642 cursuum
751 2577 967 2660 planetarum,
983 2579 1073 2660 quod
1092 2577 1247 2660 planetae
1268 2597 1384 2641 omnes
1401 2586 1435 2640 et

284 2693 434 2746 caeterae
457 2681 573 2746 stellae
596 2681 690 2748 aliter
712 2683 788 2747 Deo
811 2682 938 2747 homini
961 2681 1059 2759 facto,
1073 2681 1171 2748 aliter
1192 2703 1275 2765 puro
1296 2681 1436 2759 homini,

177 2820 179 2825 .
283 2786 380 2851 aliter
399 2787 546 2863 creatori,
561 2786 657 2851 aliter
676 2789 832 2853 creaturis
853 2786 1063 2852 famulantur.
1108 2788 1225 2852 Voluit
1243 2807 1326 2870 ergo
1341 2788 1435 2852 Deus

285 2911 335 2955 res
350 2912 427 2955 suas
446 2892 492 2956 sic
513 2892 673 2969 ordinare,
690 2902 725 2956 ut
746 2894 910 2975 quaedam
933 2914 1020 2977 quae
1040 2892 1151 2958 lutura
1171 2894 1368 2976 praeviderit
1382 2893 1435 2957 vel

284 2997 578 3078 praedestinaverit
613 2998 862 3062 rationabilibus
897 3019 956 3080 per
990 2997 1142 3082 planetas
1176 2999 1434 3075 ostenderentur,

284 3102 359 3167 ideo
382 3102 506 3166 scilicet
532 3112 569 3165 ut
594 3122 687 3165 mens
713 3104 857 3166 humana
881 3102 947 3165 Dei
970 3101 1108 3167 mirifica
1138 3121 1378 3183 recognoscens
1400 3103 1434 3165 in

283 3227 430 3270 amorem
451 3207 501 3270 sui
522 3207 700 3270 conditoris
721 3226 878 3271 succensa
899 3215 1110 3271 excresceret.
1156 3206 1201 3269 Et
1222 3206 1298 3268 ideo
1317 3206 1435 3270 volunt

284 3312 373 3393 quod
391 3312 524 3374 innuere
540 3320 574 3374 et
589 3308 771 3392 significare
783 3320 923 3392 possunt
933 3310 1091 3374 coelestia
1102 3309 1165 3373 hoc
1177 3330 1263 3392 opus
1278 3308 1433 3372 deificum

284 3414 508 3496 conceptionis
535 3422 569 3475 et
596 3412 785 3487 nativitatis,
808 3423 974 3494 quatenus
1000 3424 1149 3477 creatura
1173 3423 1351 3476 attestetur
1373 3432 1434 3475 suo

284 3517 424 3582 creatori
440 3518 475 3580 in
490 3537 588 3581 carne
603 3516 757 3579 venienti.
804 3516 898 3581 Sicut
912 3528 1030 3580 contra
1045 3526 1196 3580 naturam
1211 3515 1262 3580 sol
1278 3518 1433 3581 obscura-

283 3631 338 3685 tus
359 3622 421 3686 luit
445 3623 477 3685 in
502 3622 674 3705 passione;
698 3622 947 3703 propterquod
971 3621 1160 3703 philosophi
1184 3620 1267 3686 haec
1284 3622 1434 3686 videntes

283 3728 450 3806 dixerunt,
466 3728 555 3811 quod
578 3737 636 3789 aut
659 3726 781 3809 aliquid
797 3726 889 3789 Deus
911 3736 1049 3790 naturae
1068 3725 1265 3808 patiebatur,
1284 3736 1342 3789 aut
1362 3736 1435 3792 tota

284 3834 400 3898 mundi
424 3831 576 3896 machina
595 3830 839 3895 dissolveretur.
896 3830 942 3893 Et
965 3830 1185 3912 proculdubio
1207 3831 1324 3894 volunt
1342 3832 1434 3914 quod

285 3937 489 4020 impossibile
508 3937 549 4000 sit
573 3936 684 3999 Deum
708 3935 826 4018 subjici
846 3944 1025 4011 creaturae,
1042 3955 1101 3997 nec
1122 3935 1213 4018 quod
1236 3934 1325 3999 istud
1349 3956 1433 4018 opus

283 4043 431 4105 divinum
452 4042 484 4104 in
506 4052 668 4123 quantum
693 4040 753 4103 luit
776 4060 797 4103 a
810 4041 933 4103 virtute
952 4039 1079 4102 infinita
1100 4050 1134 4102 et
1151 4060 1252 4123 supra
1273 4049 1433 4117 naturam,

283 4147 395 4229 aliquo
412 4147 513 4210 modo
528 4145 625 4209 fuerit
641 4143 827 4227 subjectum
843 4144 1054 4227 dispositioni
1074 4143 1227 4207 coelesti:
1251 4144 1309 4207 sed
1324 4143 1432 4207 solum

283 4253 371 4334 quod
388 4249 469 4313 illud
493 4248 599 4313 suerat
621 4250 655 4312 in
671 4250 811 4333 signum.
858 4249 1075 4331 inquantum
1091 4260 1203 4313 tamen
1219 4248 1323 4332 Virgo
1338 4269 1434 4311 mun-

283 4355 419 4419 dissima
442 4354 504 4417 suit
522 4374 599 4417 vera
621 4363 727 4418 mater
749 4364 782 4417 et
807 4353 964 4418 naturalis
988 4353 1126 4418 Domini
1143 4352 1223 4434 Jesu
1247 4351 1383 4427 Christi,
1398 4363 1432 4416 et

283 4470 421 4542 operata
442 4458 541 4522 luerit
563 4480 607 4522 ex
630 4458 752 4523 virtute
774 4459 918 4523 naturali
942 4459 976 4521 in
1001 4457 1228 4541 praeparando
1257 4456 1431 4519 materiam

282 4573 315 4627 et
334 4564 368 4627 in
391 4562 533 4627 fovendo
551 4572 629 4645 post
647 4565 899 4646 conceptionem
923 4571 957 4627 et
980 4564 1013 4626 in
1036 4561 1235 4644 hujusmodi,
1250 4572 1432 4643 posuerunt

283 4670 438 4733 virtutem
476 4668 558 4731 coeli
596 4678 809 4752 cooperatam
845 4668 943 4732 luisse
972 4667 1085 4733 virtuti
1116 4664 1256 4730 naturali
1285 4664 1433 4748 Virginis
