3575 5375
390 638 450 700 144
602 623 758 682 OPERIS
781 623 969 694 MAJORIS
994 622 1109 682 PARS
1134 622 1318 696 QUARTA.

386 785 617 869 generantium
632 786 714 851 nihil
731 794 841 868 potest
856 786 929 850 sciri
949 786 1019 850 sine
1037 785 1239 868 geometrica
1260 794 1437 868 potestate,
1454 804 1542 849 nunc

387 891 464 955 volo
482 890 623 956 breviter
639 892 834 973 pertransire
849 912 869 953 a
884 901 978 974 parte
999 891 1156 955 materiae
1175 891 1317 963 illorum,
1332 889 1542 954 ostendendo

388 997 478 1077 quod
502 1016 634 1059 necesse
656 1006 707 1061 est
726 995 893 1060 verificare
917 997 1089 1067 materiam
1115 997 1229 1059 mundi
1252 1015 1313 1076 per
1334 995 1542 1058 demonstra-

387 1100 496 1164 tiones
518 1100 551 1163 in
574 1100 668 1164 lineis
690 1101 902 1183 geometricis
925 1100 1149 1183 explicandas,
1164 1100 1192 1163 si
1215 1109 1369 1183 potenter
1390 1097 1544 1162 volumus

387 1224 512 1268 errores
540 1203 685 1268 infinitos
710 1225 877 1268 evacuare.
924 1204 1108 1269 Multitudo
1130 1224 1209 1266 vero
1236 1202 1542 1286 philosophantium

388 1328 454 1371 non
473 1309 580 1372 solum
598 1309 630 1372 in
646 1309 752 1372 forma
768 1309 901 1392 propria
914 1309 1151 1390 philosophiae,
1160 1308 1217 1371 sed
1231 1309 1265 1370 in
1278 1328 1338 1370 usu
1355 1307 1544 1388 theologiae

388 1412 469 1477 dicit
485 1423 518 1476 et
534 1415 660 1491 asserit,
668 1415 758 1496 quod
775 1433 841 1476 una
856 1424 907 1477 est
923 1413 1063 1477 materia
1074 1433 1213 1476 numero
1225 1413 1259 1475 in
1275 1412 1430 1476 omnibus
1446 1411 1543 1474 rebus

388 1528 421 1580 et
437 1519 528 1598 quod
543 1519 650 1582 solum
667 1529 718 1582 est
733 1519 907 1582 diversitas
921 1540 941 1581 a
957 1528 1051 1600 parte
1068 1516 1258 1582 formarum.

433 1618 502 1684 1Et
524 1624 633 1704 arguit
655 1624 697 1685 ad
721 1623 784 1687 hoc
807 1624 897 1706 quod
921 1623 948 1686 si
972 1622 1190 1686 excludamus
1213 1641 1272 1706 per
1295 1619 1498 1706 intellectum
1523 1639 1544 1682 a

389 1725 527 1788 materia
550 1725 632 1789 coeli
656 1737 690 1790 et
709 1727 828 1810 lapidis
851 1726 974 1791 formas
997 1746 1111 1789 eorum
1135 1746 1201 1788 non
1223 1735 1275 1789 est
1295 1725 1463 1806 assignare
1484 1743 1545 1804 per

389 1830 477 1909 quod
494 1829 648 1894 differant
662 1833 753 1914 quod
770 1841 864 1895 actus
879 1853 900 1894 a
920 1831 1028 1896 torma
1047 1831 1175 1909 dividit,
1192 1839 1228 1893 ut
1244 1829 1326 1893 dicit
1341 1827 1543 1892 Aristoteles

387 1934 533 2017 septimo
550 1933 810 2019 Metaphysicae.
858 1937 904 2001 Et
919 1937 952 1999 in
969 1937 1075 2020 primo
1097 1933 1338 2018 Physicorum²
1354 1935 1436 1997 dicit
1451 1933 1542 2014 quod

387 2039 500 2104 omnia
523 2050 600 2104 sunt
623 2061 724 2106 unum
747 2042 780 2104 iu
803 2041 941 2105 materia
965 2042 1025 2106 sed
1051 2041 1208 2104 differunt
1236 2042 1269 2104 in
1293 2039 1419 2103 forma:
1452 2048 1486 2100 et
1509 2037 1545 2099 in

386 2146 532 2208 secundo
550 2144 803 2228 Metaphysicae
824 2146 906 2209 dicit
926 2145 1016 2228 quod
1033 2145 1113 2207 nihil
1133 2153 1184 2208 est
1200 2144 1232 2207 in
1249 2142 1387 2206 materia
1405 2141 1545 2205 distinc-

386 2257 469 2310 tum.
516 2248 561 2312 Et
577 2249 603 2312 si
628 2250 764 2314 materia
783 2249 1025 2334 plurificaretur
1045 2249 1131 2314 sicut
1153 2248 1269 2326 forma,
1290 2248 1380 2329 quod
1404 2245 1545 2309 materia

386 2353 448 2414 erit
470 2353 655 2417 communis
678 2363 711 2417 et
736 2353 967 2436 praedicabilis
990 2353 1033 2416 de
1055 2352 1205 2435 pluribus
1226 2352 1312 2416 sicut
1334 2351 1450 2414 forma.
1498 2348 1546 2413 Et

387 2455 532 2540 allegant
550 2459 639 2540 quod
655 2478 754 2522 omne
773 2457 957 2522 universale
979 2466 1131 2521 naturam
1155 2455 1280 2520 formae
1297 2457 1406 2519 habet.
1453 2454 1545 2517 Nam

388 2569 500 2640 partes
517 2561 720 2625 delinitionis
740 2572 777 2625 ut
797 2563 878 2628 dicit
901 2561 1102 2626 Aristoteles
1123 2562 1267 2645 septimo
1291 2558 1547 2643 Metaphysicae

388 2673 466 2727 sunt
488 2663 655 2743 formae³3
679 2666 737 2730 sed
761 2675 871 2750 partes
894 2666 1095 2731 definitionis
1117 2674 1195 2730 sunt
1216 2685 1275 2747 per
1295 2684 1400 2748 genus
1423 2673 1457 2728 et
1479 2661 1545 2727 dil-

388 2766 560 2832 serentiam
590 2780 623 2833 et
653 2782 861 2853 componunt
889 2773 1053 2855 speciem;
1091 2791 1171 2853 ergo
1199 2772 1326 2853 species
1356 2777 1407 2833 est
1436 2768 1547 2831 forma

387 2881 519 2935 tantum
541 2873 626 2938 sicut
649 2894 753 2956 genus
779 2885 813 2939 et
840 2874 1032 2939 differentia
1079 2874 1125 2939 Et
1148 2883 1280 2939 constat
1301 2876 1392 2957 quod
1419 2874 1547 2955 reliqua

388 2976 457 3039 duo
473 2977 668 3041 universalia
689 2979 913 3063 Porphiriana,
925 2980 958 3043 id
975 2989 1026 3043 est
1047 2979 1217 3063 proprium
1234 2988 1268 3041 et
1286 2978 1451 3054 accidens,
1466 2985 1546 3041 sunt

387 3100 491 3161 purae
505 3081 644 3161 formae,
658 3084 736 3165 quia
752 3094 828 3148 sunt
846 3086 888 3148 de
904 3084 1160 3166 predicamentis
1176 3083 1409 3146 accidentium.
1451 3080 1546 3161 Ergo

386 3204 486 3248 omne
518 3188 701 3251 universale
730 3197 781 3251 est
811 3187 938 3265 sorma3
972 3196 1007 3250 et
1037 3188 1112 3252 ideo
1142 3188 1282 3251 materia
1311 3207 1378 3249 non
1407 3184 1548 3249 habebit

386 3290 546 3354 rationem
579 3292 772 3356 universalis
800 3293 859 3355 sed
887 3291 1063 3375 singularis
1093 3294 1155 3357 erit
1185 3304 1220 3357 et
1248 3311 1314 3355 una
1345 3293 1379 3352 in
1406 3308 1546 3353 numero

387 3394 550 3457 omnibus.
591 3395 637 3459 Et
657 3416 716 3477 per
730 3395 922 3478 hujusmodi
944 3395 1158 3459 fundamenta
1173 3405 1207 3459 et
1224 3394 1439 3459 auctoritates
1458 3392 1547 3457 male

386 3498 563 3561 translatas
588 3500 737 3562 nituntur
761 3500 970 3582 persuadere.
1017 3499 1084 3564 Sed
1112 3500 1165 3563 hic
1192 3509 1243 3563 est
1272 3518 1362 3562 error
1387 3497 1545 3561 infinitus.

388 3598 508 3662 Nullus
535 3602 620 3665 enim
648 3602 754 3684 major
780 3612 831 3666 est
857 3604 890 3666 in
913 3604 1105 3668 veritatibus
1131 3602 1352 3686 speculativis,
1374 3602 1455 3684 quia
1481 3601 1547 3664 hoc

387 3702 470 3766 dato
500 3703 705 3785 impossibile
735 3717 786 3770 est
810 3726 941 3770 servare
971 3727 1079 3770 rerum
1106 3708 1363 3789 generationem,
1390 3715 1425 3768 et
1451 3706 1548 3787 igno·

388 3804 514 3867 rabitur
539 3816 630 3871 totus
656 3809 812 3874 decursus
838 3822 985 3875 naturae.
1030 3809 1098 3875 Sed
1126 3812 1217 3893 quod
1244 3811 1319 3893 plus
1349 3819 1410 3885 est,
1436 3810 1464 3872 si
1492 3809 1548 3871 hic

389 3926 479 3969 error
507 3909 710 3985 discutiatur,
741 3914 925 3978 invenietur
950 3914 1048 3979 valde
1079 3916 1286 3997 propinquus
1321 3914 1460 3990 haeresi,
1488 3921 1549 3977 aut

388 4010 525 4074 omnino
541 4010 732 4093 haereticus,
743 4036 810 4096 quo
826 4016 908 4080 nihil
925 4019 1032 4101 magis
1046 4019 1090 4091 sit
1106 4019 1291 4102 profanum,
1301 4020 1381 4100 quia
1395 4018 1549 4098 sequitur

389 4114 573 4176 necessario
588 4118 676 4196 quod
700 4119 838 4181 materia
860 4120 904 4184 sit
925 4122 1017 4185 Deus
1039 4131 1073 4185 et
1094 4132 1231 4186 creator.
1277 4121 1381 4204 Quod
1400 4120 1480 4185 volo
1503 4120 1549 4184 ad

421 4271 430 4301 ¹
448 4274 524 4323 From
533 4275 596 4325 here
608 4284 635 4327 to
647 4278 764 4328 nituntur
772 4282 930 4342 persuadere
940 4283 1046 4333 omitted
1055 4284 1081 4332 in
1090 4284 1115 4343 J.
1144 4285 1167 4334 lt
1176 4286 1222 4333 hus
1230 4286 1298 4333 been
1308 4285 1427 4333 restored
1436 4284 1504 4333 from
1514 4283 1549 4334 Ο.

422 4350 432 4379 ²
448 4354 499 4415 ἠδ’
511 4352 558 4415 ὕλη
573 4354 698 4417 ἄγνωστος
712 4356 765 4405 καθ’
776 4356 860 4418 αὑτήν.
895 4358 952 4409 Mer.
965 4361 998 4410 vi.
1013 4366 1077 4420 ro,§
1093 4377 1131 4424 13.
1165 4362 1205 4414 cf.
1217 4362 1338 4412 Natural.
1350 4362 1472 4411 Australi.
1484 4364 1511 4411 ii.
1527 4379 1549 4423 r,

390 4432 472 4492 5511,
488 4445 526 4481 12.
559 4432 617 4480 The
633 4448 742 4496 passage
760 4436 786 4483 iu
803 4435 921 4487 Natural.
933 4439 1051 4489 Anemo.
1064 4438 1081 4488 i.
1093 4456 1116 4500 4,
1133 4447 1145 4501 ς
1161 4456 1182 4503 1,
1194 4457 1306 4504 appears
1323 4449 1352 4490 to
1370 4440 1441 4490 refer
1456 4450 1486 4491 to
1503 4442 1552 4491 the

389 4508 494 4569 opinion
506 4506 534 4558 ol
542 4509 638 4559 others.

421 4582 431 4609 ¹
448 4584 526 4633 Ἀλλὰ
542 4587 586 4635 τοῦ
602 4589 680 4651 λόγου
697 4587 758 4651 μέρη
773 4587 806 4637 τὰ
822 4590 866 4640 τοῦ
883 4590 960 4643 εἴδους
975 4594 1049 4653 μόνον
1065 4594 1142 4646 ἐστίν.
1182 4597 1243 4647 Met.
1258 4597 1292 4646 vi.
1306 4612 1345 4660 10,
1361 4601 1374 4656 ς
1391 4612 1438 4658 123
1460 4598 1493 4647 cs.
1512 4613 1552 4657 ra,

390 4664 419 4721 ἧς
433 4678 496 4723 4-9;
512 4665 568 4714 also
578 4665 620 4715 vii.
633 4682 656 4726 a,
672 4671 684 4726 5
696 4668 721 4717 8.
