3575 5375
376 634 436 712 278
599 637 754 698 OPERIS
779 637 969 708 MAJORIS
992 637 1108 697 PARS
1133 637 1317 711 QUARTA.

337 793 340 804 ’
376 801 440 866 hoc
453 801 540 865 idem
564 801 671 878 saciat,
688 801 749 865 nisi
773 804 817 866 sit
839 803 870 866 ei
893 800 1031 885 aequale
1052 801 1104 865 vel
1128 799 1314 883 multiplex.
1360 797 1428 864 Sed
1445 797 1530 862 xix¹

376 906 456 969 anni
478 905 654 970 calendarii
671 909 773 970 nostri
789 927 855 971 nou
870 917 1057 988 aequantur
1072 927 1147 969 xxx
1170 905 1267 969 annis
1284 904 1449 981 Arabum,
1469 923 1531 967 uec

376 1018 451 1072 sunt
472 1009 519 1072 eis
543 1009 751 1094 multiplices,
771 1012 849 1093 quia
873 1029 950 1073 xxx
976 1011 1055 1075 anni
1077 1009 1231 1074 Arabum
1248 1008 1420 1073 continent
1442 1009 1531 1070 xxix

376 1133 481 1178 annos
506 1113 630 1179 solares
651 1124 686 1179 et
709 1133 811 1178 unum
835 1133 984 1179 mensem
1006 1124 1041 1178 et
1062 1125 1140 1180 octo
1172 1115 1253 1179 dies.
1313 1113 1406 1196 Ergo
1435 1113 1532 1176 relin-

376 1219 488 1298 quitur
520 1220 610 1301 quod
642 1221 704 1282 xix
741 1221 818 1283 anni
853 1219 978 1284 solares
1011 1238 1078 1282 non
1111 1228 1250 1301 possunt
1281 1217 1417 1300 aequari
1450 1236 1531 1280 vero

375 1320 470 1403 cyclo
485 1323 733 1405 primationum‚
749 1343 809 1388 nec
825 1345 885 1406 per
903 1343 1107 1407 consequens
1122 1324 1184 1386 xix
1200 1324 1277 1386 anni
1294 1322 1380 1405 cycli
1400 1321 1531 1386 decem-

377 1426 583 1491 novennalis.
628 1426 674 1490 Et
697 1427 774 1491 ideo
796 1426 910 1508 cyclus
935 1426 1246 1492 decemnovennalis
1268 1445 1337 1490 non
1359 1435 1409 1488 est
1432 1444 1531 1487 verus

375 1528 489 1612 cyclus
504 1531 751 1612 primationum.

207 1643 348 1722 Successus
423 1633 595 1700 Praeterea
625 1637 714 1701 istud
750 1644 861 1718 potest
895 1635 1002 1719 magis
1039 1636 1073 1699 in
1102 1634 1289 1717 particulari
1320 1632 1531 1708 manifestari,

206 1709 346 1826 ffljff
378 1748 415 1801 ut
441 1749 625 1823 appareant
652 1739 916 1804 inconvenientia
942 1742 1032 1823 prius
1057 1740 1237 1804 nominata.
1292 1739 1381 1803 Nam
1411 1735 1532 1820 singuli

206 1841 355 1954 solaryeqs
378 1841 440 1904 xix
462 1843 538 1906 anni
562 1844 686 1909 solares
709 1865 775 1908 non
799 1855 877 1908 sunt
899 1845 1054 1927 aequales
1082 1845 1126 1909 ad
1151 1845 1302 1923 invicem,
1319 1863 1361 1906 eo
1383 1842 1473 1925 quod
1497 1843 1531 1904 in

207 1923 251 2020 {¹13ss
259 1915 332 2022 22ssss
379 1948 486 2028 primo
506 1945 602 2029 cyclo
619 1960 696 2013 sunt
717 1958 847 2013 tantum
864 1959 1006 2032 quatuor
1023 1947 1194 2013 bisextiles
1212 1949 1299 2019 anni,
1316 1957 1351 2012 et
1371 1947 1405 2009 in
1426 1947 1532 2009 tribus

207 2039 293 2168 1)θέἰὲῐὶῑὲ
302 2112 329 2154 to
378 2051 451 2113 aliis
467 2062 544 2116 sunt
559 2053 715 2136 quinque,
725 2055 803 2137 quia
815 2064 954 2136 quartus
967 2073 1073 2117 annus
1089 2053 1121 2116 in
1133 2052 1241 2134 primo
1255 2051 1351 2134 cyclo
1367 2049 1533 2114 bisextilis

207 2168 352 2234 terp-years.
378 2165 438 2235 est,
461 2167 494 2220 et
517 2156 572 2220 viii
596 2168 629 2221 et
653 2159 700 2221 xii
723 2167 757 2222 et
779 2159 847 2233 xvi,
870 2177 911 2222 eo
934 2159 1024 2240 quod
1048 2167 1184 2241 quartus
1206 2176 1313 2219 annus
1335 2175 1467 2238 semper
1488 2154 1532 2216 sit

376 2260 551 2324 bisextilis.
585 2262 630 2325 Et
645 2263 721 2326 ideo
733 2264 765 2326 in
782 2262 928 2327 secundo
944 2261 1039 2344 cyclo
1051 2263 1176 2345 primus
1192 2269 1242 2324 est
1254 2260 1421 2324 bisextilis
1436 2269 1470 2323 et
1485 2260 1532 2320 sic

377 2364 520 2437 ulterius,
537 2365 583 2429 ita
606 2368 696 2448 quod
721 2367 754 2430 in
777 2365 835 2431 illo
856 2375 933 2431 sunt
955 2366 1109 2449 quinque,
1125 2375 1162 2429 ut
1184 2374 1278 2447 patet
1300 2363 1532 2435 consideranti,

377 2480 412 2533 ct
434 2467 585 2533 similiter
608 2472 641 2534 iu
664 2470 737 2534 aliis
760 2471 911 2548 duobus;
935 2480 967 2533 et
986 2479 1066 2532 tunc
1090 2470 1208 2532 iterum
1232 2469 1318 2533 redit
1339 2468 1451 2550 cyclus
1473 2467 1532 2550 qui

377 2571 479 2637 habet
506 2583 648 2656 quatuor
678 2573 858 2654 bisextiles,
882 2585 917 2640 et
947 2574 1193 2658 subsequuntur
1217 2583 1285 2637 tres
1315 2573 1372 2656 qui
1401 2573 1532 2636 habent

378 2677 532 2761 quinque,
549 2690 582 2742 et
603 2679 649 2742 sic
671 2700 801 2764 semper
816 2681 916 2745 currit
938 2679 1023 2745 ordo
1043 2679 1220 2762 cyclorum.
1267 2678 1394 2743 Primus
1416 2690 1531 2742 autem

378 2781 490 2864 cyclus
506 2803 667 2847 annorum
692 2787 850 2850 solarium
867 2787 929 2849 xix
946 2786 1093 2868 praecise
1111 2784 1212 2849 habet
1228 2784 1300 2847 dies
1315 2782 1421 2867 6‚939‚
1439 2792 1473 2847 et
1495 2784 1530 2846 in

378 2887 440 2949 illis
457 2888 666 2971 assignantur
680 2910 816 2952 ccxxxv
832 2890 1026 2954 lunationes.
1073 2888 1140 2953 Sed
1157 2888 1185 2950 si
1203 2886 1533 2969 multiplicaverimus

377 3000 511 3073 tempus
530 2992 676 3074 aequalis
690 2991 878 3068 lunationis,
893 2993 958 3057 hoc
975 3003 1025 3056 est
1041 2994 1128 3055 xxix
1143 2992 1225 3069 dies,
1241 3000 1275 3055 et
1290 2992 1377 3053 xxxi
1396 2991 1534 3069 minuta,

377 3105 411 3158 et
428 3094 438 3157 l
453 3097 606 3168 secunda,
624 3098 655 3159 in
677 3117 813 3161 ccxxxv
830 3096 1033 3162 resultabunt
1051 3098 1145 3180 6‚939
1161 3097 1232 3160 dies
1252 3105 1285 3158 et
1301 3095 1337 3157 xl
1355 3096 1482 3159 minuta
1497 3105 1532 3159 et

379 3199 389 3262 l
416 3200 573 3275 secunda,
603 3221 689 3283 quae
719 3211 796 3266 sunt
826 3200 901 3285 plus
930 3222 1031 3284 quam
1062 3203 1149 3265 duae
1178 3201 1296 3265 tertiae
1326 3200 1423 3263 unius
1453 3200 1531 3263 diei.

379 3302 593 3388 Quapropter
619 3306 793 3390 completis
820 3307 882 3369 xix
906 3306 999 3369 aunis
1023 3305 1222 3369 habentibus
1244 3313 1376 3368 tantum
1400 3305 1434 3366 iv
1460 3304 1532 3367 dies

378 3408 577 3488 bissextiles,
601 3410 748 3473 nondum
778 3410 969 3493 completae
990 3420 1066 3474 sunt
1088 3429 1225 3473 ccxxxv
1247 3407 1443 3483 lunationes,
1472 3409 1532 3471 sed

377 3512 497 3578 desunt
520 3514 567 3577 eis
589 3514 625 3576 xl
645 3515 773 3579 minuta
794 3526 827 3580 et
851 3515 1024 3579 lsecunda
1045 3514 1141 3577 unius
1160 3514 1237 3577 diei.
1283 3511 1433 3594 Quilibet
1453 3532 1532 3576 vcro

379 3617 440 3678 xix
460 3617 535 3680 anni
560 3618 722 3682 habentes
745 3620 891 3702 quinque
907 3619 979 3682 dies
998 3616 1171 3682 bisextiles
1193 3617 1316 3680 habeut
1337 3616 1408 3680 dies
1425 3617 1531 3699 6,940.

381 3719 481 3784 Unde
507 3741 582 3784 cum
609 3742 744 3786 ccxxxv
767 3723 954 3787 lunationes
975 3721 1132 3805 aequales
1162 3721 1308 3784 habeant
1331 3721 1426 3804 6‚939
1449 3722 1531 3794 dies,

379 3834 413 3887 et
435 3824 470 3886 xl
494 3826 632 3901 minuta,
654 3828 719 3890 etl
742 3828 894 3903 secunda,
919 3838 999 3892 tunc
1022 3827 1083 3889 xix
1104 3826 1182 3889 anni
1204 3826 1366 3889 habentes
1385 3825 1534 3908 quinque

379 3948 484 3993 annos
522 3930 693 3994 bisextiles
729 3942 884 4015 superant
922 3951 1058 3996 ccxxxv
1094 3929 1281 3995 lunationes
1321 3930 1431 4012 spatio
1469 3928 1533 3991 xix

381 4034 594 4111 minutorum,
611 4046 644 4099 ct
660 4056 682 4096 x
704 4038 933 4114 secundorum,
949 4035 1039 4119 quod
1059 4044 1109 4098 est
1131 4032 1198 4097 lere
1213 4035 1320 4098 -tertia
1343 4033 1439 4096 unius
1453 4034 1531 4097 diei.

378 4135 479 4218 Quod
495 4146 589 4218 patet
605 4138 630 4201 si
647 4139 689 4202 de
711 4160 778 4204 uno
793 4141 856 4213 die,
872 4161 939 4223 quo
953 4138 1160 4222 superfluunt
1177 4157 1263 4201 nunc
1279 4138 1359 4201 dicti
1374 4137 1436 4199 xix
1452 4139 1531 4201 anni

378 4261 477 4324 super
505 4261 642 4304 ccxxxv
670 4242 865 4320 lunationes,
885 4243 1122 4307 subtrahantur
1143 4241 1179 4305 xl
1204 4242 1343 4318 minuta,
1374 4251 1407 4305 et
1437 4241 1448 4304 l
1479 4262 1531 4305 se·

377 4345 493 4419 cunda,
509 4346 630 4428 quibus
651 4346 726 4411 illae
748 4348 936 4413 lunationes
955 4346 1199 4429 superfluebant
1221 4364 1321 4427 super
1340 4346 1403 4408 xix
1426 4365 1533 4409 annos

378 4448 541 4513 habentes
557 4460 688 4513 tantum
709 4462 850 4533 quatuor
870 4452 942 4516 dies
963 4450 1145 4516 bisextiles.
1192 4450 1238 4513 Et
1257 4452 1305 4514 ita
1323 4459 1425 4532 patet,
1440 4451 1532 4533 quod

377 4572 443 4617 non
468 4553 606 4636 quilibet
629 4557 690 4619 xix
714 4557 792 4622 anni
818 4556 941 4621 solares
963 4564 1147 4639 aequantur
1178 4554 1243 4618 sibi
1266 4554 1416 4619 invicem.
1462 4554 1531 4619 Sed

868 4698 877 4729 ¹
893 4700 956 4748 xxix
968 4700 995 4748 in
1006 4698 1031 4758 J.
