3575 5375
348 633 389 694 32
585 614 748 674 OPERIS'
765 615 955 685 MAJORIS
980 614 1094 673 PARS
1120 613 1270 672 PRIMA.

348 787 525 871 praedictis
547 795 750 870 comparata.
797 786 928 849 Deinde
950 805 1027 849 cum
1041 783 1181 849 Vestrae
1206 784 1417 849 Paternitatis
1439 783 1503 847 dis·

348 893 452 957 cretio
483 891 665 975 planiorem
702 891 745 954 de
774 891 826 952 his
863 890 1096 954 certitudinem
1128 889 1352 971 reportaverit,
1380 889 1503 972 poterit

348 996 556 1061 auctoritatis
574 1005 702 1060 vestrae
720 994 883 1078 judicium
902 994 1060 1057 studiosis
1077 1003 1111 1056 et
1135 993 1336 1076 sapientibus
1355 994 1398 1056 de
1416 992 1502 1058 facili

348 1101 611 1182 persuaderent
638 1099 727 1182 quod
750 1098 870 1182 vulgus
904 1098 1108 1162 studentium
1139 1118 1257 1181 capere
1285 1117 1352 1161 non
1382 1106 1503 1179 potest,

346 1206 459 1288 cupidi
489 1204 673 1287 sapientiae
701 1223 736 1267 se
767 1204 936 1287 gaudeant
966 1201 1133 1278 obtinere;
1175 1203 1309 1283 insuper
1338 1212 1502 1282 quantum

348 1308 468 1373 sufficit
495 1309 698 1372 multitudini
722 1328 799 1390 spes
821 1307 996 1391 promittit.
1050 1307 1141 1370 Nam
1165 1306 1390 1387 Hieronymus
1421 1306 1503 1371 dicit

348 1433 446 1497 super
474 1414 606 1490 Isaiam,
628 1411 841 1486 ‘Multitudo
865 1422 1003 1494 accepta
1028 1411 1176 1485 veritate,
1203 1411 1247 1475 de
1278 1410 1365 1475 facili
1396 1420 1502 1474 mutat

348 1517 565 1581 sententiam!
605 1517 650 1580 Et
666 1516 729 1581 hoc
740 1537 853 1579 verum
871 1524 922 1579 est
939 1516 1000 1579 nisi
1012 1518 1146 1599 quando
1158 1516 1314 1597 captiosis
1326 1514 1501 1580 malesanis

349 1632 553 1686 retractatur.
598 1621 688 1684 Nam
705 1620 782 1685 licet
792 1619 913 1701 vulgus
928 1620 971 1684 de
986 1640 1022 1682 se
1037 1621 1081 1683 sit
1097 1621 1240 1702 proclive
1257 1622 1298 1684 ad
1317 1620 1451 1694 malum,
1467 1628 1501 1683 et

347 1725 426 1808 quia
442 1726 572 1809 saepius
588 1726 751 1789 invenitur
765 1734 866 1807 caput
880 1724 1086 1805 languidum,
1101 1732 1213 1786 tamen
1228 1724 1290 1786 nisi
1306 1724 1362 1806 qui
1378 1724 1502 1806 praesit

349 1829 518 1911 impediat,
529 1829 610 1893 satis
626 1827 720 1891 facile
735 1837 785 1892 est
796 1829 839 1891 ad
856 1827 981 1891 bonum
999 1826 1238 1910 imperfectum,
1248 1829 1325 1910 quia
1340 1826 1501 1892 instabilis

348 1943 407 2010 est,
423 1942 456 1996 et
471 1933 573 1996 semel
590 1942 682 1996 mota
698 1932 831 1995 modum
847 1952 978 1995 servare
994 1951 1058 1994 non
1075 1940 1197 2014 potest,
1211 1940 1244 1995 et
1262 1931 1336 1995 ideo
1354 1932 1397 1995 de
1414 1930 1500 1995 facili

347 2047 510 2120 quantum
535 2045 585 2100 est
606 2038 650 2100 de
671 2057 707 2100 se
724 2036 863 2100 vertitur
886 2036 930 2099 ad
953 2036 1117 2100 contraria
1149 2037 1330 2100 secundum
1354 2036 1501 2117 regimen

347 2141 585 2223 praesidentis;
615 2141 772 2222 quoniam
799 2140 890 2204 omni
913 2150 1014 2203 vento
1041 2140 1210 2204 doctrinae
1236 2138 1387 2216 flectitur,
1409 2138 1501 2202 velut

347 2247 485 2323 arundo,
502 2255 536 2309 et
551 2244 641 2327 quod
658 2244 795 2327 principi
810 2243 882 2326 ejus
898 2244 1006 2328 placet
1023 2238 1104 2325 legis
1119 2243 1220 2308 habet
1236 2244 1393 2326 vigorem.
1428 2243 1499 2306 Nos

347 2350 435 2414 enim
465 2349 528 2412 hoc
554 2350 706 2413 videmus
736 2350 767 2412 in
797 2349 888 2412 omni
918 2348 1175 2432 congregatione
1204 2347 1387 2425 hominum,
1409 2348 1500 2430 quod

346 2454 529 2518 secundum
550 2454 721 2517 arbitrium
745 2453 863 2534 capitis
882 2452 1032 2515 membra
1052 2461 1235 2516 moventur.
1281 2452 1370 2515 Nam
1392 2452 1419 2515 si
1443 2452 1499 2533 qui

346 2566 477 2640 praeest
507 2557 632 2620 bonum
663 2555 810 2640 negligit,
834 2556 961 2619 subditi
991 2557 1225 2633 obdormiunt3
1257 2557 1284 2620 si
1307 2556 1350 2619 ad
1375 2556 1499 2619 malum

347 2661 495 2737 excitati,
511 2660 544 2723 in
566 2659 655 2724 idem
678 2669 811 2724 currunt
833 2680 910 2725 cum
932 2661 1058 2738 furore;
1082 2660 1108 2724 si
1132 2660 1175 2724 ad
1199 2660 1333 2739 bonum,
1349 2660 1500 2724 similiter

346 2766 418 2828 sine
435 2763 633 2828 discretione
648 2762 812 2827 festinant.
849 2764 896 2828 Et
908 2765 934 2827 si
947 2766 1018 2828 vias
1033 2765 1243 2848 perfectionis
1260 2776 1373 2828 monet
1384 2763 1404 2840 ¹,
1418 2774 1498 2827 tunc

347 2868 461 2933 olfacit
483 2890 503 2933 a
527 2868 624 2950 longe
643 2866 832 2941 multitudo,
848 2869 906 2932 sed
929 2878 1063 2952 gustare
1086 2889 1153 2934 non
1176 2879 1287 2952 potest
1310 2890 1371 2932 nec
1394 2870 1437 2932 ab
1460 2890 1499 2933 ea

347 2971 448 3034 debet
478 2971 607 3053 requiri,
633 2981 670 3034 ut
693 2971 843 3054 superius
873 2981 1043 3036 ostensum
1070 2983 1131 3036 est.
1176 2972 1276 3054 Quod
1303 2974 1331 3035 si
1359 2982 1499 3036 nonest

347 3075 505 3159 temporis
535 3075 635 3138 vestri
667 3076 780 3138 omnia
809 3077 900 3157 apud
926 3077 1062 3158 vulgum
1093 3097 1342 3154 consummare;
1377 3079 1497 3160 poterit

345 3180 466 3245 Vestra
483 3178 731 3262 Magnificentia
745 3177 854 3242 locare
869 3179 1093 3255 fundamenta,
1108 3179 1216 3244 fontes
1232 3201 1355 3258 eruere,
1372 3180 1497 3244 radices

345 3284 455 3365 figere,
484 3293 520 3347 ut
542 3283 681 3346 Vestrae
710 3282 904 3347 Sanctitatis
931 3303 1134 3347 successores
1165 3285 1256 3366 quod
1285 3283 1422 3348 feliciter
1449 3285 1498 3348 in·

344 3399 478 3470 ceptum
495 3386 591 3450 fuerit
607 3387 739 3452 valeant
755 3385 880 3451 facilius
895 3387 1084 3470 adimplere.

842 3537 851 3567 ²
867 3546 960 3600 movet,
971 3539 996 3599 J.
