3575 5375
384 641 754 700 MATHEMATICAE
779 643 830 700 IN
852 593 1032 700 ὒΙίῘΙΝΙδΙ
1050 640 1256 699 UTILITAS.
1349 636 1407 712 189

252 808 331 871 here
347 807 455 889 majus
475 809 517 870 de
539 807 665 883 minori,
681 818 714 872 et
737 811 910 885 contrario,
925 819 959 872 et
980 808 1156 892 quodlibet
1178 809 1221 871 de
1243 806 1404 889 quolibet.

254 912 323 979 Sed
351 916 554 999 impossibile
581 926 631 981 est
657 917 721 980 hoc
749 916 828 991 fieri,
855 927 891 981 ut
921 916 1027 998 exigit
1055 915 1226 999 scriptura,
1249 913 1310 976 nisi
1345 932 1405 994 per

254 1037 396 1085 canones
413 1031 447 1085 et
463 1021 593 1085 tabulas
609 1032 643 1084 et
658 1031 803 1085 caeteras
819 1022 1096 1085 considerationes
1110 1019 1334 1082 astronomiae
1344 1015 1366 1080 ¹.

298 1123 475 1189 Caeterum
503 1135 737 1210 computantur
760 1127 834 1189 anni
857 1147 877 1188 a
900 1125 1060 1207 principio
1083 1122 1197 1186 mundi
1221 1122 1403 1186 secundum

257 1227 459 1293 Hebraicam
474 1231 656 1306 veritatem,
672 1241 706 1294 et
726 1241 961 1314 computantur
979 1231 1161 1292 secundum
1183 1227 1282 1290 LXX
1304 1227 1404 1289 inter·

255 1343 364 1414 pretes
373 1356 383 1409 3
407 1334 466 1398 sed
482 1335 673 1398 discordant
685 1335 826 1417 penitus,
837 1345 870 1398 et
886 1353 1002 1397 omnes
1014 1332 1169 1397 historiae
1184 1343 1217 1395 et
1229 1331 1404 1396 chronicae

254 1446 405 1502 auctores
431 1449 466 1502 et
488 1440 592 1503 sancti
615 1438 667 1502 hic
694 1439 922 1503 contradicunt
945 1438 1006 1501 sibi
1030 1438 1179 1510 invicem,
1202 1457 1268 1500 non
1296 1435 1404 1498 solum

255 1541 287 1604 in
304 1551 376 1605 toto
393 1553 545 1627 ternpore
556 1565 575 1607 a
588 1544 749 1628 principio
761 1564 863 1627 usque
875 1544 919 1607 ad
933 1543 1112 1618 Christum,
1122 1544 1180 1607 sed
1194 1544 1227 1607 in
1238 1542 1404 1608 aetatibus

255 1647 514 1728 particularibus.
561 1649 628 1713 Sed
647 1649 820 1713 diversitas
835 1649 917 1712 haec
932 1669 999 1712 non
1015 1657 1127 1730 potest
1145 1647 1326 1717 certificari,
1342 1645 1403 1709 nisi

255 1771 313 1831 per
328 1751 473 1833 aliquam
490 1753 634 1817 radicem
657 1763 789 1816 certam.
836 1751 939 1815 Nulla
959 1773 1038 1816 vero
1058 1753 1195 1815 scientia
1216 1760 1328 1834 potest
1349 1749 1403 1812 hic

253 1855 397 1918 invenire
427 1876 486 1920 nec
516 1856 617 1921 habet
647 1859 735 1921 unde
765 1858 890 1938 cogitet
919 1857 963 1920 de
995 1867 1089 1920 tanta
1118 1856 1313 1920 certitudine
1342 1855 1403 1917 nisi

254 1962 464 2034 astronomia,
480 1961 572 2042 cujus
593 1970 644 2024 est
664 1962 872 2026 considerare
893 1961 1114 2024 revolutiones
1135 1971 1241 2024 certas
1260 1971 1294 2024 et
1315 1969 1403 2023 ratas

254 2064 424 2148 eclipsium
441 2075 474 2130 et
490 2065 761 2148 conjunctionum
777 2064 984 2149 planetarum
1003 2075 1036 2128 et
1056 2076 1259 2130 caeterarum
1276 2064 1403 2127 revolu-

254 2169 381 2233 tionum
394 2171 595 2247 coelestium,
604 2181 714 2235 stante
726 2171 842 2234 ordine
853 2179 999 2233 naturae.
1045 2169 1260 2253 Quapropter
1271 2177 1404 2251 oportet

253 2275 343 2355 quod
365 2278 566 2339 astronomia
588 2285 736 2360 apponat
751 2275 804 2339 hic
826 2276 1043 2358 diligentiam.
1086 2277 1133 2340 Et
1148 2275 1212 2339 hoc
1227 2293 1403 2358 possumus

254 2379 365 2443 videre
380 2401 439 2463 per
457 2380 557 2443 libros
577 2392 852 2445 astronomorum.
899 2381 987 2444 Nam
1005 2381 1216 2444 Ptolemaeus
1239 2382 1270 2443 in
1288 2376 1404 2441 Alma·

253 2485 338 2566 gesti
370 2485 529 2549 certificat
554 2507 614 2549 nos
638 2490 679 2552 de
702 2496 855 2570 tempore
876 2509 897 2552 a
920 2487 1212 2571 Nabugodonosor
1233 2507 1337 2569 usque
1359 2486 1403 2548 ad

252 2587 493 2668 Alexandrum,
503 2601 536 2654 et
546 2592 590 2655 ab
601 2613 642 2654 eo
654 2612 758 2675 usque
773 2593 815 2655 ad
828 2591 1050 2657 Octavianum
1058 2592 1259 2674 Augustum,
1268 2601 1301 2655 et
1311 2590 1355 2656 ab
1364 2611 1405 2654 eo

254 2716 359 2776 usque
373 2696 417 2760 ad
429 2696 616 2761 Adrianum
634 2698 825 2781 principem.
873 2699 918 2761 Et
932 2698 1082 2762 Ecclesia
1093 2708 1183 2762 tenet
1195 2698 1285 2781 quod
1301 2694 1404 2773 41¹¹¹⁰²

253 2819 341 2863 anno
370 2800 517 2884 Augusti
548 2802 610 2865 luit
642 2802 805 2866 Dominus
834 2815 942 2866 natus.
988 2802 1202 2886 Quapropter
1230 2823 1290 2886 per
1318 2801 1404 2865 hanc

252 2904 339 2966 viam
356 2904 554 2968 certificatur
570 2906 710 2969 multum
730 2916 863 2990 tempus
885 2928 905 2971 a
928 2907 1217 2991 Nabugodonosor
1236 2928 1339 2989 usque
1360 2908 1403 2970 ad

253 3006 422 3072 Christum
433 3008 455 3071 ³.
492 3009 537 3073 Et
552 3010 580 3073 si
595 3012 839 3075 consideremus
855 3012 1036 3076 sententias
1051 3011 1256 3074 Albumazar
1270 3011 1304 3073 in
1318 3010 1403 3074 libro

253 3110 540 3194 Conjunctionum,
556 3115 741 3178 videbimus
754 3116 844 3197 quod
865 3117 935 3198 ipse
956 3115 1049 3199 ponit
1070 3115 1265 3197 principium
1288 3114 1403 3176 mundi

252 3226 287 3279 et
307 3218 450 3300 primum
471 3218 649 3293 hominem,
663 3218 788 3281 scilicet
803 3218 927 3295 Adam,
943 3229 977 3281 et
996 3218 1040 3281 ab
1062 3238 1102 3280 eo
1125 3226 1278 3280 numerat
1300 3237 1404 3281 annos

252 3322 423 3403 usquead
447 3321 618 3393 diluvium,
645 3332 678 3383 et
705 3322 798 3403 ponit
823 3321 913 3385 diem
940 3332 974 3385 et
1000 3321 1116 3385 horam
1142 3321 1263 3403 quibus
1281 3320 1404 3402 incepit

250 3424 420 3501 diluvium,
436 3434 470 3488 et
492 3442 551 3507 per
577 3424 796 3489 revolutiones
819 3424 1026 3507 planetarum
1050 3434 1085 3487 et
1106 3445 1166 3507 per
1186 3445 1301 3489 eorum
1324 3446 1402 3488 con-

248 3528 435 3611 junctiones
464 3516 662 3592 determinat
692 3530 863 3610 sequentia
891 3528 1009 3608 secula,
1033 3529 1158 3593 scilicet
1183 3531 1317 3612 quando
1340 3529 1403 3593 suit

254 3632 553 3716 Nabugodonosor,
577 3641 610 3696 et
640 3634 773 3714 quando
797 3632 1001 3709 Alexander,
1022 3642 1056 3697 et
1079 3635 1213 3716 qnando
1240 3633 1403 3697 Dominus

253 3735 412 3813 Christus,
428 3748 462 3800 et
485 3738 620 3818 quando
645 3736 869 3816 Mahometus,
893 3748 928 3801 et
950 3737 996 3800 sic
1018 3740 1062 3802 de
1088 3736 1209 3802 multis.
1255 3739 1301 3802 Et
1327 3738 1403 3803 ideo

253 3860 312 3921 per
341 3851 446 3905 artem
477 3840 683 3905 Albumazar
705 3851 739 3906 et
763 3841 945 3907 Ptolemaei
976 3852 1010 3906 et
1038 3852 1242 3907 caeterorum
1273 3844 1402 3907 mathe-

253 3946 450 4009 maticorum
480 3957 611 4030 oportet
639 3945 802 4010 resolvere
829 3957 981 4028 tempora
1008 3968 1111 4030 usque
1137 3950 1179 4013 ad
1205 3948 1401 4031 principium

254 4050 376 4124 mundi,
411 4048 473 4113 ut⁴
505 4051 646 4115 sciamus
675 4061 758 4133 quot
781 4052 857 4113 anni
887 4053 954 4115 sint
984 4074 1004 4117 a
1034 4054 1194 4137 principio
1224 4074 1329 4136 usque
1357 4055 1400 4116 ad

283 4201 292 4231 ¹
311 4204 367 4252 The
386 4205 473 4253 whole
493 4205 523 4253 of
540 4206 585 4255 the
602 4205 739 4267 soregoing
758 4207 911 4267 paragraph,
931 4215 1026 4268 except
1043 4208 1088 4255 the
1106 4206 1162 4255 first
1179 4215 1233 4256 two
1255 4215 1404 4265 sentences,

252 4283 358 4331 omitted
371 4284 396 4331 in
410 4283 443 4333 O.
904 4285 914 4313 ¹
931 4284 973 4333 Sic
986 4284 1012 4332 in
1026 4285 1058 4333 0.
1090 4284 1115 4345 J.
1127 4286 1175 4332 has
1186 4286 1238 4333 xlii.

283 4360 293 4389 ¹
309 4361 372 4409 This
389 4362 411 4410 is
431 4362 506 4422 given
524 4362 668 4410 somewhat
684 4376 756 4410 more
774 4360 839 4423 fully
856 4362 882 4410 in
902 4362 950 4425 Op.
966 4363 1028 4412 Ten.
1046 4364 1086 4412 ch.
1105 4378 1137 4425 54
1153 4364 1280 4420 (Brewer,
1294 4379 1318 4425 p.
1332 4364 1401 4425 ωδ).

250 4440 306 4489 The
321 4440 382 4489 time
397 4441 462 4489 from
473 4440 519 4489 the
530 4441 644 4489 creation
658 4440 688 4489 os
695 4440 779 4489 Adam
793 4448 819 4489 to
831 4440 875 4489 the
888 4440 990 4505 Deluge
1003 4442 1026 4490 is
1042 4443 1128 4491 stated
1142 4451 1170 4491 to
1183 4443 1216 4490 be
1227 4444 1304 4502 md
1313 4458 1401 4503 years,

254 4534 265 4568 t
278 4520 377 4579 month,
391 4534 423 4579 ²3
435 4519 507 4580 days,
521 4521 572 4568 and
584 4536 600 4579 4
612 4520 699 4569 hours.

284 4598 293 4625 ⁴
310 4597 366 4646 The
379 4596 514 4659 following
531 4612 597 4658 page
607 4598 659 4647 and
672 4596 730 4661 hals,
745 4598 822 4647 down
835 4606 861 4646 to
873 4598 919 4646 the
929 4598 1004 4647 word
1020 4598 1146 4659 dicentes,
1159 4599 1181 4647 is
1196 4598 1302 4647 omitted
1319 4599 1346 4647 in
1358 4599 1401 4663 0.,

249 4677 296 4725 but
309 4676 330 4725 is
342 4676 461 4738 supplied
473 4676 507 4738 by
520 4677 565 4725 the
576 4684 629 4725 two
642 4676 780 4726 Cottonian
793 4674 869 4727 ttSS.
