3575 5375
384 631 446 712 328
604 634 760 693 opsnrs
786 588 980 703 MAJonrs
998 634 1113 693 Pras
1137 633 1321 707 Qunam.

217 805 331 856 nnourer
383 796 545 862 orientem
569 817 673 880 usque
695 799 738 862 ad
761 799 927 862 desertum
950 796 1020 873 Sin,
1036 798 1127 880 quod
1146 805 1197 861 est
1217 796 1327 862 Cades
1345 795 1461 871 Bame‚
1481 793 1542 859 ubi

216 872 306 986 iffi
318 953 346 988 ns
385 902 601 966 murmuravit
617 900 760 986 populus
778 901 820 964 ad
839 921 944 984 aquas
955 901 1236 966 contradictionis.
1281 899 1351 965 Sed
1365 900 1453 963 istud
1470 919 1542 962 non

215 1002 266 1052 stu.

384 1016 435 1070 est
445 1006 526 1070 illud
539 1007 705 1070 desertum
720 1004 788 1069 Sin.
821 1007 909 1070 Nam
920 1006 1007 1069 istud
1015 1006 1182 1070 desertum
1195 1005 1302 1070 multo
1317 1003 1392 1088 plus
1403 1003 1541 1086 elonga-

384 1118 456 1173 tum
472 1119 558 1175 esta
576 1109 691 1173 Rubro
704 1110 795 1186 mari,
805 1110 857 1172 cui
874 1129 1006 1173 annexa
1020 1119 1072 1173 est
1086 1121 1173 1174 terra
1189 1110 1301 1173 Edom
1316 1110 1358 1174 ad
1375 1109 1540 1171 orientem

384 1213 686 1295 septentrionalem.
725 1213 812 1276 Nam
825 1212 943 1276 abhoc
953 1213 1026 1278 loco
1038 1213 1198 1277 miserunt
1213 1212 1270 1277 filii
1284 1212 1385 1277 lsrael
1402 1212 1541 1275 nuntios

384 1319 428 1383 ad
450 1317 559 1382 Edom
575 1318 731 1392 dicentes,
752 1317 839 1380 Ecce
860 1317 893 1380 in
915 1318 997 1381 urbe
1020 1316 1139 1395 Cades,
1154 1336 1241 1401 quae
1261 1329 1311 1381 est
1326 1318 1359 1380 in
1377 1317 1540 1380 extremis

385 1420 505 1485 finibus
532 1422 607 1497 tuis,
631 1421 730 1503 positi
751 1421 964 1485 obsecramus
986 1429 1023 1484 ut
1046 1421 1142 1484 nobis
1163 1421 1303 1486 transire
1326 1419 1431 1498 liceat,
1452 1419 1540 1483 sicut

383 1525 504 1590 dicitur
536 1525 757 1589 Numerorum
791 1525 881 1588 xviii.
928 1523 1030 1606 Quod
1064 1525 1092 1588 si
1127 1524 1202 1608 quis
1236 1525 1416 1588 contendat
1446 1523 1539 1606 quod

384 1629 550 1693 desertum
571 1628 629 1693 Sin
652 1629 799 1711 superius
820 1629 946 1692 dictum
970 1630 1075 1711 possit
1096 1647 1133 1692 se
1155 1629 1336 1692 extendere
1357 1627 1539 1711 aliquando

383 1735 426 1797 ad
442 1732 529 1796 hunc
544 1731 663 1808 locum,
678 1742 770 1815 patet
784 1734 874 1816 quod
897 1752 983 1808 non3
1006 1753 1065 1815 per
1082 1732 1327 1815 Hieronymum
1345 1732 1380 1794 in
1395 1729 1539 1815 epistola

384 1837 427 1900 de
454 1836 687 1914 mansionibus,
709 1846 779 1900 tam
807 1857 866 1919 per
887 1836 1192 1920 interpretationem
1214 1856 1315 1918 quam
1342 1856 1401 1919 per
1423 1834 1538 1917 Scrip-

382 1953 513 2017 turam3
538 1941 694 2023 quoniam
719 1939 778 2004 Sin
800 1941 944 2023 primum
967 1941 1120 2004 scribitur
1138 1961 1199 2023 per
1217 1940 1359 2005 Samech
1380 1949 1415 2003 et
1435 1941 1537 2002 inter·

383 2055 532 2129 pretatur
550 2044 651 2109 rubus
666 2044 719 2108 vel
739 2043 874 2123 odium;
897 2043 961 2107 hoc
981 2055 1092 2109 autem
1114 2065 1174 2127 per
1190 2044 1281 2110 Sade
1301 2054 1336 2108 et
1350 2045 1488 2108 vertitur
1501 2044 1537 2108 in

383 2150 588 2215 mandatum.
635 2149 681 2213 Et
702 2150 778 2213 ideo
798 2147 855 2211 filii
880 2149 983 2213 israel
1006 2149 1254 2214 declinaverunt
1276 2149 1435 2233 perviam
1450 2169 1538 2232 quae

382 2256 477 2318 ducit
513 2255 555 2318 ad
594 2274 684 2318 mare
719 2253 873 2317 Rubrum
910 2254 1151 2318 circumeuntes
1187 2262 1309 2317 terram
1347 2253 1468 2331 Edom,
1501 2263 1537 2317 et

383 2366 544 2422 venerunt
565 2358 607 2421 ad
625 2367 773 2422 montem
791 2357 840 2422 Or
855 2359 888 2421 in
909 2357 1034 2422 ultimis
1049 2355 1171 2422 finibus
1186 2367 1293 2423 terrae
1307 2357 1404 2435 illius,
1420 2357 1452 2421 in
1468 2377 1537 2441 quo

385 2473 497 2527 monte
513 2475 662 2528 mortuus
676 2472 727 2527 est
741 2461 868 2527 Aaron.

430 2567 475 2631 Et
493 2567 527 2630 in
550 2564 669 2630 finibus
690 2577 799 2631 terrae
817 2567 927 2631 Edom
948 2566 1097 2632 lecerunt
1117 2568 1226 2632 adhuc
1249 2568 1331 2632 alias
1353 2577 1421 2631 tres
1443 2585 1537 2630 mau-

385 2671 494 2736 siones
509 2671 692 2736 secundum
703 2671 946 2753 Hieronymum
963 2693 1134 2757 usquequo
1145 2683 1306 2739 venerunt
1320 2673 1363 2737 ad
1378 2671 1537 2737 terminos

385 2776 499 2851 Moab,
524 2778 614 2840 unde
638 2776 742 2840 Moab
772 2786 822 2841 est
848 2777 881 2840 ln
913 2779 1038 2841 oriente
1065 2779 1186 2844 Edom.
1232 2779 1323 2843 Nam
1349 2777 1470 2860 egressi
1493 2778 1538 2841 de

385 2880 504 2944 finibus
521 2880 632 2944 Edom
649 2880 794 2945 fixerunt
808 2883 952 2947 tentoria
973 2883 1006 2945 in
1024 2884 1156 2947 deserto
1170 2883 1261 2967 quod
1282 2882 1415 2964 respicit
1431 2881 1537 2945 Moab

384 2994 499 3049 contra
534 2985 729 3051 orientalem
762 2984 907 3068 plagam,
937 2988 1020 3052 sicut
1054 2987 1174 3053 dicitur
1205 2988 1430 3052 Numerorum
1462 2988 1536 3051 xxi.

385 3089 525 3167 Deinde,
555 3100 593 3155 ut
627 3089 769 3155 habetur
801 3090 1081 3157 Deuteronomiae
1114 3093 1160 3169 xi,
1189 3092 1389 3157 transierunt
1419 3091 1535 3155 urbem

383 3193 487 3257 Moab
503 3194 637 3258 nomine
656 3214 760 3277 usque
780 3196 822 3259 ad
846 3196 1026 3260 confinium
1048 3197 1261 3261 terminorum
1284 3197 1444 3262 Ammon.
1489 3196 1537 3258 Et

383 3298 415 3360 in
432 3298 483 3361 his
505 3297 585 3363 locis
605 3298 719 3381 incipit
736 3300 780 3363 ab
801 3300 927 3363 oriente
947 3309 1034 3364 terra
1053 3300 1143 3366 Seon
1165 3302 1250 3386 regis
1264 3302 1537 3379 Amorraeorum,

383 3412 417 3466 et
447 3412 534 3467 terra
566 3402 791 3467 Moabitarum
821 3413 856 3469 et
885 3402 1167 3482 Ammonitarum,
1192 3416 1226 3470 et
1256 3404 1332 3469 ideo
1361 3405 1537 3487 diligenter

383 3506 619 3570 consideranda
638 3518 716 3571 sunt
736 3507 818 3599 haec
838 3507 922 3572 loca.
969 3509 1058 3571 Nam
1078 3509 1133 3572 hic
1152 3509 1269 3592 incipit
1289 3519 1378 3573 terra
1393 3506 1536 3571 filiorum

383 3608 495 3687 Israel,
518 3621 551 3675 et
576 3611 619 3674 de
644 3609 696 3674 his
720 3610 863 3675 multum
887 3611 1034 3694 loquitur
1057 3611 1228 3696 Scriptura
1250 3622 1285 3677 et
1311 3613 1426 3677 sancti.
1472 3612 1536 3676 Est

383 3713 483 3796 igitur
501 3714 534 3776 in
556 3714 700 3778 confinio
723 3714 841 3779 horum
863 3716 1012 3780 locorum
1036 3737 1134 3799 rupes
1157 3718 1191 3781 in
1212 3716 1354 3781 sublime
1373 3727 1536 3801 porrecta,

383 3835 469 3897 quae
484 3828 620 3881 vocatur
632 3816 759 3895 Arnon,
774 3828 809 3883 et
823 3818 907 3884 haec
922 3840 1021 3904 rupes
1036 3820 1211 3903 distinguit
1226 3831 1377 3885 extrema
1392 3818 1535 3884 filiorum

385 3920 534 3982 Ammon
556 3930 591 3984 et
615 3920 719 3985 Moab
742 3931 777 3985 et
802 3922 890 3987 Seon
915 3924 1000 4005 regis
1022 3924 1301 4001 Amorraeorum;
1331 3936 1365 3989 et
1390 3925 1465 3988 ideo
1489 3925 1535 3989 ibi

382 4022 497 4105 incipit
521 4033 607 4087 terra
630 4024 773 4089 filiorum
797 4026 909 4091 lsrael.
954 4027 1023 4093 Sed
1047 4029 1110 4093 sub
1132 4029 1195 4094 hac
1217 4050 1299 4113 rupe
1311 4049 1426 4094 versus
1448 4030 1536 4093 occi·

383 4127 519 4191 dentem
543 4139 594 4194 est
616 4128 711 4193 vallis
734 4150 820 4212 quae
841 4141 980 4195 vocatur
1003 4132 1132 4214 Arnon,
1144 4131 1244 4216 juxta
1266 4153 1367 4216 quam
1390 4154 1410 4197 a
1431 4131 1536 4197 latere

384 4232 565 4296 meridiano
588 4243 639 4297 est
661 4233 777 4298 civitas
800 4233 860 4308 Ar,
878 4255 964 4317 quae
986 4245 1036 4300 est
1059 4247 1159 4319 caput
1182 4238 1275 4321 regni
1298 4237 1536 4311 Moabitarum,

384 4356 469 4419 quae
499 4348 616 4419 postea
646 4338 736 4403 dicta
766 4330 817 4403 est
841 4338 1022 4424 Acropolis
1051 4361 1096 4404 ex
1128 4340 1286 4405 Hebraeo
1315 4340 1479 4406 vocabulo
1501 4352 1537 4405 et

383 4439 513 4505 Graeco
527 4443 724 4525 composita,
738 4442 771 4506 id
787 4452 846 4517 est,
858 4443 974 4508 civitas
983 4443 1170 4524 adversarii,
1179 4444 1356 4511 sicutdicit
1367 4446 1536 4528 Hierony·

384 4565 458 4609 mus
473 4546 589 4628 quinto
605 4546 688 4611 libro
703 4566 803 4630 super
818 4548 940 4612 isaiam
956 4548 1162 4634 prophetam
1200 4550 1235 4614 A
1248 4571 1328 4633 mpe
1343 4560 1455 4615 autem
1472 4551 1537 4614 hac

383 4650 555 4715 descendit
585 4662 713 4716 torrens
738 4672 852 4717 versus
882 4653 1099 4730 occidentem,
1124 4675 1211 4738 quae
1235 4666 1372 4721 vocatur
1404 4669 1536 4723 torrens
