3575 5375
355 609 413 668 126
566 610 722 670 OPERIS
746 610 936 680 MAJORIS
959 611 1075 670 PARS
1099 610 1285 685 QUARTA.

183 790 339 853 eonvergent
398 773 445 838 Et
461 773 515 838 isti
532 773 613 838 radii
630 773 928 859 perpendiculares,
942 795 983 838 co
996 776 1084 859 quod
1096 785 1296 841 concurrunt
1308 775 1340 839 in
1355 784 1505 840 centrum

181 854 313 970 ffl‘f'm
355 881 513 962 corporis,
522 900 590 945 non
600 891 677 944 sunt
693 881 976 962 aequidistantes3
997 890 1110 962 potest
1122 890 1233 946 tamen
1246 880 1360 945 oculus
1372 901 1445 944 esse
1461 880 1507 943 ita

182 985 276 1048 objectu
354 983 453 1067 longe
473 1005 493 1048 a
513 1004 660 1067 corpore,
678 986 769 1068 quod
792 1005 858 1049 non
880 984 1042 1068 percipiat
1063 1005 1270 1065 concursum,
1290 997 1324 1049 et
1344 983 1507 1067 judicabit

183 1067 296 1183 {fiffilll
355 1089 465 1153 radios
487 1089 570 1154 tales
593 1111 665 1154 esse
686 1091 956 1173 aequidistantes,
971 1089 1055 1154 sicut
1077 1092 1199 1155 accidit
1223 1090 1320 1155 nobis
1343 1090 1386 1154 de
1408 1088 1508 1153 radiis

354 1192 431 1258 solis
447 1204 481 1260 et
496 1193 677 1273 stellarum,
688 1206 722 1259 et
738 1197 814 1259 ideo
824 1194 1013 1278 judicamus
1029 1197 1164 1260 umbras
1180 1215 1286 1260 rerum
1303 1196 1508 1259 diversarum

355 1297 625 1379 aequidistantes,
647 1299 783 1382 quando
812 1309 1028 1382 opponuntur
1049 1300 1121 1379 soli,
1144 1300 1203 1364 sed
1232 1321 1298 1364 non
1325 1298 1508 1364 secundum

354 1404 538 1466 veritatem.
584 1403 694 1468 Multa
717 1405 805 1466 enim
825 1405 981 1467 videntur
1002 1404 1231 1487 aequidistare,
1250 1404 1329 1486 quia
1349 1422 1417 1466 non
1437 1422 1509 1485 per·

357 1508 495 1590 cipimus
505 1527 833 1582 eorumconcursum,
843 1517 879 1571 ut
889 1509 1033 1592 parietes
1042 1509 1162 1572 domus
1171 1508 1347 1590 cujuslibet
1356 1508 1511 1572 videntur

356 1613 398 1676 ad
415 1632 547 1676 sensum
564 1615 835 1695 aequidistantes,
846 1614 905 1676 sed
921 1633 986 1676 non
1003 1624 1081 1678 sunt
1092 1614 1171 1696 quia
1182 1634 1282 1677 omne
1292 1633 1392 1696 grave
1402 1611 1511 1675 tendit

357 1717 400 1780 ad
416 1727 565 1781 centrum
583 1718 784 1794 naturaliter,
794 1727 829 1782 et
846 1717 923 1782 ideo
939 1728 1047 1781 rueret
1063 1719 1192 1795 domus,
1207 1717 1234 1780 si
1249 1727 1360 1781 essent
1375 1715 1512 1780 omnino

358 1822 630 1902 aequidistantes.
682 1822 728 1887 Et
758 1822 871 1886 circuli
902 1823 1074 1886 meridiani
1105 1823 1308 1887 diversarum
1339 1821 1512 1886 civitatum

358 1925 511 1989 videntur
526 1947 597 1990 esse
614 1927 885 2010 aequidistantes,
900 1935 934 1990 et
955 1925 1062 1990 lineae
1080 1926 1238 2003 meridiei,
1254 1926 1332 2008 quia
1352 1945 1419 1988 non
1440 1944 1512 2006 per·

359 2029 500 2112 cipimus
515 2051 721 2112 concursum,
736 2044 769 2096 et
785 2043 898 2096 tamen
913 2041 1113 2095 concurrunt
1129 2030 1161 2094 in
1176 2030 1256 2114 polo
1272 2030 1398 2093 mundi.

186 2143 243 2194 The
252 2140 346 2193 central
405 2135 467 2198 Est
497 2136 596 2200 etiam
627 2137 807 2213 sciendum,
834 2137 924 2220 quod
956 2136 1040 2199 radii
1066 2135 1123 2218 qui
1153 2136 1276 2200 cadunt
1303 2136 1338 2198 in
1364 2143 1513 2199 centrum

186 2206 347 2325 {32⁰5ssssssss
360 2239 507 2322 corporis
523 2239 686 2322 sphaerici
702 2261 803 2323 aquo
818 2241 965 2318 veniunt,
980 2249 1057 2304 sunt
1079 2240 1124 2302 illi
1145 2259 1204 2324 per
1224 2259 1308 2322 quos
1325 2237 1515 2320 judicamus

189 2341 323 2406 0pernive.
361 2344 473 2408 stellas
500 2365 558 2428 per
585 2343 747 2409 foramina
774 2343 1076 2409 instrumentorum.
1123 2343 1223 2408 Unde
1246 2354 1457 2407 astronomus
1479 2351 1516 2407 et

358 2450 592 2533 perspectivus,
616 2451 672 2532 qui
696 2449 911 2534 experiuntur
932 2448 1133 2530 hujusmodi,
1156 2458 1291 2512 utuntur
1321 2449 1392 2512 istis
1413 2448 1515 2512 radiis

359 2553 437 2635 quia
451 2553 618 2618 sensuales
633 2566 711 2618 sunt
727 2565 761 2618 et
777 2553 886 2618 sortes.
934 2552 1098 2635 Quamvis
1113 2551 1201 2615 enim
1212 2574 1232 2615 a
1244 2553 1395 2633 portione
1406 2551 1516 2635 aliqua

361 2658 510 2740 corporis
540 2657 701 2741 sphaerici
732 2657 863 2741 objecta
895 2659 942 2722 rei
973 2657 1114 2742 patienti
1140 2657 1251 2721 veniat
1276 2676 1342 2720 una
1368 2656 1518 2739 pyramis

361 2762 488 2825 habens
519 2762 628 2825 radios
661 2762 817 2841 infinitos,
846 2764 904 2846 qui
935 2762 1018 2826 fiunt
1047 2784 1068 2826 a
1097 2761 1236 2844 singulis
1266 2763 1400 2843 punctis
1428 2762 1518 2826 illius

363 2868 531 2949 portionis,
547 2876 581 2931 et
596 2888 711 2931 omnes
728 2877 926 2932 concurrunt
941 2868 974 2930 in
989 2887 1109 2931 conum
1130 2867 1314 2950 pyramidis
1332 2886 1408 2929 cum
1424 2867 1519 2931 radio

362 2970 635 3053 perpendiculari,
657 2979 769 3034 tamen
795 2993 877 3035 unus
904 2971 995 3035 solus
1019 2980 1070 3035 est
1092 2970 1373 3054 perpendicularis
1396 2971 1428 3033 in
1451 2992 1519 3036 una

365 3075 549 3160 pyramide,
564 3084 598 3139 et
618 3074 672 3139 ille
694 3074 975 3159 perpendicularis
997 3075 1187 3139 dominatur
1210 3074 1241 3137 in
1265 3074 1469 3152 fortitudine,
1484 3086 1520 3140 et

363 3191 414 3244 est
437 3180 512 3243 axis
535 3179 719 3262 pyramidis
744 3191 777 3244 et
803 3189 875 3245 tota
902 3180 1051 3263 pyramis
1077 3180 1121 3242 ab
1146 3199 1188 3243 eo
1212 3179 1402 3243 nominatur
1427 3182 1520 3264 apud

367 3284 694 3367 experimentatores‚
710 3295 744 3349 et
760 3294 897 3349 vocatur
917 3284 1029 3348 radius
1047 3283 1191 3365 corporis
1211 3284 1351 3367 agentis,
1367 3293 1403 3347 ut
1425 3294 1522 3365 patet

369 4230 402 4293 in
426 4229 541 4313 figura.
588 4231 676 4295 Nam
698 4232 741 4295 sit
760 4252 782 4293 a
802 4241 964 4308 centrum,
978 4239 1011 4293 et
1026 4229 1053 4291 d
1063 4251 1080 4292 c
1097 4228 1139 4293 sit
1161 4228 1269 4310 portio
1289 4226 1370 4290 solis
1390 4224 1528 4308 objecta

370 4344 485 4412 terrae,
504 4343 538 4399 et
560 4334 579 4397 b
601 4355 703 4400 conus
727 4335 911 4417 pyramidis
933 4334 1083 4397 cadentis
1106 4333 1139 4394 in
1164 4343 1296 4408 terram,
1316 4330 1454 4411 planum
1474 4338 1528 4392 est

371 4439 460 4519 quod
479 4459 497 4501 e
516 4439 535 4503 b
555 4438 667 4502 radius
687 4439 777 4501 cadit
801 4440 832 4500 in
855 4448 1005 4502 centrum
1028 4436 1115 4513 solis,
1131 4446 1165 4499 et
1187 4434 1266 4498 nulli
1290 4433 1347 4498 alii
1370 4433 1530 4515 quisunt

370 4544 414 4605 de
429 4561 567 4623 corpore
582 4544 775 4626 pyramidis,
787 4541 941 4623 quamvis
956 4541 1021 4603 s³nt
1037 4538 1165 4603 infiniti.
1212 4539 1301 4601 Nam
1310 4537 1369 4619 gb
1380 4537 1530 4601 declinat

369 4666 390 4708 a
406 4655 520 4710 centro
536 4646 623 4725 solis,
636 4656 671 4709 ut
688 4654 790 4729 patet,
801 4654 834 4709 et
850 4644 894 4707 sic
907 4645 950 4707 de
965 4644 1118 4705 omnibus
1131 4643 1204 4705 aliis
1210 4643 1242 4725 f
1250 4644 1277 4719 b,
1292 4664 1309 4705 c
1324 4642 1352 4705 b.
1394 4641 1440 4706 Et
1452 4640 1531 4705 ideo
