3575 5375
679 588 969 648 annonarum.
1337 606 1395 668 ³51

248 754 399 817 Plinium.
445 753 535 817 Nam
560 773 679 816 novem
708 753 842 816 nomina
869 751 972 815 habet
996 752 1040 816 ab
1066 771 1192 817 oceano
1220 753 1337 817 Indico
1364 755 1398 817 in

248 859 382 937 oriente,
411 870 591 940 antequam
621 867 759 921 vocetur
787 856 922 938 proprio
951 857 1086 920 nomine
1115 856 1253 934 Taurus,
1280 858 1400 921 deiude

251 962 428 1040 Caucasus,
447 973 481 1028 et
503 971 620 1045 postea
639 961 703 1024 tria
723 962 856 1023 ‘sortitur
879 961 1015 1024 nomina
1033 969 1203 1035 extranea,
1226 971 1259 1024 et
1282 963 1400 1025 iterum

249 1067 377 1130 Taurus
395 1076 541 1132 vocatur.
587 1065 655 1130 Sed
678 1065 734 1129 ubi
757 1085 793 1150 se
816 1066 922 1146 aperit
945 1074 977 1127 et
1002 1072 1119 1148 portae
1142 1064 1226 1128 fiunt
1249 1065 1400 1148 Caspiae,

250 1171 295 1234 ibi
309 1182 448 1234 vocatur
471 1170 622 1252 Caspius,
645 1178 678 1233 et
701 1169 888 1250 Hyrcanus‚
911 1177 945 1231 et
969 1167 1081 1232 multis
1103 1167 1176 1232 aliis
1203 1170 1402 1242 nominibus,

250 1278 292 1339 de
315 1275 435 1358 quibus
455 1295 520 1338 non
545 1285 596 1338 est
618 1276 799 1337 curandum
823 1273 865 1337 ad
890 1293 1054 1356 praesens.
1102 1272 1197 1335 Haec
1220 1275 1402 1337 secundum

252 1380 403 1454 Plinium,
418 1380 569 1461 quamvis
585 1377 722 1442 Orosius
737 1376 818 1441 velit
839 1376 943 1451 aliter,
958 1388 991 1441 et
1008 1375 1103 1440 multi
1120 1377 1176 1439 alii
1192 1377 1286 1441 aliter
1301 1397 1403 1460 quam

252 1484 316 1548 ille.
347 1484 448 1549 Unde
464 1493 554 1547 totus
569 1483 625 1546 ille
641 1503 736 1545 mons
751 1503 771 1546 a
788 1482 902 1546 multis
913 1490 1050 1545 vocatur
1061 1483 1104 1544 ab
1121 1483 1218 1546 India
1235 1481 1404 1546 Caucasus

252 1599 286 1653 et
301 1597 419 1670 postea
430 1588 569 1652 Taurus.
600 1587 670 1650 Alii
686 1608 705 1651 e
720 1607 889 1662 converso,
901 1587 959 1650 sed
976 1607 1042 1650 uon
1057 1596 1108 1649 est
1123 1588 1314 1660 curandum,
1326 1587 1406 1669 quia

252 1694 402 1757 diversae
419 1692 670 1774 imaginationes
691 1700 725 1756 et
743 1691 871 1755 diversa
888 1689 1047 1754 vocabula
1065 1688 1119 1752 hic
1140 1700 1217 1754 sunt
1235 1692 1320 1756 circa
1335 1711 1406 1754 rem

253 1798 402 1862 eandem.
427 1796 528 1879 Quod
538 1807 651 1860 tamen
663 1796 770 1876 magis
779 1806 829 1860 est
840 1795 872 1858 in
884 1814 945 1856 usu
955 1795 1140 1876 sapientum
1151 1796 1406 1859 describentium

254 1902 364 1964 mundi
381 1901 540 1985 regiones,
555 1911 606 1964 est
626 1901 715 1983 quod
730 1909 866 1963 vocetur
885 1899 920 1961 in
941 1899 1090 1962 orientali
1113 1908 1207 1980 parte
1228 1898 1407 1974 Caucasus,

254 2005 373 2068 deinde
397 2006 537 2090 Caspius
560 2015 593 2068 et
617 2005 803 2088 HyrcanuS,
823 2013 940 2086 postea
962 2001 1100 2078 Taurus,
1118 2012 1153 2066 et
1175 2003 1294 2066 iterum
1319 2001 1406 2066 Cau·

254 2130 357 2174 casus,
373 2110 451 2190 quia
474 2111 529 2172 ubi
553 2129 589 2171 se
612 2108 759 2172 maxime
782 2105 905 2171 attollit
925 2116 1063 2168 vocatur
1084 2105 1260 2186 Caucasus,
1278 2117 1311 2169 et
1333 2117 1406 2170 tum

255 2224 371 2294 postea
384 2213 491 2276 adhuc
501 2212 631 2274 Taurus
644 2213 841 2274 nominatur.
869 2210 975 2273 Totus
987 2210 1088 2273 etiam
1101 2208 1269 2274 Caucasus
1281 2211 1409 2286 dicitur,

256 2326 289 2378 et
305 2324 396 2377 totus
412 2315 541 2378 Taurus
556 2315 734 2378 secundum
750 2315 897 2378 diversas
912 2313 1199 2376 considerationes.

301 2418 547 2482 Revertendum
564 2429 615 2483 est
631 2419 731 2500 igitur
745 2419 788 2482 ad
805 2419 955 2500 regiones
974 2416 1150 2480 orientales
1173 2437 1271 2499 supra
1295 2418 1407 2482 Meso·
1422 2435 1508 2485 Media
1519 2434 1569 2483 and

257 2522 449 2604 potamiam‚
463 2521 635 2602 Assyriam
649 2533 682 2586 et
695 2521 915 2606 Babylonem,
926 2531 959 2585 ct
970 2522 1147 2585 dicendum
1159 2531 1209 2584 est
1224 2524 1408 2586 secundum
1422 2501 1533 2550 Parthia.

260 2626 400 2690 Plinium
418 2634 452 2690 et
470 2645 597 2704 omnes,
613 2627 703 2710 quod
720 2627 765 2690 ibi
780 2635 858 2690 sunt
875 2647 976 2708 regna
992 2625 1169 2692 Medorum
1185 2637 1219 2691 et
1235 2626 1407 2691 Persarum

258 2741 292 2795 et
316 2730 522 2795 Parthorum.
570 2731 615 2795 Et
637 2730 720 2795 haec
744 2752 845 2813 regna
868 2732 993 2795 habent
1018 2730 1063 2793 ab
1085 2733 1257 2796 occidente
1280 2732 1410 2816 Tigrim

258 2835 404 2912 fluvium,
419 2836 462 2898 ab
479 2836 603 2899 oriente
620 2836 742 2899 Indum
762 2835 910 2911 fluvium,
927 2857 947 2899 a
963 2835 1100 2899 meridie
1120 2855 1212 2901 mare
1233 2836 1411 2915 Persicum,

260 2940 327 3003 sive
341 2940 449 3002 sinum
464 2939 571 3002 Rubri
584 2940 684 3003 maris
695 2940 872 3018 Persicum,
884 2962 904 3003 a
915 2940 1140 3021 septentrione
1152 2940 1277 3003 habent
1288 2940 1410 3004 Arme·

261 3044 348 3107 niam
365 3055 398 3106 et
415 3042 572 3121 Taurum,
589 3052 623 3107 et
639 3042 825 3109 Caucasum
846 3054 986 3119 montes,
1003 3055 1038 3109 et
1056 3054 1171 3128 portas
1191 3044 1339 3128 Caspias,
1353 3065 1411 3108 seu

261 3147 456 3228 HyrcaniaS,
471 3159 504 3212 et
520 3157 640 3213 terram
659 3148 894 3229 Hyrcanorum
910 3160 945 3213 et
960 3169 1051 3213 mare
1069 3148 1307 3230 Hyrcanicum,
1322 3149 1412 3230 quod

261 3262 311 3314 est
330 3262 364 3315 et
381 3250 550 3332 Caspium.
582 3251 670 3315 Nam
687 3252 776 3316 idem
793 3263 843 3316 est
860 3273 950 3315 mare
967 3251 1126 3334 Caspium
1141 3262 1175 3315 et
1192 3251 1412 3332 Hyrcanium,

260 3356 346 3418 sicut
379 3356 458 3418 dicit
491 3356 623 3418 Plinius.
671 3356 716 3421 Et
755 3357 929 3420 Persarum
967 3377 1070 3440 regna
1099 3377 1185 3419 nunc
1216 3356 1412 3419 Parthorum

262 3459 483 3541 intelligimus,
501 3468 538 3523 ut
553 3459 632 3523 dicit
652 3460 785 3524 Plinius.
829 3460 1057 3524 Veruntamen
1080 3460 1135 3523 illa
1158 3480 1235 3541 pars
1256 3472 1413 3542 quaeest

261 3582 361 3645 super
383 3582 473 3625 mare
497 3562 662 3627 Persicum
687 3574 739 3628 est
760 3585 864 3648 prope
888 3565 1043 3641 Persida3
1079 3584 1157 3628 nam
1179 3566 1223 3628 ab
1246 3563 1301 3627 illa
1323 3583 1413 3629 mare

263 3667 430 3732 Persicum
447 3667 643 3731 nominatur.
682 3667 768 3732 Sunt
784 3671 871 3732 enim
889 3669 1088 3732 Parthorum
1105 3688 1206 3750 regna
1221 3668 1415 3746 octodecim,

263 3784 300 3837 ut
315 3773 402 3837 dicit.
450 3770 613 3837 Undecim
629 3772 783 3836 dicuntur
797 3773 967 3855 superiora
982 3782 1016 3837 et
1033 3772 1313 3855 septentrionalia,
1327 3790 1414 3856 quae

263 3877 426 3959 incipiunt
463 3896 484 3938 a
521 3874 664 3941 confinio
699 3876 881 3941 Armeniae
914 3888 948 3942 et
987 3876 1129 3961 Caspiae
1165 3876 1331 3941 littoribus
1354 3898 1413 3941 seu

265 3981 469 4065 Hyrcanicis,
505 3989 538 4044 et
571 3980 605 4043 hi
639 3982 770 4064 proprie
793 3982 949 4045 dicuntur
972 3981 1095 4055 Parthi,
1119 3990 1153 4044 et
1179 3982 1345 4064 pertinent
1370 3982 1414 4045 ad

265 4085 418 4167 Scythas,
442 4104 516 4150 cum
542 4105 588 4149 ex
614 4104 722 4166 aequo
745 4086 861 4149 vivunt
890 4085 948 4168 qui
974 4085 1157 4150 adhaerent
1186 4087 1356 4150 montibus
1380 4096 1414 4151 et

265 4189 346 4251 mari
371 4188 501 4271 Caspiis
523 4199 557 4252 et
582 4188 788 4271 Hyrcanicis.
834 4189 915 4253 Alia
937 4201 1067 4273 septem
1090 4210 1193 4272 regna
1216 4189 1413 4253 Parthorum

264 4300 341 4357 sunt
376 4292 612 4368 meridionalia,
643 4304 677 4357 et
716 4292 900 4357 adhaerent
938 4294 1019 4358 mari
1056 4293 1187 4358 Persico
1217 4302 1252 4356 et
1280 4294 1414 4376 proprie

263 4406 426 4460 vocantur
462 4417 564 4479 regna
601 4396 785 4473 Persarum,
824 4406 859 4461 et
891 4396 938 4461 illi
971 4406 1049 4461 sunt
1083 4397 1260 4476 Elamitae,
1291 4397 1325 4461 id
1363 4407 1415 4461 est

265 4500 428 4583 principes
459 4499 608 4579 Persidis,
645 4500 730 4565 sicut
767 4501 996 4584 Hieronymus
1027 4502 1107 4566 dicit
1136 4521 1235 4582 super
1259 4500 1414 4569 Genesim

265 4613 300 4668 et
330 4604 363 4667 in
391 4604 475 4667 libro
509 4604 686 4671 Locorum.
747 4604 837 4671 Nam
866 4604 965 4669 Elam
997 4614 1050 4671 est
1078 4605 1195 4671 civitas
1225 4604 1415 4691 principalis
