3575 5375
356 597 417 663 374
580 582 736 644 OPERIS
759 581 949 655 MAJORIS
973 579 1089 642 PARS
1114 579 1300 656 QUARTA.

359 753 496 832 propter
509 745 660 813 viciniam
677 746 939 812 Christianorum
958 758 991 811 et
1008 744 1250 812 Saracenorum
1268 753 1397 828 ponunt
1410 761 1515 809 unum

190 865 297 916 Various
360 852 480 916 Deum.
526 852 573 915 Et
596 862 674 917 sunt
698 852 816 934 optimi
841 853 1028 934 scriptores,
1050 851 1138 915 unde
1161 849 1292 914 Tartari
1316 859 1517 933 acceperunt

189 929 316 1048 ’ζξάἥξοί
359 955 472 1020 literas
494 977 618 1032 eorum,
640 966 674 1021 et
696 956 741 1020 illi
765 965 841 1020 sunt
867 956 978 1038 magni
999 954 1176 1036 scriptores
1198 954 1423 1018 Tartarorum.
1467 952 1517 1017 Et

273 1014 298 1062 ε’
360 1055 414 1120 isti
441 1057 587 1122 scribunt
610 1076 631 1119 a
653 1076 781 1122 sursum
806 1056 839 1119 in
865 1058 1030 1137 deorsum,
1053 1065 1089 1119 et
1105 1075 1126 1118 a
1151 1054 1283 1119 sinistra
1305 1054 1338 1117 in
1360 1055 1516 1117 dextram

359 1159 578 1244 multiplicant
609 1161 712 1225 lineas
741 1171 775 1225 et
804 1159 928 1244 legunt.
972 1157 1128 1224 Thebeth
1157 1158 1302 1223 scribunt
1332 1159 1417 1222 sicut
1442 1177 1517 1234 nos,

359 1275 394 1330 et
413 1264 540 1329 habent
558 1265 680 1348 figuras
703 1265 826 1329 similes
851 1263 977 1328 nostris.
1023 1263 1160 1347 Tangut
1181 1263 1331 1327 scribunt
1353 1284 1373 1326 a
1395 1264 1517 1327 dextra

357 1370 393 1434 in
410 1370 584 1444 sinistram,
600 1369 684 1434 sicut
703 1368 844 1447 Arabes,
860 1368 918 1432 sed
935 1367 1159 1450 multiplicant
1173 1367 1276 1430 lineas
1294 1367 1517 1430 ascendendo.

362 1473 481 1540 Cathai
495 1473 671 1538 orientales
687 1473 834 1537 scribunt
850 1492 925 1537 cum
938 1470 1114 1554 punctorio
1128 1491 1196 1554 quo
1210 1470 1353 1556 pingunt
1363 1471 1517 1554 pictores,

362 1589 395 1644 et
416 1578 541 1643 iaciunt
562 1577 596 1641 in
617 1597 681 1642 una
702 1575 806 1660 figura
821 1575 931 1659 plures
947 1576 1058 1641 literas
1078 1577 1396 1660 comprehendentes
1416 1595 1518 1639 unam

362 1683 552 1759 dictionem,
572 1691 605 1745 et
627 1701 672 1744 ex
694 1681 758 1745 hoc
780 1683 916 1746 veniunt
938 1681 1146 1745 characteres
1168 1681 1225 1762 qui
1247 1679 1372 1745 habent
1395 1679 1518 1743 multas

362 1786 474 1853 literas
496 1786 612 1864 simul;
636 1788 724 1850 unde
738 1788 806 1851 veri
822 1787 1028 1851 characteres
1048 1797 1083 1852 et
1098 1785 1227 1870 physici
1242 1794 1320 1849 sunt
1339 1783 1518 1867 compositi

364 1914 408 1956 ex
424 1892 535 1966 literis,
548 1901 582 1955 et
596 1890 723 1956 habent
737 1912 871 1956 sensum
887 1890 1082 1955 dictionum.

409 1997 454 2060 Et
470 2005 542 2060 tota
564 2002 651 2059 terra
674 2015 694 2058 a
718 1994 875 2059 Danubio
898 2013 1005 2076 usque
1027 1993 1060 2057 in
1082 1992 1243 2057 orientem
1264 2002 1402 2057 vocatur
1427 1992 1518 2077 apud

363 2101 519 2183 antiquos
568 2099 717 2182 Scythia,
756 2120 776 2162 a
820 2119 888 2182 quo
935 2098 1082 2180 Scythae
1125 2107 1160 2162 et
1205 2117 1322 2162 omnes
1367 2096 1519 2181 regiones

365 2205 580 2270 Tartarorum
603 2213 680 2268 sunt
694 2204 737 2266 de
754 2203 904 2284 Scythia,
920 2212 954 2267 et
969 2201 1072 2266 etiam
1089 2201 1220 2280 Ruscia,
1236 2211 1271 2267 et
1285 2211 1395 2267 toturn
1411 2221 1518 2284 usque

366 2311 409 2374 ad
425 2309 673 2373 Alemanniam.

196 2427 352 2480 Bnesnotice
410 2413 579 2497 Descripsi
601 2411 699 2494 igitur
721 2412 872 2497 regiones
895 2433 1010 2476 omnes
1028 2412 1133 2477 Asiae
1155 2423 1190 2478 et
1206 2410 1352 2488 Africae,
1370 2419 1404 2476 et
1427 2409 1520 2494 aqui-

198 2493 352 2612 {ffissmh‘m
366 2519 498 2582 lonares
515 2516 679 2598 Europae.
724 2516 823 2580 Nunc
843 2516 1020 2582 orientales
1040 2527 1074 2580 et
1092 2516 1294 2581 meridianas
1310 2515 1465 2598 Europae
1485 2524 1521 2578 et

267 2577 307 2626 pe.
367 2621 590 2689 occidentales
608 2620 751 2685 breviter
766 2621 942 2686 annotabo.
989 2622 1079 2685 Nam
1099 2621 1167 2685 iere
1188 2642 1303 2686 omnes
1323 2630 1424 2685 notae
1443 2629 1520 2684 sunt

366 2727 530 2791 omnibus
585 2726 722 2789 Dictum
756 2726 891 2808 quidem
927 2735 978 2790 est
1007 2727 1098 2808 quod
1130 2724 1274 2790 Albania
1306 2724 1522 2790 occidentalis

365 2830 561 2895 terminatur
579 2828 622 2893 ad
639 2829 831 2893 Danubium
853 2831 915 2894 sub
936 2831 1017 2894 mari
1034 2831 1183 2905 Pontico,
1199 2842 1233 2895 et
1252 2831 1296 2895 ad
1315 2829 1522 2913 Hungariam

369 2932 529 2997 minorem
546 2933 747 2997 extenditur.
789 2932 856 2997 Sed
872 2954 917 2997 ex
931 2934 1035 2997 altera
1051 2944 1145 3018 parte
1162 2935 1309 2999 Danubii
1324 2934 1386 2998 sub
1402 2934 1522 2997 eodem

369 3036 452 3101 mari
473 3036 655 3119 antiquitus
678 3036 785 3121 prima
808 3038 899 3122 regio
925 3058 1097 3102 occurrens
1122 3038 1295 3103 dicebatur
1317 3038 1467 3116 Thracia,
1488 3037 1523 3099 in

363 3150 435 3225 'qua
450 3150 501 3205 est
516 3140 829 3224 Constantinopolis.
862 3140 924 3207 Cui
940 3143 983 3205 ad
995 3142 1202 3207 occidentem
1219 3162 1318 3226 super
1329 3142 1522 3206 Danubium

366 3246 567 3329 jungebatur
591 3246 729 3310 Moesia.
776 3246 842 3310 Sed
866 3266 954 3310 nunc
978 3246 1010 3309 in
1036 3246 1098 3310 illis
1122 3246 1203 3311 locis
1226 3257 1303 3310 sunt
1326 3246 1462 3311 Balchia
1488 3253 1523 3308 et

371 3349 526 3433 Bulgaria
543 3350 658 3415 minor.
698 3350 832 3415 Deinde
850 3348 1023 3433 Hungaria
1037 3352 1079 3414 ad
1096 3350 1311 3415 occidentem.
1343 3350 1390 3414 Et
1405 3359 1523 3433 postea

370 3454 531 3529 Moravia,
555 3474 641 3537 quae
664 3464 714 3519 est
736 3455 798 3519 sub
822 3475 926 3539 regno
950 3455 1139 3519 Bohemiae.
1185 3455 1247 3520 Cui
1269 3477 1290 3519 a
1314 3454 1451 3519 meridie
1473 3462 1524 3517 est

372 3558 510 3637 Histria,
536 3559 656 3641 quibus
681 3560 714 3622 in
743 3560 915 3624 occidente
943 3560 1125 3624 succedunt
1152 3558 1314 3624 Bohemia
1341 3557 1523 3636 Moraviae,

370 3672 403 3726 et
418 3661 558 3726 Austria
578 3662 732 3727 Histriae.
779 3662 912 3735 Deinde
933 3672 1005 3728 tota
1022 3661 1223 3728 Alemannia
1243 3664 1287 3728 ad
1308 3664 1522 3736 occidentem,

372 3774 406 3829 et
421 3774 537 3847 postea
552 3766 700 3847 Francia,
714 3787 799 3849 quae
815 3774 914 3831 notae
929 3776 1016 3831 sunt.

419 3868 500 3933 Post
534 3868 710 3933 Thraciam
744 3891 858 3935 versus
892 3870 1062 3934 meridiem
1093 3880 1144 3936 est
1172 3870 1372 3937 Macedonia
1394 3871 1526 3954 regibus

374 3972 500 4056 inclyta
532 3974 695 4051 maximis,
729 3972 915 4059 Antigono,
950 3975 1115 4060 Philippo,
1148 3975 1346 4041 Alexandro
1381 3996 1525 4059 magno;

373 4098 458 4162 quae
473 4077 539 4141 alio
555 4079 687 4143 nomine
702 4079 873 4144 dicebatur
889 4079 1056 4144 Emathia.
1102 4080 1182 4145 Post
1199 4102 1272 4145 eam
1288 4081 1331 4145 ad
1354 4081 1526 4144 meridiem

374 4194 425 4249 est
445 4183 638 4266 Magnesia;
661 4183 782 4248 deinde
802 4182 1031 4264 Thessalonia,
1050 4186 1172 4268 quibus
1194 4184 1366 4267 apostolus
1387 4186 1527 4268 scripsit.

375 4288 508 4352 Deinde
530 4288 638 4353 adhuc
661 4286 703 4351 ad
727 4287 896 4352 meridiem
919 4298 970 4351 est
995 4288 1144 4365 Boeotia,
1167 4290 1223 4354 ubi
1250 4289 1388 4353 Thebae
1412 4290 1527 4354 civitas

375 4392 510 4469 famosa,
532 4413 553 4455 a
575 4413 641 4475 qua
662 4392 695 4455 in
718 4393 879 4455 orientem
901 4391 981 4456 xviii
1009 4393 1203 4458 milliaribus
1225 4404 1277 4458 est
1298 4393 1415 4458 civitas
1438 4404 1528 4470 nota,

375 4516 463 4579 quae
491 4496 595 4580 Niger
622 4497 710 4560 Pons
736 4507 882 4561 vocatur.
929 4497 1001 4562 Sub
1028 4497 1100 4562 istis
1125 4499 1221 4563 terris
1250 4500 1293 4563 ad
1320 4500 1527 4564 occidentem

377 4602 484 4685 primo
502 4602 704 4666 contermina
727 4602 943 4668 Macedoniae
964 4602 1202 4668 Thessaloniae
1221 4614 1256 4669 et
1281 4604 1456 4687 Bulgariae
1478 4618 1529 4671 est
