3575 5375
733 599 1017 658 asmoroom.
1388 610 1446 673 391

341 763 386 827 Et
408 764 472 827 hoc
498 763 629 847 egregie
652 764 749 828 docet
772 763 863 828 Isaac
884 764 916 826 in
941 763 1026 827 libro
1049 763 1215 840 Febrium,
1236 760 1383 845 capitulo
1405 761 1447 823 de

296 868 504 951 pestilentia3
529 889 589 933 nec
605 867 711 932 solum
733 869 776 932 de
801 867 1056 944 infirmitatibus,
1080 868 1260 931 sedetiam
1284 866 1446 928 universa·

294 972 369 1036 liter
399 973 432 1035 in
462 973 624 1050 omnibus,
650 974 763 1036 dicens
793 973 883 1054 quod
913 973 1023 1035 anima
1054 970 1220 1035 rationalis
1243 970 1373 1052 dignior
1394 978 1446 1032 est

294 1076 406 1150 stellis,
422 1098 498 1140 nam
518 1077 604 1142 actio
624 1097 737 1140 earum
761 1077 897 1140 minime
917 1077 947 1138 ei
968 1086 1065 1140 nocet
1086 1075 1146 1138 nisi
1168 1095 1243 1139 cum
1260 1073 1445 1156 ignorantia

294 1189 453 1244 teneatur.
499 1181 592 1244 Dum
618 1182 705 1244 enim
729 1181 799 1263 ipse
830 1183 960 1245 sciverit
982 1200 1096 1244 earum
1119 1180 1285 1243 actionem
1309 1179 1444 1241 omnino

294 1305 409 1349 cavere
425 1286 566 1367 poterit3
589 1296 623 1350 et
644 1284 749 1359 infert,
765 1285 977 1350 Testilicatur
994 1293 1106 1347 autem
1128 1285 1162 1346 id
1184 1283 1273 1365 quod
1294 1283 1445 1346 videmus

292 1390 335 1451 ab
355 1390 491 1471 optimis
507 1389 632 1452 sactum
656 1387 908 1467 mathematicis,
923 1389 980 1470 qui
1001 1409 1077 1453 cum
1096 1389 1275 1452 certissime
1294 1388 1445 1451 noverint

293 1494 364 1557 dies
387 1495 503 1557 mortis
526 1494 559 1556 in
579 1495 626 1557 eis
646 1495 705 1575 qui
727 1514 817 1556 mare
838 1494 1014 1575 ingressuri
1035 1502 1123 1568 sunt,
1139 1493 1219 1555 satis
1235 1501 1372 1574 possunt
1388 1512 1444 1554 eos

293 1599 397 1674 tueri;
422 1598 573 1662 similiter
596 1609 630 1660 et
654 1618 712 1660 eos
733 1597 789 1678 qui
815 1597 846 1659 in
871 1596 960 1661 bello
984 1597 1132 1660 morituri
1154 1607 1253 1670 sunt3
1283 1605 1317 1659 et
1340 1596 1443 1669 addit,

295 1702 408 1766 Homo
429 1701 540 1765 differt
560 1703 603 1766 ab
627 1701 834 1779 animalibus,
856 1722 934 1764 nam
956 1701 1091 1765 rationis
1110 1711 1144 1764 ct
1165 1700 1369 1763 discretionis
1392 1709 1443 1762 est

291 1827 389 1888 super
413 1807 575 1888 inquirere
597 1817 632 1869 et
654 1807 839 1870 desiderare
860 1805 949 1869 bona
974 1816 1008 1868 et
1034 1825 1187 1887 respuere
1213 1804 1312 1881 mala,
1332 1815 1368 1869 et
1394 1806 1442 1867 eis

293 1928 483 1993 repugnare,
508 1911 587 1993 quia
614 1931 680 1974 non
707 1920 757 1974 est
780 1910 934 1974 subditus
956 1910 1078 1973 actioni
1104 1911 1256 1984 naturali,
1279 1910 1338 1971 nisi
1364 1930 1440 1973 cum

291 2014 477 2096 ignorantia
489 2024 600 2078 tentus
616 2016 667 2078 sit.
702 2014 748 2078 Et
764 2015 840 2078 ideo
852 2014 932 2079 dicit
946 2014 1156 2077 Ptolemaeus
1171 2014 1203 2076 in
1215 2014 1329 2095 quinto
1341 2015 1440 2075 verbo

291 2118 479 2202 Centilogii‚
501 2119 689 2202 astrologus
707 2122 854 2202 optimus
872 2119 980 2182 multo
1000 2121 1105 2201 magis
1125 2118 1299 2199 prohibere
1320 2117 1440 2199 poterit

290 2222 381 2304 quod
397 2225 580 2286 secundum
597 2222 708 2286 stellas
724 2233 899 2287 venturum
915 2234 980 2298 est;
1001 2235 1034 2285 et
1051 2223 1084 2284 in
1100 2232 1219 2285 octavo
1231 2223 1321 2299 dicit,
1329 2221 1440 2283 anima

290 2328 420 2408 sapiens
450 2317 621 2409 adjuvabit
651 2348 734 2410 opus
756 2327 936 2401 stellarum,
960 2327 1243 2409 quemadmodum
1261 2327 1440 2389 seminator

289 2431 499 2495 fortitudines
530 2431 706 2509 naturales,
738 2433 825 2495 unde
856 2441 890 2496 et
917 2432 1035 2496 nociva
1063 2432 1187 2515 poterit
1217 2430 1383 2513 repellere,
1405 2442 1440 2496 et

289 2536 383 2598 utilia
409 2557 613 2618 promovere.
660 2536 705 2600 Et
730 2536 824 2599 Isaac
847 2536 942 2619 ponit
964 2537 1156 2620 exemplum
1183 2536 1227 2600 de
1252 2533 1439 2618 pestilentia

290 2637 406 2718 futura,
422 2649 456 2704 et
473 2640 550 2705 facit
566 2640 628 2705 sibi
644 2642 873 2724 quaestionem
883 2640 983 2724 juxta
995 2641 1214 2725 ignorantiam
1227 2641 1440 2719 medicorum,

288 2746 373 2808 sicut
388 2744 588 2809 Aristoteles
604 2746 691 2810 lecit.
736 2744 875 2828 Quaerit
894 2766 975 2828 ergo
989 2757 1099 2810 utrum
1114 2745 1305 2827 hujusmodi
1327 2756 1437 2828 putre-

289 2849 389 2914 factio
404 2851 514 2914 veniet
530 2850 713 2913 necessario
729 2861 864 2935 propter
878 2850 1020 2928 coelum,
1031 2851 1108 2934 quia
1121 2861 1200 2916 tunc
1213 2850 1360 2913 medicus
1372 2870 1437 2912 uon

289 2964 399 3037 potest
428 2955 612 3038 prohibere,
636 2965 670 3019 et
695 2955 771 3019 ideo
801 2956 918 3019 inutile
944 2957 1075 3019 videtur
1107 2955 1171 3019 hoc
1194 2956 1437 3038 praecognosci.

289 3057 356 3122 Sed
368 3059 473 3137 solvit,
483 3040 596 3123 dicens
606 3062 695 3143 quod
709 3062 875 3143 corruptio
887 3062 971 3124 aeris
982 3080 1050 3123 non
1061 3071 1158 3123 nocet
1171 3060 1230 3123 nisi
1243 3060 1436 3143 corporibus

288 3166 491 3245 praeparatis
514 3166 557 3227 ad
580 3184 675 3241 eam;
702 3176 735 3229 et
759 3167 834 3228 ideo
857 3185 933 3229 cum
957 3165 1103 3228 medicus
1125 3165 1251 3227 videret
1273 3161 1436 3247 significa·

288 3269 413 3331 tionem
443 3270 525 3332 aeris
552 3269 695 3351 corrupti
723 3270 755 3332 in
783 3288 985 3351 unoquoque
1010 3280 1161 3350 tempore
1186 3268 1265 3331 anni
1286 3279 1434 3341 venturo,

288 3374 409 3454 poterit
425 3371 638 3436 mundificare
654 3382 815 3449 naturam,
830 3383 863 3436 et
881 3373 1003 3436 malam
1019 3373 1165 3454 corporis
1183 3371 1434 3453 dispositionem

286 3476 422 3554 auferre,
452 3485 488 3541 ut
517 3478 600 3540 sciat
629 3478 773 3541 venienti
807 3476 1011 3559 corruptioni
1040 3496 1234 3558 repugnare.
1288 3476 1376 3539 Nam
1406 3475 1434 3539 si

286 3582 406 3645 viderit
421 3602 480 3663 per
496 3593 623 3644 motum
643 3580 811 3646 stellarum
824 3581 891 3645 fieri
908 3582 940 3643 in
956 3602 1032 3644 aere
1046 3581 1188 3644 calorem
1202 3589 1236 3644 et
1250 3581 1434 3643 siccitatem

286 3686 421 3749 nimiam
455 3695 489 3749 et
519 3686 693 3759 ustionem,
723 3685 856 3749 festinet
887 3706 1028 3769 purgare
1058 3685 1225 3749 choleram
1255 3704 1368 3747 eorum
1401 3684 1434 3746 in

285 3789 405 3871 quibus
420 3791 505 3853 inest
520 3789 710 3871 complexio
725 3789 899 3868 cholerica,
912 3791 971 3853 det
985 3789 1104 3873 frigida
1119 3802 1154 3854 et
1173 3789 1311 3852 humida
1333 3788 1433 3852 calori

285 3904 423 3958 venturo
438 3894 665 3979 repugnantia.
712 3894 757 3957 Et
776 3894 867 3976 Haly
883 3897 942 3959 dat
963 3895 1168 3960 consimilem
1186 3894 1382 3958 sententiam
1400 3894 1432 3956 in

284 3999 494 4082 expositione
505 4000 640 4082 quintae
652 4000 886 4082 propositionis
896 3997 1083 4083 Centilogii.
1108 3999 1163 4061 Ex
1175 3998 1226 4061 his
1238 4008 1332 4080 patet
1342 4000 1432 4081 quod

284 4113 492 4168 astronomus
513 4114 623 4185 potest
644 4104 722 4166 dare
746 4105 891 4167 remedia
914 4115 1028 4167 contra
1049 4104 1164 4167 nociva
1186 4112 1219 4165 et
1240 4123 1433 4184 promovere

285 4210 385 4288 utilia,
410 4230 475 4271 non
498 4207 603 4271 solum
629 4209 661 4270 in
685 4207 939 4287 infirmitatibus,
962 4210 1021 4272 sed
1045 4209 1078 4269 in
1100 4207 1174 4271 aliis
1200 4205 1430 4286 universaliter,

284 4334 358 4376 cum
386 4315 511 4377 ratione
537 4312 706 4375 electionis
732 4314 891 4395 temporis
914 4313 984 4395 apti
1014 4314 1057 4376 ad
1087 4313 1197 4375 omnia
1222 4332 1330 4394 opera,
1355 4332 1430 4375 cum

226 4400 227 4405 ἵ
284 4418 411 4481 ratione
433 4437 569 4499 operum
594 4416 733 4495 utilium,
756 4438 830 4481 cum
855 4419 1037 4481 remotione
1062 4418 1273 4490 nocivorum3
1303 4426 1337 4480 et
1367 4416 1430 4480 hoc

282 4520 468 4603 specialiter
483 4522 514 4583 in
528 4521 611 4585 curis
627 4541 801 4602 corporum
814 4521 1042 4600 humanorum,
1058 4542 1125 4603 quo
1141 4520 1220 4583 nihil
1242 4519 1359 4584 melius
1379 4532 1430 4585 est

282 4636 444 4707 quantum
459 4626 501 4690 ad
521 4626 645 4689 bonum
662 4627 780 4690 civium
797 4626 1001 4708 particulare.

1460 770 1498 835 By
1509 773 1579 820 Isaac

1459 838 1502 915 tbe
1514 838 1596 901 physi-

1458 919 1523 962 crau,
