3575 5375
410 658 762 720 MATHEMATICAE
783 663 835 721 IN
856 663 1061 724 PHYSICIS
1085 665 1293 726 UTILITAS.
1372 665 1430 739 167

275 829 399 903 puncta
421 836 456 888 et
476 831 618 902 atomos,
633 831 667 887 et
687 823 775 887 idem
797 845 936 890 numero
956 838 1006 892 cst
1028 828 1119 892 locus
1142 830 1237 893 unius
1257 830 1373 911 puncti
1395 838 1429 892 et

273 925 427 1008 plurium,
440 935 476 990 ut
488 927 578 1010 prius
590 928 741 992 habitum
757 939 817 993 est.
848 929 940 1013 Ergo
952 949 1054 995 unum
1071 933 1134 997 erit
1145 953 1265 998 aevum
1280 935 1427 997 omnium

272 1031 527 1110 aeviternorum,
541 1041 575 1096 et
590 1033 655 1096 hoc
670 1042 720 1097 est
736 1035 966 1112 necessarium,
981 1046 1015 1100 et
1035 1036 1116 1100 nulli
1136 1038 1244 1121 perito
1265 1038 1298 1101 in
1319 1036 1427 1120 philo·

273 1135 391 1218 sophia
404 1136 554 1200 dubium.
592 1136 622 1199 N
625 1157 663 1203 ec
678 1149 730 1202 est
741 1149 856 1204 contra
867 1150 998 1206 sanctos
1009 1150 1043 1205 et
1055 1142 1208 1208 doctores
1220 1142 1427 1227 principales,

272 1241 332 1304 sed
347 1240 546 1305 conveniens
560 1243 747 1307 sententiae
761 1261 889 1318 corum..

686 1605 912 1675 Cnemuuuu
936 1609 1013 1674 XV.

316 1795 373 1859 An
397 1805 507 1861 motus
529 1797 679 1882 gravium
695 1810 729 1864 et
743 1798 865 1864 levium
889 1799 1049 1865 excludat
1071 1821 1205 1866 omnem
1222 1800 1423 1867 violentiam.

272 1897 318 1964 Et
330 1903 499 1983 quomodo
514 1913 625 1967 motus
640 1903 757 1988 gignat
772 1903 924 1968 calorem
961 1905 1113 1988 Itemque
1128 1907 1171 1970 de
1186 1906 1311 1990 duplici
1323 1909 1424 1973 modo

271 2005 405 2070 sciendi.

315 2180 486 2264 Quoniam
496 2203 574 2247 vero
590 2192 702 2248 motus
722 2193 774 2248 est
789 2182 975 2265 subjectum
990 2183 1159 2267 temporis,
1175 2193 1209 2248 et
1224 2193 1357 2267 tempus
1371 2194 1423 2249 est
1437 2202 1467 2250 111
1478 2218 1494 2250 ι
1503 2201 1592 2266 falling

270 2305 423 2350 mensura
447 2296 565 2365 motus,
580 2307 758 2372 possumus
779 2286 887 2352 adhuc
907 2287 1019 2352 videre
1041 2305 1197 2371 magnam
1221 2289 1423 2369 geometriae
1436 2266 1570 2382 ffil‘h‘

270 2401 472 2473 potestatem
499 2391 532 2456 in
562 2393 707 2457 motibus
732 2412 908 2477 corporum
935 2391 1030 2457 istius
1059 2393 1185 2456 mundi.
1231 2391 1423 2456 Aestimant
1470 2399 1506 2448 int
1517 2400 1591 2448 alone

270 2515 348 2558 vero
374 2495 547 2572 naturales
571 2497 660 2579 quod
691 2505 802 2561 motus
829 2497 980 2579 gravium
1010 2495 1167 2561 deorsum
1194 2495 1237 2560 sit
1264 2497 1423 2560 naturalis
1435 2464 1565 2595 ζὲορᾟ,

270 2601 414 2674 omnino,
425 2609 459 2664 et
474 2612 584 2666 motus
600 2601 720 2665 levium
735 2620 864 2666 sursum
880 2610 932 2664 est
943 2599 1095 2664 similiter
1105 2601 1242 2665 omnino
1254 2601 1420 2677 naturalis,

269 2704 316 2769 ita
342 2716 379 2769 ut
405 2724 473 2769 non
499 2705 645 2771 habeant
671 2706 715 2770 de
738 2705 905 2770 violentia
951 2703 1018 2770 Sed
1043 2704 1196 2788 figuratio
1221 2706 1422 2790 geometrica

269 2810 414 2874 ostendit
432 2810 530 2876 nobis
549 2810 759 2876 contrarium.
804 2810 894 2873 Nam
913 2810 957 2875 sit
977 2808 1004 2873 d
1014 2810 1034 2874 b
1047 2831 1064 2874 c
1077 2811 1203 2893 lignum
1220 2809 1273 2874 vel
1288 2809 1373 2892 lapis
1388 2811 1421 2875 in

268 2932 353 2992 aere,
371 2922 406 2979 ct
427 2935 450 2978 a
471 2924 619 2979 centrum
644 2913 771 2993 mundi,
785 2912 853 2997 gh
875 2914 1039 2979 diameter
1059 2916 1186 2978 mundi.
1232 2913 1318 2979 Cum
1340 2935 1421 2997 ergo

268 3016 356 3081 dbc
375 3018 440 3081 sint
461 3038 591 3103 semper
610 3019 642 3082 in
663 3039 725 3083 suo
746 3029 819 3084 toto
839 3019 1022 3101 aequaliter
1037 3018 1199 3083 distantes
1218 3018 1421 3084 descendant

267 3121 311 3186 ad
332 3131 480 3187 centrum
501 3143 560 3207 per
575 3122 677 3187 lineas
696 3122 966 3206 aequidistantes.
1012 3121 1105 3205 Ergo
1121 3122 1147 3185 d
1162 3123 1342 3187 descendet
1362 3142 1421 3207 per

267 3226 388 3292 lineam
403 3225 430 3290 d
436 3248 462 3304 e,
477 3238 511 3291 et
526 3227 546 3291 b
560 3247 621 3310 per
636 3226 756 3291 lineam
772 3226 790 3291 b
806 3246 838 3302 a,
853 3236 886 3290 et
902 3247 920 3289 c
934 3246 993 3308 per
1012 3226 1133 3290 lineam
1148 3246 1202 3304 co,
1216 3236 1419 3310 quapropter

266 3330 401 3396 dcadet
422 3341 518 3395 extra
536 3339 685 3395 centrum
707 3329 824 3394 mundi
844 3330 876 3392 in
898 3330 1060 3394 diametro
1075 3328 1136 3412 hg
1147 3348 1261 3393 versus
1277 3329 1417 3408 coelum,

268 3434 392 3500 scilicet
415 3436 447 3498 in
469 3454 487 3498 e
509 3444 645 3518 puncto,
668 3443 703 3497 et
724 3455 741 3497 c
763 3434 796 3496 in
818 3454 845 3508 0,
869 3452 973 3515 quare

267 3540 300 3603 in
320 3538 385 3604 hoc
405 3539 564 3603 descensu
579 3536 794 3603 ddeclinabit
816 3557 836 3600 a
859 3545 973 3600 centro

266 3664 289 3707 a
303 3662 416 3707 versus
438 3651 588 3707 centrum
610 3662 668 3727 per
686 3639 893 3705 altitudinem
909 3662 972 3719 ae,

267 3756 301 3811 et
322 3769 340 3811 c
359 3768 419 3830 per
434 3746 645 3812 altitudinem
661 3767 724 3811 ao.
771 3744 838 3811 Sed
861 3745 972 3809 omnis
1153 3648 1270 3892 Nu

267 3852 444 3917 declinatio
463 3850 572 3935 gravis
592 3872 612 3915 a
632 3862 744 3916 centro
764 3872 875 3915 versus
896 3872 972 3914 cen·
1008 3868 1029 3929 9

267 3965 355 4021 trum
379 3970 429 4021 est
451 3954 604 4021 violenta
652 3956 745 4038 Ergo
767 3954 843 4019 det
862 3976 972 4055 cmo·
1036 3893 1383 4243 v

266 4071 384 4125 ventur
409 4060 578 4139 violenter,
604 4068 639 4125 et
667 4061 714 4125 sic
744 4060 787 4124 de
817 4060 972 4124 omnibus

266 4164 416 4247 partibus
445 4163 552 4229 dbc
580 4175 710 4249 praeter
739 4164 759 4228 b
782 4183 869 4246 quae
899 4163 971 4229 sola

266 4270 358 4334 vadit
384 4270 416 4333 in
440 4280 602 4334 centrum.
648 4268 863 4353 Quapropter
888 4268 971 4333 mul·
1152 4301 1213 4352 pm·
1228 4305 1265 4351 ,8,

264 4384 337 4439 tum
352 4376 416 4438 crit
435 4374 489 4439 hic
509 4375 552 4439 de
571 4372 736 4437 violentia.
794 4370 972 4437 Caeterum

264 4480 409 4544 incessus
426 4491 532 4543 rectus
547 4491 581 4545 et
598 4478 754 4543 naturalis
770 4479 873 4562 ipsius
887 4476 914 4539 d
927 4488 977 4543 est
993 4499 1052 4560 per
1063 4477 1185 4543 lineam
1201 4478 1270 4556 da,
1283 4479 1371 4543 unde
1385 4478 1413 4543 si

264 4594 432 4667 separetur
445 4583 504 4647 da
518 4604 579 4647 suo
595 4593 668 4649 toto
687 4585 820 4648 caderet
842 4582 875 4646 in
891 4602 914 4647 a
934 4602 992 4667 per
1006 4593 1131 4647 rectum
1152 4584 1321 4657 incessum,
1338 4583 1414 4666 quia

265 4710 364 4755 omne
393 4710 494 4776 grave
522 4691 629 4755 tendit
660 4691 693 4755 in
722 4700 883 4757 centrum.
941 4688 1062 4754 Omnis
1090 4700 1204 4755 autern
1234 4690 1414 4755 declinatio
