3575 5375
366 592 427 654 232
589 573 745 634 OPERIS
770 572 958 643 MAJORIS
982 570 1097 630 PARS
1123 568 1306 643 QUARTA.

367 739 485 804 Lunae
514 736 546 800 in
581 737 674 802 omni
704 737 914 818 longitudine
943 755 1004 801 sua
1034 754 1106 799 esse
1135 733 1309 816 aequalem
1338 733 1522 799 secundum

367 852 540 927 aspectum
574 841 737 906 diametro
769 840 856 906 Solis
887 850 1023 923 propter
1047 837 1284 921 aequalitatem
1312 838 1522 920 angulorum.

370 947 438 1012 Sed
478 945 687 1011 Ptolemaeus
726 946 960 1010 consideravit.
984 943 1074 1026 quod
1113 943 1276 1008 diameter
1307 941 1423 1006 Lunae
1453 963 1522 1007 non

370 1060 531 1133 aequatur
560 1050 740 1115 secundum
770 1059 943 1133 aspectum
974 1049 1139 1112 diametro
1171 1046 1268 1125 Solis,
1293 1047 1356 1111 nisi
1387 1048 1522 1129 quando

325 1204 330 1213 .
371 1155 467 1219 Luna
489 1165 540 1220 est
567 1156 600 1218 in
624 1154 832 1239 longitudine
859 1174 921 1218 sua
947 1153 1104 1216 maxima.
1150 1152 1196 1216 Et
1222 1151 1286 1216 hoc
1309 1161 1361 1216 est
1386 1152 1523 1234 quando

208 3346 264 3395 The
274 3353 329 3396 true

207 3412 331 3461 diameter

208 3478 236 3526 ol
245 3477 287 3527 the

207 3543 294 3592 Moon.

371 1259 468 1324 Luna
490 1269 541 1323 est
564 1259 596 1321 in
620 1279 706 1342 auge
728 1257 877 1341 epicycli,
891 1267 926 1321 et
949 1254 1115 1339 epicyclus
1134 1255 1168 1319 in
1187 1276 1272 1340 auge
1289 1257 1472 1334 eccentrici,
1487 1263 1523 1319 et

371 1364 433 1428 hoc
448 1372 498 1427 est
511 1365 627 1427 iterum
640 1362 775 1446 quando
786 1372 836 1426 est
846 1361 950 1443 plena
982 1362 1077 1426 Tunc
1086 1361 1173 1424 enim
1185 1360 1317 1442 angulis
1329 1359 1524 1442 aequalibus

371 1467 524 1532 diametri
546 1467 634 1532 Solis
657 1477 690 1531 et
714 1466 829 1530 Lunae
858 1466 1104 1531 subtenduntur
1130 1467 1312 1530 secundum
1339 1473 1522 1549 aspectum.

373 1569 440 1635 Sed
456 1572 590 1653 quando
605 1570 702 1634 Luna
720 1570 824 1633 estin
845 1569 1047 1653 longitudine
1068 1569 1134 1631 alia
1156 1589 1223 1633 non
1245 1580 1296 1633 est
1318 1571 1375 1643 sic,
1391 1580 1425 1633 et
1447 1570 1524 1633 ideo

373 1675 543 1757 quantitas
565 1673 676 1758 anguli
700 1694 767 1737 non
788 1673 986 1738 certificatur
1008 1672 1097 1754 apud
1120 1673 1334 1737 existentiam
1354 1673 1469 1738 Lunae
1489 1676 1524 1737 in

372 1799 571 1862 quocunque
597 1778 691 1858 loco;
721 1779 811 1861 quod
842 1778 918 1841 ideo
943 1776 990 1855 fit,
1014 1777 1172 1859 quoniam
1199 1776 1314 1842 tabula
1336 1777 1482 1844 elevatur
1504 1799 1525 1842 a

374 1882 495 1965 regula,
518 1893 552 1947 et
574 1882 689 1947 oculus
712 1891 763 1945 est
788 1881 888 1965 super
914 1881 1122 1965 superficiem
1147 1881 1286 1966 regulae,
1305 1892 1340 1945 et
1361 1883 1438 1947 ideo
1457 1903 1524 1948 non

372 1996 460 2051 recte
482 1987 691 2070 protenditur
712 1985 827 2051 oculus
849 1988 893 2050 ad
917 1985 1066 2050 foramen
1089 1987 1231 2067 tabulae,
1253 1988 1313 2051 sed
1334 1985 1526 2070 obliquatur

371 2091 621 2175 aliquantulum,
637 2101 671 2155 et
692 2092 828 2156 deberet
850 2101 929 2155 tunc
947 2091 1051 2174 accipi
1072 2091 1162 2173 quod
1183 2101 1234 2155 est
1252 2091 1338 2155 inter
1355 2092 1422 2154 duo
1438 2091 1525 2155 lora·

374 2195 472 2274 mina,
494 2207 528 2259 et
552 2195 711 2278 accipitur
734 2197 826 2277 quod
851 2205 903 2258 est
928 2195 1014 2259 inter
1043 2196 1128 2258 duas
1153 2194 1293 2279 regulas,
1318 2206 1354 2260 et
1376 2196 1451 2260 ideo
1474 2205 1526 2259 est

372 2299 537 2364 dubitatio
563 2300 607 2364 de
632 2299 818 2382 quantitate
843 2297 964 2382 anguli
1012 2298 1058 2362 Et
1080 2310 1217 2383 propter
1234 2299 1297 2364 hoc
1317 2300 1526 2364 Ptolemaeus

372 2403 476 2467 voluit
492 2403 671 2468 certificare
691 2403 894 2485 quantitates
915 2401 1112 2486 angulorum
1134 2423 1194 2486 per
1210 2403 1349 2487 eclipses
1368 2403 1527 2482 Lunares,

373 2519 408 2573 et
429 2509 600 2573 descendit
624 2509 666 2571 ad
694 2509 841 2573 diversas
867 2508 1014 2592 eclipses,
1037 2509 1071 2571 in
1095 2509 1215 2591 quibus
1237 2508 1426 2574 manifestat
1448 2529 1524 2590 pro-

375 2615 532 2698 positum.
578 2611 787 2678 Certificatur
801 2614 902 2699 igitur
917 2634 976 2696 per
990 2615 1245 2678 instrumentum
1266 2624 1300 2678 et
1316 2635 1375 2697 per
1389 2614 1528 2699 eclipses

374 2719 544 2800 quantitas
567 2717 678 2800 anguli
701 2720 753 2783 cui
774 2720 986 2783 subtenditur
1005 2720 1168 2783 diameter
1187 2719 1302 2782 Lunae
1321 2719 1455 2803 quando
1476 2727 1528 2782 est

375 2822 408 2885 in
425 2821 630 2905 longitudine
645 2844 704 2887 sua
720 2824 868 2887 maxima
883 2835 916 2887 et
932 2823 1039 2907 plena.
1086 2822 1132 2886 Et
1146 2824 1221 2887 ideo
1234 2844 1294 2905 per
1305 2824 1528 2906 quantitatem

375 2926 486 3007 anguli
525 2924 722 2990 certificatur
753 2926 917 2991 diameter
947 2926 1096 3006 Lunae¹,
1118 2938 1152 2991 et
1182 2946 1241 3009 per
1271 2926 1527 3012 triplicationem

375 3030 528 3095 diametri
549 3050 625 3095 cum
642 3030 812 3094 additione
833 3031 938 3113 partis
958 3031 1119 3114 septimae
1141 3031 1341 3095 certificatur
1360 3032 1528 3113 quantitas

376 3134 589 3199 rotunditatis
614 3134 739 3211 Lunae,
759 3144 793 3198 et
816 3156 874 3219 per
897 3136 1034 3199 ductum
1057 3136 1210 3199 diametri
1233 3136 1266 3200 in
1290 3136 1528 3200 rotunditatem

377 3237 576 3304 certificatur
591 3248 664 3303 tota
678 3238 869 3321 superficies
885 3239 1010 3319 Lunae,
1024 3250 1058 3304 et
1074 3250 1184 3305 totum
1200 3238 1272 3321 ejus
1287 3260 1416 3322 corpus.

420 3346 467 3409 Et
489 3346 644 3428 quoniam
666 3346 827 3410 medietas
850 3346 1003 3409 diametri
1023 3355 1130 3409 terrae
1152 3356 1203 3410 est
1225 3346 1321 3409 radix
1338 3347 1382 3410 ad
1403 3346 1477 3425 hoc,
1492 3357 1530 3410 ut

379 3449 588 3514 Ptolemaeus
610 3449 714 3513 utitur
735 3470 782 3512 xv
804 3449 949 3532 capitulo
971 3450 1125 3514 dictionis
1147 3450 1346 3533 praedictae,
1359 3451 1435 3513 ideo
1454 3468 1530 3534 per-

377 3554 498 3635 cipitur
516 3554 684 3636 quantitas
705 3554 856 3617 diametri
878 3554 993 3617 Lunae
1016 3574 1075 3636 per
1089 3555 1373 3636 comparationem
1395 3553 1466 3637 ejus
1486 3554 1529 3617 ad

376 3658 575 3721 diametrum
599 3668 713 3737 terrae,
731 3668 765 3721 et
787 3661 956 3740 quantitas
978 3660 1125 3741 corporis
1146 3658 1260 3722 Lunae
1278 3678 1338 3742 per
1359 3678 1530 3740 compara·

377 3761 501 3824 tionem
521 3762 563 3824 ad
584 3762 806 3844 quantitatem
828 3763 974 3845 corporis
991 3773 1106 3827 terrae.
1154 3762 1200 3826 Et
1221 3763 1298 3827 ideo
1320 3761 1532 3827 Ptolemaeus

378 3865 410 3927 in
442 3865 499 3927 xvi
529 3865 675 3947 capitulo
712 3864 879 3929 concludit
913 3887 972 3949 per
1008 3868 1327 3931 demonstrationem
1363 3887 1459 3931 suam
1496 3875 1532 3930 et

378 3968 609 4050 figurationem
634 3968 724 4051 quod
748 3970 930 4033 secundum
953 3972 1173 4051 quantitatem
1196 3991 1262 4052 qua
1284 3972 1345 4034 erit
1368 3972 1533 4035 diameter

379 4073 496 4136 Lunae
522 4094 597 4155 pars
624 4094 700 4147 una,
725 4073 787 4137 erit
812 4073 976 4138 diameter
1006 4085 1112 4138 terrae
1141 4085 1208 4138 tres
1239 4085 1349 4158 partes
1379 4085 1413 4138 et
1445 4076 1533 4139 duae

379 4177 516 4259 quintae
528 4177 604 4242 lere.
650 4177 823 4241 Diameter
832 4178 934 4260 igitur
944 4188 1051 4243 terrae
1062 4180 1124 4243 erit
1134 4180 1167 4242 in
1181 4179 1385 4263 longitudine
1394 4179 1531 4263 triplum

379 4282 530 4346 diametri
550 4281 673 4357 Lunae,
690 4290 724 4345 et
745 4281 833 4346 duae
853 4282 988 4364 quintae
1007 4282 1087 4365 ejus.
1133 4283 1179 4348 Et
1197 4284 1274 4347 ideo
1290 4284 1317 4347 si
1333 4304 1354 4346 a
1368 4284 1534 4349 diametro

411 4450 420 4480 ¹
437 4451 525 4501 Bacon
538 4467 629 4515 passes
645 4453 709 4500 lrom
726 4452 771 4501 the
785 4460 912 4514 apparent
928 4460 956 4501 to
967 4454 1012 4501 the
1024 4453 1078 4501 real
1090 4454 1216 4503 diameter
1227 4454 1257 4503 oi
1270 4455 1316 4503 the
1328 4454 1408 4503 bloon
1421 4454 1535 4505 without

380 4529 532 4592 explaining
552 4532 614 4581 how
632 4531 676 4579 the
696 4530 773 4579 latter
793 4531 815 4580 is
835 4531 924 4592 found,
945 4532 992 4581 i.e.
1012 4532 1077 4580 lrom
1100 4533 1145 4581 the
1167 4531 1270 4582 Moou's
1293 4548 1370 4582 mean
1388 4532 1535 4583 horizontal

380 4608 503 4669 parallax.
