3575 5375
343 621 694 682 MATHEMATICAE
717 622 770 680 IN
791 617 995 681 PHYSICIS
1023 619 1231 680 UTILITAS.
1336 635 1394 696 143

240 794 273 848 et
302 783 376 848 aliis
407 785 505 848 rebus
533 781 715 846 venenosis
777 781 822 845 Et
859 781 1007 845 maxime
1033 779 1309 844 considerandum
1341 784 1391 841 est

239 888 337 966 istud,
353 889 486 971 quando
502 886 652 950 homines
670 894 704 950 et
724 885 880 949 animalia
901 893 1089 962 nascuntur,
1105 894 1139 948 et
1156 884 1280 948 habent
1303 882 1391 946 desi-

239 993 365 1056 derium
382 992 524 1057 nocendi
540 1001 573 1055 et
589 991 736 1055 animum
751 989 965 1072 malignandi.
995 989 1084 1052 Nam
1095 990 1139 1053 ad
1150 987 1214 1052 hoc
1227 987 1391 1052 reducitur
1405 993 1461 1044 The
1471 995 1520 1044 evil

240 1094 423 1174 fascinatio,
453 1096 542 1159 unde
574 1095 664 1176 quod
697 1094 798 1175 habet
828 1093 960 1157 virtutis
994 1092 1085 1176 capit
1114 1112 1159 1156 ex
1188 1092 1251 1156 hac
1281 1076 1456 1167 causam·

239 1199 398 1282 quoniam
432 1199 651 1283 proculdubio
688 1207 766 1262 tunc
803 1197 841 1261 fit
873 1196 991 1261 fortior
1020 1197 1202 1279 impressio,
1231 1217 1272 1259 eo
1301 1195 1392 1278 quod

241 1315 359 1368 natura
375 1304 489 1369 obedit
510 1302 766 1386 cogitationibus
786 1303 915 1366 animae
935 1310 969 1366 et
988 1301 1164 1378 desiderio,
1179 1312 1213 1366 et
1228 1300 1393 1364 excitatur

241 1410 283 1472 ad
295 1408 464 1472 fortiorem
477 1407 712 1491 operationem,
722 1406 805 1470 sicut
818 1405 992 1470 Avicenna
1007 1406 1105 1469 docet
1120 1415 1240 1468 octavo
1256 1406 1298 1468 de
1307 1404 1393 1466 Ani·

242 1511 385 1577 malibus
396 1522 430 1576 et
441 1521 561 1595 quarto
572 1513 615 1574 de
625 1509 750 1574 Anima
762 1531 822 1593 per
834 1509 990 1594 exempla
998 1521 1032 1575 et
1044 1509 1267 1593 experientias
1278 1509 1394 1587 varias,

241 1628 418 1682 etcertum
440 1626 490 1681 est
509 1616 580 1681 hoc.
628 1615 727 1680 Unde
747 1614 880 1679 Solinus
895 1624 1006 1678 narrat
1022 1614 1056 1677 in
1075 1614 1160 1678 libro
1175 1615 1219 1678 de
1234 1612 1392 1677 mirabili·

242 1722 304 1785 bus
321 1721 435 1785 mundi
447 1720 467 1798 ¹,
482 1721 571 1804 quod
589 1721 622 1783 in
637 1722 783 1803 quadam
799 1719 933 1801 regione
947 1719 1132 1801 aquilonari
1148 1728 1225 1782 suut
1240 1717 1394 1781 mulieres

242 1826 402 1891 habentes
434 1824 582 1908 geminas
612 1824 754 1908 pupillas
786 1824 818 1886 in
848 1822 961 1900 oculis,
989 1843 1075 1905 quae
1104 1842 1180 1885 cum
1212 1823 1395 1885 irascuntur

243 1927 442 1993 interficiunt
464 1928 614 1992 homines
636 1927 708 1992 solo
724 1928 806 2003 visu,
822 1928 865 1991 de
886 1928 1006 2009 quibus
1026 1927 1108 1990 dicit
1130 1925 1281 2000 Ovidius,
1298 1934 1395 1989 nocet

243 2033 371 2117 pupilla
386 2032 523 2115 duplex.
556 2033 600 2097 Et
614 2033 761 2096 maxime
773 2032 957 2095 cavendum
967 2041 1018 2095 est
1030 2052 1071 2094 ne
1081 2041 1193 2114 partes
1205 2028 1395 2107 nobiliores,

244 2138 328 2202 sicut
354 2136 441 2200 oculi
467 2147 502 2201 et
525 2135 637 2216 iacies,
658 2146 868 2219 exponantur
889 2135 1080 2216 hujusmodi
1102 2134 1292 2218 speciebus:
1315 2154 1393 2197 nam

244 2241 311 2306 vidi
329 2241 495 2306 medicum
511 2241 682 2304 excaecari
697 2241 777 2303 dum
799 2240 993 2304 intendebat
1015 2259 1114 2303 curae
1133 2238 1286 2302 habentis
1306 2238 1393 2301 infir-

245 2347 395 2410 mitatem
416 2345 595 2421 oculorum,
609 2354 746 2427 propter
766 2342 1074 2427 multiplicationem
1093 2344 1214 2424 speciei
1232 2341 1395 2406 venientis

244 2451 288 2514 ab
305 2449 408 2514 oculis
427 2449 592 2532 patientis.
638 2448 782 2530 Oportet
802 2448 889 2511 enlm
911 2448 943 2510 in
965 2449 1035 2511 istis
1053 2448 1178 2512 nocivis
1198 2447 1245 2511 uti
1266 2445 1395 2530 magnis

245 2554 389 2625 cautelis,
406 2563 439 2617 et
455 2553 602 2618 maxime
617 2554 752 2636 quando
773 2552 899 2616 malum
920 2561 970 2616 est
990 2573 1092 2635 grave
1106 2550 1159 2614 vel
1178 2550 1410 2650 intolerabile!

245 2657 341 2724 Sicut
370 2657 568 2723 Alexander
597 2657 747 2722 doctrina
777 2655 969 2722 Aristotelis
998 2667 1034 2721 ut
1063 2656 1221 2721 historiae
1254 2665 1396 2732 narrant,

245 2763 388 2843 basilisci
409 2763 555 2847 speciem
569 2781 769 2827 venenosam
793 2762 893 2844 positi
917 2782 1016 2844 super
1037 2782 1169 2825 murum
1189 2761 1333 2827 civitatis
1352 2762 1396 2826 ad

245 2867 506 2933 interficiendum
523 2867 705 2930 exercitum
720 2887 779 2950 per
794 2886 934 2949 corpora
949 2885 1071 2947 magna
1089 2866 1195 2949 polita
1215 2866 1346 2930 retorsit
1362 2866 1396 2928 in

245 2973 384 3059 eandem
415 2971 593 3048 civitatem,
617 2980 654 3047 ut
682 2990 741 3052 per
770 2970 942 3053 proprium
973 2971 1196 3034 destrueretur
1223 2990 1396 3034 venenum.

246 3076 294 3140 Et
306 3096 366 3159 per
380 3076 578 3156 contrarium
593 3076 720 3157 aptatio
735 3075 882 3158 corporis
896 3075 940 3138 ad
958 3074 1083 3158 species
1095 3095 1201 3138 rerum
1215 3074 1397 3137 salubrium

247 3180 458 3262 recipiendas,
474 3188 601 3262 quanto
624 3178 787 3257 efficacius
809 3188 920 3261 potest
942 3179 1054 3256 homo,
1070 3178 1211 3241 multum
1234 3187 1285 3241 est
1308 3176 1398 3242 utilis

247 3304 453 3369 peromnem
470 3283 606 3347 modum
623 3293 692 3347 tam
707 3282 794 3347 sanis
808 3301 909 3365 quam
926 3280 1071 3345 infirmis.

650 3556 875 3623 Cnmrunun
900 3556 999 3621 VIII.

608 3715 661 3777 De
676 3712 839 3780 infinitate
854 3712 1017 3780 Materiae
1025 3708 1047 3775 ².

294 3887 462 3970 Quoniam
478 3896 590 3952 autern
606 3890 730 3955 diutius
751 3890 841 3957 tenui
862 3892 1106 3975 persuasionem
1127 3900 1165 3954 ut
1182 3891 1400 3965 ostenderem,
1415 3904 1532 4018 nanas

1413 3987 1436 4021 1⁸
1446 3981 1490 4021 not
1502 3987 1519 4020 0

249 3994 419 4075 quomodo
448 3994 482 4057 in
512 3994 609 4057 rebus
643 3995 758 4059 mundi
788 4015 808 4058 a
837 4005 934 4077 parte
961 4017 1095 4061 suorum
1125 3993 1336 4061 efficientium
1366 4006 1401 4059 et
1413 4054 1462 4089 one
1472 4036 1542 4087 kind.

282 4127 290 4157 ¹
309 4129 416 4178 Solinus
433 4130 557 4193 probably
574 4130 642 4183 lived
658 4132 684 4181 in
707 4132 752 4181 the
775 4132 842 4181 third
863 4141 974 4195 century
990 4148 1047 4183 no.
1084 4133 1135 4181 His
1150 4132 1234 4192 work,
1253 4132 1402 4181 conectam

249 4208 347 4257 Renum
366 4208 611 4269 Memorabilr'um,is
628 4210 654 4258 in
673 4212 718 4260 the
736 4210 805 4259 main
822 4226 837 4258 a
855 4218 938 4260 recast
955 4211 984 4260 of
999 4212 1083 4273 Pliny.
1118 4210 1142 4259 lt
1155 4211 1177 4259 is
1189 4212 1255 4260 from
1270 4211 1311 4259 his
1327 4212 1403 4259 work

250 4288 338 4337 rather
355 4287 415 4335 than
433 4288 498 4337 lrom
515 4288 570 4336 that
585 4286 615 4337 ol
629 4288 713 4351 Pliny,
729 4290 784 4338 that
801 4289 865 4339 such
883 4291 1019 4352 compilers
1032 4306 1061 4339 aa
1073 4290 1174 4339 lsidore
1191 4291 1242 4338 and
1260 4289 1403 4338 Martianus

250 4366 356 4428 Capella
367 4368 473 4416 derived
485 4368 554 4415 their
565 4366 736 4417 information.

282 4443 293 4472 ²
310 4444 347 4493 Cf.
361 4444 434 4508 Opus
448 4446 565 4505 Terinam,
576 4462 631 4508 cap.
641 4448 681 4508 38,
692 4447 782 4495 where
793 4446 845 4495 this
856 4447 955 4507 subject
963 4448 985 4497 is
994 4447 1058 4509 sully
1064 4448 1173 4496 treated.
1201 4447 1225 4496 lt
1237 4446 1402 4495 isdiscussed

250 4531 277 4573 at
294 4524 346 4573 still
366 4532 469 4586 greater
491 4525 580 4586 length
601 4525 627 4573 in
647 4525 703 4573 that
721 4532 778 4587 part
798 4523 834 4573 ol.
846 4524 957 4575 Bacon's
975 4526 1174 4587 encyclopaedic
1191 4524 1274 4583 work,
1294 4523 1403 4573 entitled

252 4602 406 4652 &mmum'a
423 4603 605 4664 Naturalium
624 4604 735 4666 copious
751 4610 867 4653 extracta
884 4603 951 4653 from
968 4604 1057 4653 which
1073 4618 1119 4652 are
1135 4604 1212 4665 given
1232 4602 1268 4665 by
1285 4602 1403 4665 Charles,

250 4682 429 4746 Μῦς-389
