3575 5375
588 638 851 697 LINGUARUM
875 637 1085 697 COGNITIO.
1367 635 1405 695 81

259 800 422 866 Anameel
444 822 506 884 per
527 822 679 881 errorem,
698 813 735 867 ut
755 802 787 866 in
810 802 905 866 litera
928 800 1152 866 indifferenter
1169 801 1303 884 ponitur
1322 821 1355 863 m
1374 801 1406 863 in

182 900 184 902 ¹
258 904 452 989 penultima,
468 915 518 971 est
530 927 618 970 error
630 927 770 990 magnus
785 908 819 970 in
836 907 1022 970 mutatione
1038 906 1134 968 unius
1150 906 1274 969 literae.
1318 905 1407 969 Nam

259 1010 485 1094 Hieronymus
501 1011 583 1075 dicit
600 1011 632 1074 in
643 1011 805 1093 originali,
815 1012 906 1094 quod
919 1010 1072 1073 Ananeel
1084 1030 1174 1091 pern
1187 1012 1407 1093 scriptumest

258 1115 365 1189 turris,
380 1135 439 1197 per
459 1136 492 1178 m
516 1125 567 1179 est
589 1115 674 1181 filius
697 1115 856 1198 patruelis
872 1115 1046 1197 jeremiae,
1062 1124 1095 1179 et
1117 1115 1164 1178 sic
1188 1116 1352 1179 invenitur
1375 1116 1407 1178 in

260 1219 427 1284 Hebraeo.
469 1221 522 1284 De
537 1221 748 1302 aspirationis
764 1230 844 1284 nota
859 1217 1052 1301 exemplum
1073 1220 1182 1301 primo
1205 1220 1247 1283 ad
1264 1220 1407 1283 Thessa-

259 1322 450 1402 lonicenses,
474 1346 549 1390 cum
574 1325 704 1404 dicitur,
727 1326 770 1389 ad
795 1324 888 1405 cujus
911 1344 974 1400 ore,
997 1332 1033 1387 ut
1060 1326 1102 1387 sit
1125 1323 1290 1387 ablativus
1313 1345 1408 1388 casus

260 1427 357 1509 hujus
379 1430 519 1492 nominis
541 1451 585 1506 os,
607 1430 682 1507 oris,
703 1439 737 1493 et
758 1449 824 1492 non
844 1430 1008 1513 genitivus
1032 1428 1130 1511 hujus
1152 1430 1295 1493 nominis
1316 1429 1408 1508 hora,

259 1531 374 1609 boram
389 1534 543 1597 scribitur
553 1535 641 1597 enirn
654 1535 688 1597 in
699 1532 848 1598 ablativo
859 1554 948 1607 casu,
959 1544 993 1598 et
1002 1532 1167 1615 glossatur
1179 1554 1243 1597 nou
1255 1556 1275 1598 a
1285 1546 1409 1611 sanct0‚

260 1638 318 1700 sed
334 1660 354 1701 a
367 1638 526 1722 magistro
541 1640 789 1715 sententiarum,
805 1637 862 1720 qui
878 1637 1036 1721 glossavit
1051 1639 1208 1722 epistolas
1221 1661 1229 1717 ;
1251 1639 1309 1702 sed
1325 1639 1410 1703 sicut

260 1741 381 1806 deiecit
396 1741 621 1825 multipliciter
633 1743 666 1806 in
678 1743 886 1826 expositione
898 1751 1034 1826 propter
1049 1742 1267 1824 ignorantiam
1281 1742 1409 1821 Graeci,

260 1845 308 1909 ita
323 1845 400 1911 fecit
419 1847 484 1911 hic.
524 1847 636 1930 Quum
654 1843 789 1931 procul¹
806 1846 910 1910 dubio
929 1846 962 1908 in
985 1845 1120 1924 Graeco,
1136 1867 1156 1909 a
1176 1866 1242 1928 quo
1257 1860 1410 1929 sumptus

260 1961 312 2016 est
327 1953 491 2033 genitivus
507 1951 603 2034 hujus
625 1952 768 2016 nominis
781 1950 872 2024 hora,
890 1950 1054 2015 invenitur
1075 1950 1181 2025 horas,
1198 1961 1231 2015 et
1246 1953 1411 2036 aspiratur

260 2065 330 2119 tam
342 2058 431 2139 apud
444 2056 608 2121 Graecum
620 2077 720 2140 quarn
737 2056 826 2137 apud
841 2054 1007 2118 Latinum.
1044 2053 1177 2119 Scilicet
1190 2055 1244 2129 Os,
1254 2057 1331 2134 orz's,
1345 2078 1410 2121 non

261 2160 434 2243 aspiratur.
481 2161 557 2226 Hoc
572 2163 661 2224 enirn
676 2162 825 2234 verbum,
839 2158 929 2236 hora,
945 2167 994 2222 est
1010 2158 1185 2236 Graecum,
1195 2157 1271 2223 licet
1288 2160 1410 2225 Latino

260 2266 393 2329 nomine
414 2266 609 2343 declinatur,
630 2265 714 2329 sicut
742 2264 904 2327 Domina:
932 2264 990 2327 sed
1018 2262 1163 2327 Graecus
1185 2263 1329 2328 declinat
1355 2266 1411 2341 sic,

260 2366 350 2442 leora,
365 2368 471 2446 hom,
487 2368 719 2444 herodiorum,
734 2368 825 2433 hora.
868 2367 970 2431 Unde
985 2368 1206 2431 nominativus
1223 2376 1256 2431 et
1271 2368 1411 2448 dativus

263 2482 296 2535 et
311 2472 490 2550 vocativus,
506 2474 629 2537 similes
646 2482 742 2537 sunt:
764 2472 973 2538 accusativus
989 2471 1022 2534 in
1038 2492 1102 2548 am,
1117 2473 1282 2554 genitivus
1306 2474 1338 2536 in
1356 2494 1412 2550 as;

264 2575 446 2639 ablativum
468 2598 534 2640 non
556 2577 680 2640 habent
703 2576 829 2642 Graeci.
877 2576 924 2639 Et
946 2575 1009 2639 hoc
1034 2576 1065 2638 in
1089 2575 1216 2640 Graeco
1238 2588 1289 2642 est
1303 2576 1410 2651 horas,

262 2679 347 2745 sicut
361 2702 425 2765 ego
439 2681 504 2765 legi
520 2682 696 2766 diligenter
710 2691 744 2745 et
759 2681 914 2746 omnibus
933 2680 1058 2764 possim
1075 2682 1216 2767 probare
1231 2683 1286 2766 qui
1303 2682 1412 2747 sciunt

263 2783 439 2861 Graecum,
463 2799 496 2851 et
520 2787 554 2850 in
580 2787 706 2852 Graeco
732 2787 895 2851 invenitur
920 2786 1088 2867 aspiratio.
1135 2786 1229 2852 Haec
1255 2788 1412 2870 exempla

262 2887 350 2953 volui
367 2911 533 2956 assumere
549 2903 585 2956 ut
599 2912 686 2975 quae
702 2892 846 2975 probant
861 2891 950 2973 quod
971 2909 1104 2955 necesse
1121 2901 1173 2955 est
1192 2891 1320 2973 linguas
1339 2893 1412 2956 sciri

262 3005 399 3076 propter
414 3004 527 3060 textus
544 2996 655 3061 Latini
673 2997 918 3080 corruptionem
935 3004 1004 3058 tam
1023 2996 1056 3058 in
1074 2995 1242 3079 theologia
1260 3016 1360 3078 quam
1380 2997 1413 3060 in

262 3098 480 3183 philosophia.
525 3101 706 3184 Quomodo
728 3121 805 3165 vere
827 3101 870 3164 de
891 3099 1103 3181 corruptione
1126 3100 1222 3181 plene
1248 3102 1356 3181 probo
1379 3112 1413 3165 et

262 3203 295 3265 in
318 3203 452 3286 speciali
477 3225 536 3286 per
560 3226 674 3269 omnes
697 3205 927 3286 corruptiones
953 3203 1081 3282 bibliae,
1106 3205 1139 3267 in
1166 3205 1255 3268 aliud
1280 3215 1411 3286 tempus

262 3305 412 3373 differtur
426 3318 562 3392 propter
573 3308 618 3372 rei
633 3309 897 3392 magnitudinem
909 3328 994 3391 quae
1009 3318 1120 3392 potest
1130 3307 1271 3372 Vestrae
1283 3307 1412 3372 Sancti-

262 3413 327 3474 tati
342 3413 551 3495 praesentari,
564 3414 622 3477 sed
638 3433 706 3477 non
725 3433 812 3476 nunc
828 3423 866 3477 ut
881 3413 1032 3492 sufficiat,
1043 3414 1102 3477 sed
1116 3413 1222 3495 magis
1237 3431 1296 3493 per
1311 3413 1412 3476 alium

263 3516 296 3579 in
311 3517 524 3599 sequentibus
538 3516 724 3601 explicabo.

308 3620 460 3704 Septima
481 3623 566 3686 ratio
583 3631 643 3696 est,
659 3622 738 3705 quia
756 3642 887 3687 necesse
905 3631 954 3687 est
974 3631 1010 3684 ut
1029 3619 1141 3685 Latini
1159 3620 1266 3686 sciant
1284 3620 1412 3703 linguas
1427 3632 1495 3681 Even
1507 3631 1577 3682 when

264 3725 448 3806 specialiter
463 3735 598 3811 propter
612 3746 727 3791 sensus
741 3725 930 3804 falsitatem,
945 3727 1006 3791 etsi
1023 3725 1118 3790 litera
1133 3734 1219 3790 esset
1234 3725 1413 3790 verissima.
1426 3699 1582 3814 ffiffli,

264 3829 353 3893 Nam
372 3840 441 3894 tam
463 3831 497 3894 in
514 3830 682 3914 theologia
702 3851 802 3913 quarn
824 3833 856 3894 in
879 3831 1091 3914 philosophia
1114 3831 1315 3894 necessariae
1337 3840 1414 3895 sunt
1427 3831 1540 3908 mult

264 3933 554 4015 interpretationes
583 3945 618 3999 et
648 3934 826 4018 praecipue
858 3934 893 3998 in
922 3945 1019 3998 textu
1054 3955 1156 4011 sacro,
1188 3944 1222 3999 et
1255 3934 1288 3998 in
1317 3944 1414 3998 textu
1426 3894 1581 3960 mruprered.

265 4025 456 4102 medicinae
467 4047 502 4101 et
521 4039 730 4102 scientiarum
750 4048 970 4116 secretarum3
995 4058 1081 4120 quae
1099 4039 1196 4102 nimis
1210 4036 1416 4102 occultantur

265 4150 403 4225 propter
427 4141 644 4225 ignorantiam
669 4143 988 4224 interpretationum.
1032 4143 1120 4206 Nam
1145 4141 1264 4205 rnedici
1290 4141 1414 4206 confusi

265 4255 343 4309 sunt
365 4255 502 4330 propter
523 4245 629 4309 malas
650 4245 946 4328 interpretationes,
966 4267 1048 4328 quas
1067 4255 1186 4310 vocant
1208 4265 1414 4327 synonyma3

266 4369 334 4414 non
349 4361 402 4415 est
420 4359 532 4414 autem
548 4350 596 4413 eis
615 4347 771 4433 possibile
791 4350 841 4412 uti
864 4349 1037 4414 medicinis
1059 4349 1258 4413 authenticis
1281 4357 1415 4431 propter

265 4473 413 4518 errorum
432 4454 571 4519 istorum
593 4472 856 4534 synonymorum
879 4453 1122 4538 ignorantiam
1144 4463 1179 4516 et
1200 4452 1276 4517 ideo
1295 4451 1414 4517 accidit

298 4587 307 4618 ¹
323 4589 381 4639 The
396 4589 532 4652 following
547 4605 665 4651 passage,
677 4589 757 4638 down
774 4597 801 4638 to
817 4589 863 4639 the
880 4590 932 4638 end
949 4589 979 4638 oi
992 4589 1037 4639 the
1054 4588 1204 4652 paragraph.
1222 4586 1245 4638 is
1261 4586 1368 4637 omitted
1386 4587 1412 4636 ln

265 4667 299 4721 0.
310 4671 362 4718 and
374 4669 418 4730 D„
429 4670 482 4718 and
493 4669 541 4717 has
550 4667 618 4717 been
629 4666 749 4730 supplied
759 4667 825 4716 {rom
836 4667 889 4728 Jul.

307 4762 389 4814 VOL.
405 4763 430 4813 1.
826 4759 850 4811 G
