3575 5375
382 648 441 710 154
598 629 753 689 OPERIS
777 628 966 700 MAJORIS
990 626 1105 687 PARS
1130 626 1314 700 QUARYA.

378 793 541 858 ducantur
562 814 582 856 a
605 803 717 858 centro
740 802 848 857 terrae
870 801 939 854 tres
959 790 1064 854 lineae
1086 800 1121 856 et
1144 809 1212 854 una
1233 789 1373 853 ducatur
1391 806 1534 870 perpen-

379 895 568 962 diculariter
587 897 630 960 ad
653 894 861 978 superficiem
885 893 978 971 coeli,
992 903 1031 958 ut
1052 914 1075 957 a
1096 893 1125 967 b,
1146 894 1203 958 illa
1224 893 1285 957 erit
1309 893 1439 956 brevior
1460 892 1535 955 aliis

380 1022 439 1084 per
465 1000 545 1064 xviii
573 1000 671 1084 primi
693 998 947 1064 Elementorum
974 1007 1007 1061 et
1031 1018 1090 1082 per
1114 997 1214 1061 xxxii
1237 995 1395 1078 ejusdem.
1442 996 1535 1080 Ergo

380 1105 508 1170 coelum
537 1125 603 1168 non
630 1103 814 1185 aequaliter
835 1103 975 1168 distabit
1001 1123 1022 1166 a
1048 1111 1151 1166 terra:
1184 1102 1244 1165 sed
1268 1110 1399 1183 oportet
1427 1110 1464 1164 ut
1490 1100 1537 1170 sit

379 1209 529 1292 ejusdem
557 1219 692 1274 naturae
723 1208 756 1270 in
787 1207 878 1272 omni
909 1217 1013 1288 parte
1058 1205 1150 1290 Ergo
1176 1203 1344 1288 quaelibet
1373 1214 1454 1268 nata
1483 1213 1535 1270 oet

379 1314 525 1397 elongari
540 1313 723 1396 aequaliter
738 1334 758 1378 a
775 1323 871 1378 terra.
917 1311 988 1377 Nec
1004 1321 1205 1394 potestesse
1223 1329 1375 1374 convexa
1388 1308 1536 1385 interius,

747 1531 764 1596 h

641 2279 756 2314 ΟΞΝΤΗυἈ
765 2227 860 2314 ῼΕΒΒΑΕ
1050 2224 1271 2316 ΘΕΝΤΒυἊᾳῐΕΒΒΑΕ

901 2393 962 2442 Flo.
977 2406 1015 2456 ¹5·

378 2568 415 2621 ut
434 2567 527 2641 patet
550 2579 610 2642 per
624 2559 679 2620 viii
698 2558 786 2624 tertii
811 2557 893 2631 libri,
916 2577 1002 2640 quae
1025 2556 1106 2621 dicit
1128 2558 1220 2642 quod
1245 2578 1265 2620 a
1288 2566 1413 2641 puncto
1436 2565 1536 2618 extra

379 2661 510 2745 signato
526 2663 552 2726 si
567 2662 730 2728 ducantur
743 2662 786 2727 ad
803 2662 960 2728 circulum
977 2662 1087 2744 plures
1102 2661 1218 2741 lineae,
1230 2661 1286 2727 illa
1299 2681 1385 2744 quae
1402 2660 1536 2725 caderet

379 2766 412 2829 in
438 2766 636 2831 diametrum
661 2776 747 2831 esset
772 2768 901 2832 brevior
923 2768 1004 2831 aliis.
1052 2766 1144 2849 Ergo
1167 2766 1371 2849 relinquitur,
1388 2765 1481 2847 quod
1507 2764 1536 2825 si

378 2889 399 2931 a
421 2880 534 2933 centro
558 2882 663 2935 terrae
689 2872 852 2936 ducantur
877 2882 942 2937 tres
968 2872 1074 2937 lineae
1100 2872 1143 2936 ad
1171 2871 1417 2934 convexitatem
1442 2866 1536 2945 coeli,

379 2992 445 3036 una
468 2974 531 3038 erit
553 2975 693 3051 brevior,
715 2975 839 3038 scilicet
862 2974 928 3051 illa,
947 2995 1033 3056 quae
1055 2984 1105 3039 est
1127 2974 1410 3059 perpendicularis
1436 2991 1536 3053 super

379 3076 564 3159 sphaeram,
584 3086 620 3141 ut
644 3088 738 3161 patet
761 3078 793 3142 in
817 3076 931 3162 figura,
952 3088 986 3142 et
1009 3080 1084 3143 ideo
1107 3080 1237 3143 coelum
1262 3099 1327 3143 non
1352 3075 1537 3159 aequaliter

379 3181 517 3244 distaret
532 3202 553 3245 a
570 3191 666 3260 terra,
679 3184 769 3265 quod
786 3192 899 3247 tamen
915 3192 1049 3266 oportet
1065 3193 1102 3247 ut
1114 3184 1241 3247 dictum
1256 3192 1317 3247 cst.
1356 3182 1402 3246 Et
1415 3182 1535 3245 iterum

379 3285 406 3346 si
437 3297 524 3350 esset
558 3288 701 3352 mundus
734 3306 906 3351 convexae
938 3285 1073 3369 figurae,
1103 3287 1190 3352 intra
1218 3308 1284 3350 non
1319 3297 1406 3351 esset
1438 3295 1537 3349 natus

378 3390 546 3454 continere
577 3391 709 3455 omnia:
742 3392 801 3455 sed
833 3391 978 3455 mundus
1008 3402 1105 3455 natus
1134 3401 1185 3455 est
1215 3391 1384 3456 continere
1414 3389 1536 3454 omnia.

380 3492 481 3575 Quod
498 3495 607 3557 sinon
623 3504 733 3577 potest
748 3515 821 3559 esse
842 3493 961 3575 planae
981 3494 1115 3577 figurae,
1132 3516 1191 3559 nec
1207 3515 1387 3573 convexae,
1402 3502 1536 3577 oportet

378 3598 469 3680 quod
486 3598 528 3659 sit
545 3617 718 3672 concavae,
736 3618 812 3662 cum
830 3618 896 3661 non
912 3598 956 3661 sit
971 3598 1046 3663 alia.
1088 3598 1156 3663 Sed
1172 3619 1318 3663 concava
1333 3607 1447 3682 potest
1462 3616 1537 3662 esse

380 3699 492 3761 multis
517 3702 634 3772 modis,
650 3710 708 3764 aut
726 3702 906 3787 sphaerica,
922 3712 980 3767 aut
1003 3702 1211 3781 columnaris,
1227 3712 1285 3767 aut
1308 3702 1536 3787 pyramidalis,

380 3811 437 3865 aut
455 3801 664 3877 lenticulariS,
681 3814 739 3869 aut
754 3806 818 3869 alia
835 3806 1021 3888 multiplex.
1066 3806 1098 3869 N
1102 3828 1145 3870 on
1166 3818 1216 3871 est
1235 3817 1349 3871 autem
1369 3805 1537 3888 possibile,

380 3905 471 3987 quod
495 3907 539 3970 sit
562 3906 699 3989 alicujus
723 3909 785 3971 nisi
808 3909 1000 3989 sphaericae
1021 3930 1194 3989 concavae,
1209 3920 1348 3996 propter
1362 3910 1425 3974 hoc
1444 3909 1537 3994 quod

381 4008 414 4069 in
438 4006 500 4069 hac
522 4009 594 4073 sola
616 4010 722 4091 figura
744 4022 821 4077 sunt
844 4032 961 4077 omnes
987 4013 1093 4077 lineae
1116 4014 1280 4097 aequales,
1295 4036 1381 4098 quae
1403 4014 1446 4078 ab
1470 4034 1538 4077 uno

381 4121 505 4193 puncto
528 4112 694 4176 ducuntur
708 4114 749 4177 ad
774 4114 989 4199 superficiem.
1034 4117 1113 4181 Non
1136 4119 1224 4181 enim
1246 4129 1298 4183 est
1321 4119 1353 4183 in
1369 4119 1443 4182 aliis
1458 4139 1537 4201 pos-

380 4213 475 4303 sibile
491 4214 570 4278 dare
586 4226 782 4298 punctum,a
798 4239 866 4301 quo
881 4238 997 4282 omnes
1013 4221 1118 4284 lineae
1135 4222 1255 4287 ductae
1272 4224 1315 4285 ad
1326 4221 1537 4304 superficiem

380 4329 578 4399 aequentur:
600 4339 678 4381 nam
694 4321 846 4386 diametri
861 4332 939 4386 sunt
955 4324 1152 4407 inaequales.
1191 4326 1259 4391 Sed
1275 4335 1409 4410 oportet
1424 4336 1538 4407 partes

382 4422 463 4485 coeli
485 4423 668 4504 aequaliter
682 4423 807 4487 distare
827 4446 847 4487 a
869 4436 963 4504 terra,
980 4437 1115 4509 propter
1129 4442 1268 4493 naturae
1287 4428 1537 4512 aequalitatem.

383 4524 473 4604 Ergo
489 4526 531 4588 de
549 4527 745 4589 necessitate
759 4529 820 4592 erit
836 4529 1035 4609 sphaericae.

427 4628 512 4693 Item
529 4630 613 4694 inter
628 4650 744 4696 omnes
760 4630 882 4715 figuras
896 4631 1139 4714 isoperimetras
1151 4632 1291 4719 sphaera
1303 4636 1373 4720 ipsa
1387 4638 1540 4704 maxime
