3575 5375
356 620 395 681 72
579 606 735 665 OPERIS
759 604 948 675 MAJORIS
974 603 1088 663 PARS
1117 603 1282 661 TERTIA.

354 767 562 851 placendum,
579 777 613 832 et
631 789 744 833 eorum
768 776 871 845 actus,
890 776 925 831 et
947 768 989 831 ad
1014 766 1178 830 contraria
1200 785 1275 829 cum
1300 764 1507 829 necessitate.

355 872 401 935 Et
438 872 503 937 hoc
537 883 769 957 argumentum
799 883 937 937 vocatur
972 870 1182 947 rhetoricum,
1212 878 1246 933 et
1276 878 1327 933 est
1357 877 1506 951 respectu

354 974 542 1040 intellectus
567 976 713 1059 practici,
739 977 824 1040 sicut
849 984 1080 1058 argumentum
1107 973 1318 1039 dialecticum
1343 974 1387 1036 ad
1413 971 1507 1036 intel-

353 1078 474 1143 lectum
506 1080 757 1164 speculativum.
813 1079 860 1142 Et
889 1079 944 1142 hic
978 1078 1113 1143 habitus
1144 1078 1201 1160 qui
1234 1078 1338 1141 flectit
1370 1096 1430 1139 nos
1464 1076 1506 1140 ad

352 1203 499 1248 amorem
517 1185 594 1249 boni
611 1184 721 1267 operis
736 1183 877 1248 habetur
892 1204 952 1265 per
967 1194 1196 1265 argumentum
1219 1182 1405 1265 poeticum3
1429 1180 1508 1262 quia

353 1299 483 1371 poetae,
495 1298 531 1351 ut
545 1288 708 1353 Horatius
724 1299 758 1353 et
772 1287 828 1353 alii
846 1287 964 1352 Graeci
981 1297 1014 1351 et
1027 1287 1148 1365 Latini,
1159 1287 1240 1350 vitia
1254 1293 1506 1369 prosequuntur,

355 1402 389 1456 et
404 1394 543 1458 virtutes
559 1392 783 1476 magnificant,
798 1403 836 1457 ut
855 1391 1043 1456 alliciantur
1063 1391 1212 1455 homines
1231 1392 1274 1455 ad
1296 1390 1455 1454 honorem
1473 1397 1507 1451 et

355 1496 468 1560 odium
485 1498 622 1581 peccati.
668 1497 766 1575 Nam,
783 1506 820 1560 ut
836 1496 890 1560 ille
906 1496 997 1574 dicit,

484 1601 577 1665 ‘Aut
598 1602 755 1682 prodesse
777 1601 903 1677 volunt,
926 1609 984 1663 aut
1007 1600 1173 1664 delectare
1196 1599 1325 1682 poetae.

507 1704 618 1769 Omne
640 1704 716 1770 tulit
739 1716 901 1789 punctum
924 1705 981 1787 qui
1004 1705 1134 1769 miscuit
1158 1704 1239 1768 utile
1261 1700 1370 1767 dulci!

357 1808 434 1871 Non
458 1808 546 1871 enim
565 1829 681 1890 parum
705 1811 841 1891 prodest
868 1809 1004 1887 civibus,
1027 1809 1082 1891 qui
1108 1808 1253 1871 delectat
1279 1807 1312 1869 in
1339 1806 1507 1884 moribus;

354 1922 489 1995 oportet
508 1913 596 1976 enim
616 1933 682 1976 non
706 1913 813 1976 solum
836 1914 964 1988 docere,
980 1914 1038 1977 sed
1061 1912 1225 1977 delectare
1247 1922 1280 1975 et
1303 1930 1507 1994 promovere.

355 2016 458 2081 Unde
487 2026 557 2081 tarn
588 2027 688 2101 poeta
717 2037 817 2100 quam
848 2027 961 2081 orator
989 2017 1089 2082 debet
1119 2019 1201 2079 haec
1231 2016 1294 2080 tria
1324 2014 1440 2088 lacere,
1470 2024 1508 2078 ut

354 2123 506 2187 docendo
533 2124 651 2187 reddat
678 2123 846 2186 auditores
874 2123 1007 2196 dociles,
1034 2144 1093 2206 per
1122 2122 1378 2187 delectationem
1408 2118 1507 2183 iaciat

353 2235 511 2303 attentos,
534 2236 567 2290 et
594 2227 822 2310 promovendo
848 2246 908 2291 seu
935 2226 1099 2291 flectendo
1124 2236 1224 2309 cogat
1251 2226 1284 2288 in
1311 2244 1406 2308 opus.
1460 2223 1507 2287 Et

352 2329 436 2394 haec
457 2342 653 2412 argumenta
677 2331 710 2393 in
733 2328 911 2396 salutiferis
934 2334 1032 2397 rebus
1054 2340 1132 2395 sunt
1155 2331 1343 2403 fortissima,
1360 2330 1393 2392 in
1416 2329 1507 2412 puris

352 2434 565 2515 speculativis
580 2435 786 2519 impotentia,
801 2436 887 2498 sicut
906 2436 1145 2499 demonstratio
1164 2434 1388 2499 efficacissima
1406 2444 1456 2497 est
1471 2433 1506 2495 in

352 2538 632 2620 speculationibus
654 2539 761 2619 nudis,
780 2540 838 2603 sed
863 2540 1031 2622 impotens
1053 2549 1104 2603 est
1127 2539 1265 2603 omnino
1288 2539 1321 2601 iu
1344 2538 1507 2622 practicis,

353 2642 445 2707 etin
472 2642 524 2706 his
549 2663 635 2726 quae
662 2644 828 2727 pertinent
853 2643 897 2707 ad
923 2644 1074 2718 salutem,
1095 2644 1276 2708 secundum
1304 2642 1394 2726 quod
1413 2640 1506 2706 Aris·

353 2747 472 2810 toteles
487 2747 577 2824 dicit,
594 2748 702 2830 primo
718 2748 853 2812 moralis
873 2748 1114 2832 philosophiae,
1129 2750 1218 2831 quod
1235 2749 1439 2832 perprimum
1456 2755 1507 2810 est

353 2849 626 2914 mathematicum
652 2852 699 2914 uti
724 2863 920 2934 argumento
938 2851 1111 2930 rhetorico,
1129 2862 1163 2917 et
1181 2853 1346 2916 rhetorem
1367 2853 1507 2914 demon·

353 2954 546 3018 strationem
568 2955 719 3038 experiri,
740 2956 909 3037 quoniam,
929 2966 966 3020 ut
989 2957 1071 3022 dicit
1093 2957 1247 3034 secundo,
1266 2956 1348 3020 haec
1370 2955 1506 3019 scientia

354 3067 496 3122 nonest
522 3057 811 3141 contemplationis
837 3062 954 3145 gratia,
980 3064 1037 3124 sed
1070 3062 1209 3125 utboni
1238 3060 1365 3125 fiamus.
1408 3059 1505 3123 Aris-
1588 3129 1594 3140 ⁵

353 3161 473 3226 toteles
496 3163 596 3246 igitur
618 3162 694 3227 fecit
717 3164 818 3228 libros
841 3166 884 3229 de
909 3164 961 3229 his
985 3167 1196 3248 argumentis,
1219 3175 1253 3228 et
1280 3163 1507 3248 Alpharabius

353 3258 386 3330 in
417 3266 501 3332 libro
530 3269 574 3332 de
609 3268 754 3332 scientiis
788 3269 931 3332 affirmat
964 3271 1049 3333 duas
1081 3280 1193 3354 partes
1226 3269 1353 3351 logicae
1386 3267 1507 3332 debere

352 3372 505 3436 constitui
527 3372 569 3435 de
586 3372 638 3435 his
660 3373 792 3436 duobus
814 3374 1027 3456 argumentis,
1042 3377 1119 3456 quia
1141 3375 1213 3438 sola
1238 3373 1348 3456 logica
1369 3373 1507 3438 deberet

351 3476 471 3541 docere
494 3477 682 3558 cujusmodi
707 3486 784 3540 sunt
808 3489 1012 3561 argumenta,
1037 3489 1071 3542 et
1097 3477 1240 3561 qualiter
1263 3484 1507 3560 componantur

351 3592 487 3663 propter
509 3601 604 3644 usum
626 3583 775 3645 omnium
800 3583 940 3646 aliarum
962 3583 1185 3647 scientiarum.
1232 3581 1278 3646 Et
1299 3590 1376 3646 tunc
1397 3581 1506 3664 logica

351 3685 562 3766 speculativis
582 3686 727 3750 scientiis
748 3707 806 3768 per
825 3698 1033 3770 argumenta,
1049 3687 1201 3751 videlicet
1223 3687 1299 3762 duo,
1320 3706 1406 3770 quae
1429 3696 1506 3750 sunt

352 3787 562 3853 dialecticum
594 3799 627 3852 et
652 3791 960 3867 demonstrativum,
984 3791 1164 3856 moralibus
1195 3802 1307 3854 autem
1339 3791 1506 3855 ministrat

351 3893 500 3975 practica
528 3902 735 3974 argumenta.
782 3894 828 3959 Et
857 3896 937 3978 quia
966 3895 1135 3979 theologia
1162 3908 1195 3959 et
1223 3893 1278 3976 jus
1307 3895 1504 3959 canonicum

352 4016 460 4059 mores
476 4005 510 4060 et
528 3996 618 4081 leges
633 4006 667 4060 et
679 3997 754 4079 jura
773 3999 1006 4078 determinant,
1023 4000 1099 4063 ideo
1120 4001 1202 4063 haec
1221 4001 1289 4064 duo
1308 4008 1507 4082 argumenta

351 4108 429 4163 sunt
447 4100 495 4165 eis
519 4102 709 4164 necessaria.
756 4102 869 4166 Etiam
893 4105 1046 4186 quamvis
1070 4104 1182 4168 Latini
1207 4105 1354 4168 nondum
1378 4103 1505 4168 habeut

351 4204 522 4268 scientiam
544 4204 660 4268 horum
684 4217 955 4290 argumentorum
980 4209 1161 4271 secundum
1186 4209 1266 4272 artis
1288 4207 1415 4290 logicae
1437 4216 1505 4271 tra-

351 4308 522 4385 ditionem,
532 4317 644 4371 tamen
656 4311 838 4375 necessaria
847 4321 923 4374 sunt
937 4311 1051 4374 multis
1065 4313 1182 4375 modis.
1229 4311 1380 4394 Qualiter
1391 4321 1505 4375 autem

349 4423 593 4496 componantur
605 4414 686 4478 haec
702 4425 907 4496 argumenta,
923 4435 990 4478 non
1005 4425 1056 4479 est
1072 4416 1114 4480 ad
1137 4435 1293 4498 praesens
1314 4415 1506 4478 dicendum.

351 4517 419 4582 Sed
442 4517 475 4580 in
502 4517 565 4581 hoc
589 4538 698 4602 opere,
721 4520 811 4601 quod
827 4519 948 4582 Vestra
975 4518 1156 4584 Beatitudo
1179 4519 1360 4602 postulavit
1383 4519 1508 4582 dicitur

349 4621 521 4705 explicari.
576 4622 668 4686 Nihil
700 4633 812 4688 tamen
838 4624 882 4687 de
904 4623 1049 4690 scientiis
1075 4625 1288 4708 speculativis
1316 4624 1428 4703 utilius
1456 4635 1509 4691 est
