3575 5375
360 624 687 685 PHILOSOPHIAE
714 626 804 686 CUM
831 626 1073 685 THEOLOGIA
1100 626 1341 686 AFFINITAS.
1385 642 1426 705 55

274 808 376 870 quam
406 788 592 853 medicinae
621 790 743 853 virtute
773 789 934 854 luctatum
966 789 1073 855 fuisse.
1128 790 1196 853 Hic
1226 789 1426 855 Aristoteles

275 894 434 975 magister
467 893 656 957 Alexandri
694 895 806 977 magni
844 895 980 959 effectus
1013 895 1081 959 duo
1116 895 1218 959 millia
1251 895 1425 959 hominum

276 996 367 1060 misit
398 1019 458 1080 per
488 998 605 1062 mundi
637 997 795 1078 regiones,
825 1006 862 1060 ut
895 1006 1030 1063 naturas
1063 1019 1172 1061 rerum
1203 998 1425 1082 exquirerent,

274 1099 358 1163 sicut
389 1100 514 1165 Plinius
544 1112 654 1165 narrat
684 1101 719 1163 in
749 1100 967 1165 Naturalibus
998 1112 1118 1166 octavo
1152 1102 1236 1165 libro
1267 1112 1301 1165 et
1334 1102 1426 1167 mille

274 1201 377 1268 libros
403 1205 599 1287 composuit,
622 1214 658 1267 ut
685 1204 719 1267 in
746 1204 816 1286 ejus
841 1205 911 1269 vita
940 1205 1071 1289 legitur.
1117 1205 1183 1269 Hic
1213 1204 1302 1269 enim
1328 1226 1425 1287 prae·

274 1308 463 1371 cedentium
499 1308 773 1392 philosophorum
809 1329 936 1373 errores
970 1311 1151 1384 evacuavit,
1188 1320 1222 1375 et
1266 1330 1424 1392 augmen-

274 1413 357 1476 tavit
391 1411 636 1496 philosophiam
669 1412 818 1496 aspirans
847 1413 891 1476 ad
921 1412 992 1494 ejus
1025 1412 1304 1497 complementum
1335 1414 1426 1496 quod

274 1513 452 1580 habuerint
477 1516 606 1599 antiqui
632 1517 848 1598 patriarchae,
873 1516 1026 1600 quamvis
1056 1538 1122 1582 non
1154 1518 1264 1601 potuit
1296 1517 1426 1601 singula

273 1620 441 1701 perficere.
487 1620 576 1683 Nam
599 1621 799 1703 posteriores
822 1622 931 1704 ipsum
954 1622 987 1684 in
1009 1622 1176 1704 aliquibus
1203 1630 1425 1701 correxerunt,

275 1735 309 1788 et
330 1725 435 1788 multa
454 1725 497 1789 ad
518 1725 590 1806 ejus
607 1745 708 1807 opera
727 1725 936 1803 addiderunt,
952 1736 986 1789 et
1006 1725 1115 1789 adhuc
1135 1726 1300 1791 addentur
1320 1746 1425 1808 usque

273 1827 435 1892 adfinem
456 1828 571 1892 mundi
586 1854 594 1906 3
617 1829 697 1910 quia
718 1828 801 1891 nihil
817 1839 867 1893 est
888 1828 1071 1912 perfectum
1087 1830 1121 1892 in
1139 1830 1292 1895 humanis
1311 1830 1423 1893 iuven-

273 1932 429 2009 tionibus,
441 1943 477 1996 ut
494 1932 527 1995 in
539 1933 704 2017 prioribus
718 1942 771 1997 est
788 1933 990 2013 expositum.
1026 1933 1126 1998 Hunc
1139 1944 1256 1997 natura
1272 1933 1425 2009 firmavit,

273 2046 311 2100 ut
321 2036 404 2101 dicit
417 2035 583 2100 Averroes
599 2037 632 2100 in
650 2037 748 2100 tertio
763 2038 806 2101 de
817 2036 954 2115 Anima,
967 2047 1003 2100 ut
1018 2038 1171 2102 ultimam
1185 2036 1425 2121 perlectionem

273 2138 417 2204 hominis
439 2140 611 2203 inveniret.
657 2139 722 2204 Hic
749 2141 900 2204 omnium
929 2140 1201 2225 philosophorum
1228 2162 1424 2223 magnorum

274 2244 467 2308 testimonio
496 2243 679 2328 praefertur
705 2244 919 2326 philosophis,
944 2254 977 2308 et
1004 2245 1233 2329 philosophiae
1259 2244 1425 2309 ascriben-

273 2347 355 2411 dum
375 2348 481 2412 estid
503 2348 595 2430 quod
618 2348 689 2431 ipse
711 2347 905 2424 affirmavit3
929 2350 1016 2413 unde
1038 2369 1124 2414 nunc
1146 2349 1308 2431 temporis
1330 2358 1424 2411 auto·

274 2452 440 2516 nomatice
456 2450 677 2535 Philosophus
695 2452 896 2529 nominatur,
912 2452 946 2515 in
966 2454 1163 2517 auctoritate
1185 2452 1426 2537 philosophiae,

273 2556 358 2620 sicut
385 2556 506 2620 Paulus
531 2556 563 2618 in
590 2555 742 2619 doctrina
768 2556 950 2638 sapientiae
980 2577 1093 2621 sacrae
1118 2556 1261 2641 apostoli
1292 2556 1425 2620 nomine

273 2660 469 2744 intelligitur
478 2656 501 2724 ¹.
547 2659 682 2744 Quievit
702 2669 815 2728 autem
836 2669 871 2724 et
886 2660 977 2726 siluit
995 2660 1206 2746 philosophia
1221 2658 1425 2739 Aristotelis,

272 2787 332 2849 pro
364 2764 482 2850 majori
516 2774 611 2848 parte
640 2775 698 2830 aut
732 2776 868 2848 propter
897 2766 1155 2831 occultationem
1185 2765 1425 2849 exemplarium

274 2879 308 2933 et
328 2871 509 2948 raritatem,
523 2880 582 2934 aut
603 2880 739 2953 propter
760 2868 1003 2949 difficultatem,
1019 2880 1077 2934 aut
1099 2880 1235 2955 propter
1258 2870 1425 2947 invidiam,

273 2985 331 3039 aut
349 2983 485 3058 propter
499 2993 635 3058 guerras
650 2973 796 3038 Orientis
807 2971 828 3048 ²,
842 2995 949 3057 usque
967 2985 1044 3058 post
1059 2986 1212 3059 tempora
1229 2973 1426 3052 Mahometi‚

274 3079 409 3160 quando
425 3078 598 3142 Avicenna
620 3089 655 3141 et
673 3077 841 3142 Averroes
863 3089 897 3142 et
918 3079 1037 3144 caeteri
1058 3088 1296 3143 revocaverunt
1318 3077 1425 3161 philo·

274 3182 426 3266 sophiam
449 3180 642 3246 Aristotelis
665 3182 699 3244 in
722 3183 829 3246 lucem
853 3181 986 3266 plenam
1009 3183 1235 3265 expositionis
1281 3182 1326 3245 Et
1350 3181 1427 3246 licet

273 3286 338 3350 alia
359 3286 532 3370 Logicalia
547 3297 581 3351 et
599 3288 764 3369 quaedam
783 3286 849 3350 alia
867 3287 1029 3351 translata
1043 3287 1174 3350 luerunt
1194 3306 1253 3369 per
1273 3285 1428 3349 Boetium

274 3391 317 3454 de
336 3391 475 3467 Graeco,
495 3400 608 3454 tamen
631 3401 782 3473 ternpore
801 3390 947 3454 Michael
970 3389 1073 3466 Scoti,
1094 3391 1151 3473 qui
1173 3389 1269 3454 annis
1291 3389 1427 3453 Domini

277 3513 362 3578 1230
381 3495 553 3560 transactis
575 3496 729 3577 apparuit
752 3492 902 3559 deserens
922 3493 1080 3557 librorum
1100 3493 1294 3558 Aristotelis
1317 3503 1427 3575 partes

274 3599 402 3682 aliquas
423 3599 466 3662 de
493 3597 710 3662 Naturalibus
732 3608 766 3661 et
789 3598 1054 3681 Metaphysicis³
1076 3617 1152 3662 cum
1179 3597 1428 3679 expositoribus

274 3702 484 3779 authenticis,
519 3701 732 3784 magnificata
769 3713 820 3766 est
856 3702 1068 3786 philosophia
1108 3701 1301 3765 Aristotelis
1336 3701 1427 3785 apud

275 3805 424 3870 Latinos.
471 3805 538 3870 Sed
569 3817 721 3890 respectu
751 3806 974 3871 multitudinis
1009 3818 1042 3870 et
1072 3805 1311 3890 magnitudinis
1349 3826 1428 3870 suae

274 3911 455 3994 sapientiae
471 3911 504 3974 in
520 3910 612 3973 mille
626 3912 825 3976 tractatibus
840 3911 1109 3994 comprehensae,
1124 3907 1244 3974 valde⁴
1260 3910 1428 3976 modicum

273 4015 383 4078 adhuc
398 4015 431 4077 in
446 4014 593 4096 linguam
609 4014 765 4078 Latinam
781 4024 832 4080 est
847 4015 1054 4092 translatum,
1071 4023 1105 4078 et
1126 4015 1236 4079 minus
1250 4025 1301 4078 est
1318 4016 1351 4078 in
1367 4036 1427 4080 usu

274 4118 365 4202 vulgi
389 4118 603 4182 studentium.
647 4118 821 4182 Avicenna
844 4119 980 4202 quidem
1007 4119 1204 4201 praecipuus
1227 4119 1376 4183 imitator
1396 4129 1430 4184 et

274 4222 447 4305 expositor
472 4220 677 4297 Aristotelis,
702 4233 737 4286 et
767 4223 940 4306 complens
966 4221 1214 4305 philosophiam
1245 4223 1427 4286 secundum

273 4328 363 4408 quod
397 4325 427 4390 ei
462 4326 561 4390 suerit
596 4327 763 4409 possibile,
792 4326 915 4410 triplex
953 4328 1108 4391 volumen
1139 4325 1289 4390 condidit
1318 4325 1426 4408 philo-

273 4429 420 4512 sophiae,
440 4439 477 4494 ut
507 4430 578 4513 ipse
603 4431 685 4497 dicit
715 4432 749 4496 in
775 4432 917 4517 prologo
941 4431 1015 4497 libri
1046 4431 1291 4506 Sufficientiae;
1321 4448 1424 4494 unum

305 4567 314 4597 ¹
332 4565 390 4616 Om.
402 4567 428 4614 in
439 4567 514 4628 Jebb.
1087 4567 1097 4596 ¹
1113 4567 1171 4618 Om.
1183 4566 1210 4614 in
1220 4563 1294 4625 Jebb.

304 4649 315 4678 ³
330 4649 398 4712 Jebb
409 4649 457 4700 lus
468 4649 663 4701 Mathematici&
1090 4651 1099 4680 ¹
1116 4650 1166 4712 vel,
1177 4649 1192 4712 J
1195 4651 1251 4701 ebb.
