3575 5375
568 656 807 716 CORRECYIO
834 656 1107 716 CALENDARII.
1346 673 1406 733 277

257 815 464 881 lunationum
492 819 801 884 decemnovennalis
836 829 998 903 aequetur
1020 821 1083 884 xix
1113 822 1207 884 annis
1233 820 1405 885 solaribus.

257 918 323 985 Sed
346 921 434 987 istud
457 933 507 987 est
531 923 743 1006 impossibile.
791 923 879 987 Nam
912 926 1091 988 secundum
1120 925 1348 989 Ptolemaeum
1373 927 1406 989 in

254 1025 443 1108 Almagesti
476 1037 510 1090 et
540 1049 656 1092 omnes
693 1039 902 1093 astronomos
939 1029 1062 1092 mensis
1092 1030 1216 1093 lunaris
1252 1049 1317 1093 non
1355 1041 1406 1094 est

254 1132 384 1214 proprie
399 1152 420 1194 a
434 1131 560 1196 visione
574 1153 681 1196 novae
696 1132 801 1211 lunae,
818 1133 896 1216 quia
911 1131 974 1196 hoc
990 1142 1122 1215 tempus
1136 1142 1188 1198 est
1210 1133 1384 1216 inaequale
1397 1159 1406 1211 ;

254 1235 333 1316 quia
355 1234 532 1318 aliquando
555 1237 588 1298 in
619 1257 716 1300 mane
746 1237 893 1318 ejusdem
923 1237 987 1301 diei
1018 1247 1069 1300 est
1099 1238 1260 1301 novacula
1284 1239 1406 1302 veteris

255 1339 361 1417 lunae,
384 1350 417 1404 et
441 1341 473 1403 in
495 1361 630 1423 vespere
654 1341 814 1404 novacula
836 1362 942 1404 novae
965 1341 1071 1418 lunae,
1094 1351 1128 1405 et
1151 1341 1332 1424 aliquando
1354 1351 1404 1405 est

254 1444 398 1527 spatium
429 1446 571 1509 duorum
601 1447 728 1510 dierum
758 1447 843 1510 inter
872 1466 937 1525 eas,
967 1456 1001 1510 et
1030 1445 1209 1529 aliquando
1237 1457 1305 1510 tres
1335 1447 1406 1510 dies

255 1548 509 1632 intercipiuntur,
527 1559 564 1613 ut
582 1550 718 1632 planum
737 1561 788 1614 est
811 1551 933 1630 sensui,
948 1561 982 1614 et
1003 1571 1122 1614 causae
1141 1551 1186 1614 ab
1206 1551 1405 1615 astronomis

254 1654 482 1734 assignantur3
505 1657 565 1718 sed
591 1675 719 1718 menses
746 1654 870 1717 debent
894 1655 1036 1737 aequari.
1085 1654 1170 1718 ltem
1196 1675 1258 1718 nec
1284 1676 1305 1718 a
1328 1674 1405 1719 con·

250 1759 422 1840 junctione
438 1759 516 1822 solis
532 1769 566 1822 et
586 1759 682 1822 lunae
703 1760 884 1822 secundum
907 1780 1022 1822 eorum
1042 1779 1173 1823 cursum
1188 1779 1313 1838 verum,
1327 1759 1405 1842 quia

253 1864 317 1926 hoc
347 1873 480 1946 tempus
514 1875 564 1929 est
602 1864 799 1946 inaequale;
839 1874 874 1928 et
905 1865 980 1928 ideo
1013 1863 1274 1928 considerabitur
1303 1885 1404 1947 penes

253 1967 519 2049 conjunctionem
549 1969 628 2032 solis
665 1979 698 2032 et
736 1968 833 2033 lunae
870 1968 1054 2032 secundum
1092 1969 1263 2050 utriusque
1285 1988 1403 2032 eorum

253 2092 382 2137 cursum
399 2074 545 2137 medium
560 2083 594 2136 et
610 2073 793 2155 aequalem,
810 2073 888 2154 quia
910 2072 973 2135 hoc
994 2083 1127 2154 tempus
1144 2084 1196 2136 est
1216 2072 1354 2155 aequale
1370 2082 1405 2136 et

254 2177 426 2240 uniforme.
473 2177 519 2239 Et
543 2179 722 2240 secundum
749 2178 838 2259 quod
862 2176 983 2259 probat
1003 2175 1213 2240 Ptolemaeus
1231 2177 1264 2239 in
1283 2175 1404 2240 Alma·

252 2282 346 2363 gesti,
368 2281 432 2344 hoc
453 2291 586 2362 tempus
609 2291 659 2344 est
680 2281 767 2342 xxix
790 2281 869 2358 dies,
889 2289 925 2344 et
944 2281 1031 2343 xxxi
1055 2281 1182 2345 minuta
1208 2280 1304 2344 unius
1327 2281 1403 2357 diei,

252 2395 286 2447 et
309 2383 319 2446 l
342 2385 494 2462 secunda,
517 2393 551 2447 et
573 2385 628 2448 viii
652 2385 756 2462 tertia,
779 2395 812 2448 et
836 2385 871 2448 ix
898 2395 1024 2468 quarta,
1048 2397 1082 2448 et
1110 2406 1161 2446 xx
1184 2384 1308 2467 quinta.
1356 2385 1402 2448 Et

251 2488 327 2553 huic
356 2489 535 2552 concordat
564 2487 738 2568 Arzachel,
768 2489 824 2572 qui
860 2489 1008 2552 fundavit
1038 2488 1168 2553 tabulas
1197 2507 1274 2552 suas
1303 2509 1402 2571 super

252 2593 471 2675 quantitatem
499 2594 577 2656 anni
603 2593 735 2672 lunaris,
759 2593 815 2674 qui
841 2614 948 2658 annus
973 2594 1096 2658 lunaris
1125 2593 1273 2658 continet
1301 2593 1404 2658 cccliv

251 2700 323 2763 dies
348 2706 382 2761 et
404 2699 554 2781 quintam
577 2708 611 2762 et
633 2710 766 2763 sextam
797 2698 894 2763 unius
924 2700 998 2775 diei,
1022 2699 1054 2763 id
1084 2708 1144 2778 est,
1167 2699 1239 2761 xxii
1264 2700 1402 2764 minuta,

253 2802 300 2867 Et
323 2804 502 2867 secundum
523 2802 587 2867 hoc
608 2804 669 2867 erit
689 2813 823 2887 tempus
845 2804 993 2886 aequalis
1014 2803 1190 2867 lunationis
1212 2802 1301 2866 xxix
1325 2804 1403 2883 dies,

252 2917 285 2972 et
311 2908 397 2970 xxxi
435 2908 564 2973 minuta
600 2916 634 2971 et
662 2906 674 2971 l
703 2910 857 2988 secunda,
885 2930 971 2991 quae
1005 2908 1227 2991 multiplicata
1256 2928 1316 2992 per
1353 2909 1401 2971 xii

249 3012 375 3076 faciunt
404 3013 505 3077 cccliv
535 3014 606 3078 dies
639 3023 674 3078 et
703 3014 777 3077 xxii
810 3014 946 3079 minuta.
994 3013 1062 3079 Sed
1093 3012 1258 3078 Arzachel
1289 3014 1401 3077 omisit

249 3117 349 3181 tertia
367 3117 547 3182 Ptolemaei
563 3130 597 3183 et
612 3128 729 3201 quarta
744 3128 779 3182 et
794 3120 920 3200 quinta,
935 3120 1013 3202 quia
1029 3120 1061 3182 in
1083 3118 1234 3182 maximo
1249 3128 1402 3199 tempore

250 3242 367 3305 parum
383 3223 577 3305 quantitatis
591 3222 762 3303 adjiciunt.

294 3325 407 3389 Posito
425 3346 504 3407 ergo
525 3326 616 3408 quod
637 3335 767 3408 tempus
789 3326 936 3408 aequalis
956 3325 1136 3390 lunationis
1157 3326 1200 3389 sit
1219 3325 1307 3387 xxix
1327 3324 1398 3388 dies
1412 3330 1467 3379 The
1483 3397 1488 3406 ⁶

249 3438 283 3492 et
307 3430 393 3491 xxxi
412 3429 540 3493 minuta
558 3438 592 3494 et
613 3428 623 3491 l
644 3431 797 3507 secunda,
820 3430 941 3494 accidit
958 3430 1050 3511 quod
1072 3430 1248 3492 minimum
1266 3437 1398 3510 tempus
1413 3398 1524 3525 232¹}

249 3533 409 3596 reducens
426 3532 568 3616 integras
583 3529 767 3597 lunationes
781 3534 824 3596 ad
842 3534 931 3597 idem
953 3534 1114 3615 temporis
1133 3532 1332 3615 principium
1348 3543 1400 3597 est
1412 3526 1491 3639 thsirty
1499 3543 1572 3641 ¹5⁰³ss

250 3658 325 3700 xxx
352 3636 428 3699 anni
450 3636 611 3710 Arabum,
631 3637 689 3717 qui
710 3637 880 3702 continent
904 3638 999 3701 ccclx
1023 3637 1209 3701 lunationes
1235 3601 1538 3719 integras3iiuiawreve

250 3753 283 3805 et
305 3742 453 3806 continet
475 3742 546 3805 dies
569 3742 678 3824 10,631
699 3743 853 3824 praecise.
900 3741 1068 3825 Quoniam
1091 3761 1166 3806 cum
1189 3762 1256 3806 una
1277 3740 1402 3805 lunatio
1414 3723 1552 3855 ffirlffbss

249 3847 292 3912 sit
315 3847 404 3910 xxix
426 3845 507 3923 dies
530 3857 563 3910 et
592 3848 679 3909 xxxi
703 3847 839 3922 minuta,
863 3846 929 3911 etl
960 3848 1113 3925 secunda,
1135 3847 1182 3909 xii
1214 3846 1402 3911 lunationes
1553 3828 1559 3840 ⁸

249 3971 334 4033 quae
349 3949 473 4015 iaciunt
489 3970 591 4015 unum
607 3971 731 4014 annum
746 3950 900 4014 Arabum
918 3962 952 4015 et
972 3970 1094 4015 annum
1115 3970 1219 4014 unum
1241 3948 1401 4027 lunarem,

248 4053 464 4119 continebunt
502 4054 604 4117 cccliv
638 4055 709 4118 dies
739 4064 774 4118 et
802 4056 875 4118 xxii
907 4056 1037 4119 minuta
1066 4056 1164 4119 unius
1202 4055 1276 4119 diei.
1333 4054 1402 4120 Sed

249 4157 351 4223 cccliv
371 4158 591 4242 multiplicata
618 4178 677 4239 per
697 4158 834 4241 triginta
854 4159 977 4223 iaciunt
1000 4159 1123 4238 1o,620,
1139 4168 1173 4223 et
1195 4160 1269 4223 xxii
1290 4159 1401 4222 multi·

249 4262 373 4345 plicata
400 4282 460 4343 per
486 4262 625 4346 triginta
651 4261 777 4327 faciunt
807 4264 843 4326 xi
873 4264 946 4326 dies
971 4263 1126 4346 integros,
1150 4263 1207 4347 qui
1237 4262 1402 4347 prioribus

249 4366 353 4430 additi
370 4366 492 4431 iaciunt
512 4367 635 4450 10‚631,
652 4367 847 4432 reducentes
863 4368 971 4450 primo
985 4368 1174 4433 lunationes
1188 4366 1343 4451 aequales
1358 4369 1400 4431 ad

249 4469 422 4535 consimile
443 4470 604 4554 temporis
626 4470 764 4535 initium.
812 4470 898 4536 Cum
924 4471 1027 4555 igitur
1049 4494 1124 4535 xxx
1146 4472 1225 4537 anni
1246 4471 1400 4534 Arabum

250 4577 316 4639 sint
343 4584 475 4656 tempus
506 4574 680 4638 minimum
704 4574 793 4658 quod
818 4576 946 4641 reducit
974 4577 1119 4659 integras
1150 4574 1336 4641 lunationes
1357 4577 1402 4638 ad

249 4676 421 4743 consimile
441 4680 602 4761 temporis
624 4678 765 4755 initium,
781 4699 849 4743 non
865 4687 916 4745 est
930 4680 1088 4762 possibile
1104 4690 1141 4744 ut
1156 4678 1247 4744 aliud
1266 4690 1402 4762 tempus
