3575 5375
391 623 448 680 192
612 606 769 665 OPERIS
793 606 981 676 MAJORIS
1006 607 1121 666 PARS
1146 608 1330 690 QUART4.

388 779 497 834 creata
512 768 544 832 in
560 769 751 833 maturitate
772 768 947 849 fructuum,
962 771 1053 852 quod
1074 790 1140 833 non
1160 772 1279 836 accidit
1299 791 1358 854 per
1379 781 1541 846 naturam,

387 874 500 937 dicunt
520 875 611 956 quod
633 874 698 937 hoc
718 874 779 937 fuit
801 896 845 938 ex
863 875 896 937 vi
920 874 1076 938 creatoris
1097 896 1164 939 non
1188 897 1232 938 ex
1248 877 1280 938 vi
1303 886 1449 951 naturae,
1465 895 1541 938 curn

388 989 501 1042 tamen
528 978 713 1061 adjungant
737 980 828 1060 quod
851 981 883 1041 in
907 979 1020 1044 multis
1047 980 1236 1061 regionibus
1263 979 1463 1045 australibus
1490 990 1542 1044 est

388 1092 476 1156 calor
497 1091 582 1154 veris
601 1092 707 1174 magis
727 1093 924 1155 conveniens
945 1113 1005 1175 pro
1027 1091 1187 1155 fructibus
1210 1093 1416 1157 maturandis
1437 1113 1539 1174 quam

388 1195 532 1259 aestatis.
579 1195 624 1258 Et
640 1216 706 1258 non
721 1195 829 1259 solum
846 1194 878 1258 in
890 1215 976 1274 vere,
987 1195 1045 1258 sed
1058 1196 1177 1258 iterum
1194 1197 1228 1259 in
1239 1206 1400 1260 autumno
1415 1198 1542 1260 habent

387 1299 511 1364 fructus
538 1311 673 1382 propter
703 1308 1002 1380 temperamentum
1025 1301 1224 1382 aequinoctii
1246 1302 1425 1383 utriusque.
1470 1300 1542 1364 Alii

387 1425 475 1483 vero,
491 1404 547 1485 qui
562 1405 605 1468 ad
621 1403 716 1488 plura
733 1403 919 1485 respiciunt,
934 1404 1058 1467 scilicet
1073 1406 1115 1467 ad
1137 1404 1281 1467 rationes
1297 1406 1483 1487 praedictas
1499 1406 1542 1468 de

388 1508 549 1590 principio
570 1508 647 1570 anni
667 1517 700 1570 et
722 1507 845 1586 mundi,
861 1507 1012 1571 efficaces
1033 1517 1067 1571 et
1087 1509 1278 1572 insolubiles
1299 1509 1345 1571 eis
1367 1510 1425 1591 qui
1450 1530 1542 1591 prae·

388 1612 512 1674 dictam
522 1612 710 1694 opinionem
724 1620 845 1688 tenent,
857 1612 994 1674 istorum
1006 1613 1190 1676 sententias
1202 1614 1352 1677 nituntur
1364 1615 1541 1696 reprobare

388 1736 448 1797 per
461 1717 532 1779 vias
548 1716 776 1779 astronomiae.
822 1716 913 1778 Nam
927 1715 1083 1798 allegant,
1099 1719 1189 1799 quod
1210 1719 1338 1800 antiqui
1359 1719 1541 1782 astronomi

389 1831 517 1904 ponunt
546 1821 741 1905 principium
773 1821 848 1884 anni
879 1821 1008 1884 circiter
1037 1822 1236 1904 principium
1263 1822 1429 1902 Octobris,
1456 1823 1541 1886 sicut

388 1934 481 2006 patet
500 1925 532 1988 in
554 1925 764 2007 expositione
782 1924 984 2002 tabularum,
997 1945 1083 2006 quae
1099 1924 1265 1990 Almanac
1278 1936 1447 1989 vocantur.
1495 1926 1541 1991 Et

388 2030 499 2094 dicunt
515 2030 604 2112 quod
622 2028 833 2093 Ptolemaeus
849 2029 973 2092 invenit
989 2029 1263 2094 certitudinaliter
1277 2050 1396 2114 augem
1412 2030 1491 2094 solis
1506 2031 1540 2094 in

389 2133 537 2197 Geminis
560 2145 710 2216 ternpore
733 2154 805 2196 suo.
852 2133 921 2198 Sed
944 2134 972 2197 si
995 2134 1027 2196 in
1048 2134 1209 2215 principio
1228 2135 1343 2198 suisset
1361 2137 1395 2198 in
1414 2135 1541 2212 Ariete,

388 2240 473 2301 sicut
489 2239 521 2302 in
536 2238 741 2302 exaltatione
757 2238 844 2317 solis,
854 2248 890 2300 ut
906 2238 938 2300 in
956 2239 1086 2303 decimo
1097 2240 1215 2322 quinto
1226 2241 1331 2323 gradu
1343 2241 1393 2302 vel
1409 2241 1541 2303 decimo

389 2364 485 2422 nono,
496 2344 528 2405 in
540 2344 658 2424 quibus
669 2344 802 2426 ponitur
811 2342 888 2406 solis
898 2341 1071 2420 exaltatio,
1081 2353 1345 2408 movereturaux
1358 2346 1540 2408 secundum

389 2457 517 2510 motum
549 2447 762 2530 planetarum,
786 2447 910 2511 scilicet
939 2450 1120 2512 secundum
1151 2447 1247 2532 signa
1270 2458 1385 2512 contra
1410 2458 1540 2512 motum

389 2552 485 2632 primi
508 2550 600 2616 coeli.
648 2551 716 2615 Sed
747 2552 810 2616 hoc
840 2571 906 2614 non
936 2561 1047 2632 potest
1073 2571 1154 2627 esse,
1177 2553 1256 2634 quia
1285 2562 1364 2616 tunc
1391 2552 1541 2634 regiones

388 2653 585 2720 habitabiles
600 2676 697 2739 super
712 2675 794 2737 quas
810 2665 860 2720 est
876 2677 944 2719 aux
960 2655 1076 2721 fierent
1091 2656 1324 2722 inhabitabiles
1340 2678 1398 2739 per
1413 2677 1542 2722 succes·

388 2778 462 2821 sum
479 2762 647 2843 temporis,
664 2762 798 2843 quando
814 2761 940 2825 scilicet
958 2761 1150 2844 oppositum
1169 2764 1263 2844 augis
1283 2763 1427 2826 eveniret
1442 2782 1541 2845 super

389 2882 465 2940 eas3
489 2872 522 2925 et
541 2884 559 2925 e
578 2865 741 2927 contrario
764 2863 997 2929 inhabitabiles
1021 2864 1137 2929 fierent
1160 2866 1359 2931 habitabiles
1379 2869 1470 2949 quod
1488 2876 1540 2931 est

389 2967 588 3030 absurdum:
612 2969 845 3051 propterquod
860 2979 989 3052 ponunt
999 2971 1089 3051 quod
1099 2990 1168 3032 aux
1179 2973 1540 3035 moveatursecundum

390 3081 519 3135 motum
542 3071 625 3135 coeli
650 3072 781 3149 stellati,
803 3093 868 3136 non
896 3094 1127 3155 quemcunque
1151 3074 1377 3156 imaginatum,
1400 3076 1458 3139 sed
1482 3095 1542 3158 per

390 3186 518 3240 motum
531 3176 686 3240 Indorum
703 3187 736 3241 et
747 3176 882 3249 Thebit‚
893 3176 1019 3242 scilicet
1031 3198 1090 3259 per
1105 3180 1301 3242 descensum
1317 3189 1350 3243 et
1366 3198 1541 3243 ascensum

389 3280 540 3364 polorum
557 3280 636 3362 ejus,
652 3282 703 3345 vel
725 3301 784 3363 per
804 3292 934 3345 motum
956 3284 1102 3365 capitum
1118 3280 1246 3346 Arietis
1266 3293 1300 3346 et
1317 3282 1439 3348 Librae
1457 3283 1541 3348 coeli

388 3385 510 3449 stellati
535 3386 566 3448 in
594 3406 698 3467 parvo
724 3386 848 3450 circulo
874 3387 961 3451 circa
987 3387 1095 3467 capita
1110 3386 1239 3451 Arietis
1259 3398 1294 3451 et
1316 3388 1438 3452 Librae
1461 3387 1541 3464 fixa,

388 3499 564 3571 quaesunt
580 3490 612 3553 in
628 3491 721 3555 coelo
737 3512 835 3554 nono.
880 3490 958 3574 Quo
974 3492 1108 3573 quidem
1132 3500 1225 3554 motu
1246 3493 1356 3574 capita
1374 3491 1490 3555 Cancri
1507 3501 1542 3554 et

390 3593 583 3675 Capricorni
599 3605 772 3658 moventur
784 3596 1029 3677 progrediendo
1040 3605 1075 3659 et
1088 3596 1306 3678 regrediendo
1321 3597 1354 3659 in
1369 3596 1542 3678 superficie

387 3698 559 3779 eclipticae
582 3699 707 3761 zodiaci
727 3698 905 3761 immobilis
928 3718 1015 3761 nunc
1038 3700 1081 3762 ad
1104 3700 1274 3774 orientem,
1292 3720 1377 3763 nunc
1392 3703 1436 3764 ad
1454 3700 1543 3764 occi-

388 3802 534 3878 dentem,
564 3802 647 3864 sicut
677 3812 816 3885 apparet
847 3824 891 3865 ex
926 3803 1162 3886 imaginatione
1192 3804 1326 3879 Thebit‚
1358 3806 1416 3886 qui
1445 3823 1544 3886 super

388 3924 488 3987 opera
505 3903 686 3967 Ptolemaei
701 3905 832 3968 addidit
843 3906 875 3969 in
887 3905 950 3970 hac
962 3916 1057 3989 parte
1068 3907 1169 3989 juxta
1179 3909 1361 3973 sententias
1372 3909 1543 3972 Indorum.

389 4006 445 4071 Sic
475 4009 564 4071 enim
594 4008 781 4090 assignatur
811 4021 922 4074 motus
952 4020 1090 4075 octavae
1119 4012 1289 4094 sphaerae.
1344 4012 1390 4075 Et
1416 4014 1450 4075 in
1479 4012 1543 4075 hoc

390 4110 551 4174 Arzachel
577 4112 609 4174 in
632 4112 753 4177 tabulis
776 4124 810 4177 et
833 4114 1013 4177 canonibus
1027 4117 1215 4195 concordat,
1231 4126 1265 4180 et
1280 4116 1488 4180 Albumazar
1509 4117 1543 4179 in

389 4216 474 4279 libro
496 4215 786 4297 Conjunctionum,
804 4229 838 4282 et
859 4238 975 4282 omnes
994 4221 1180 4283 astronomi
1202 4221 1250 4283 sic
1271 4224 1374 4285 modo
1395 4232 1542 4284 utuntur.

388 4317 457 4383 Sed
478 4331 512 4383 et
534 4321 581 4383 sic
603 4332 734 4405 ponunt
749 4342 870 4405 augem
888 4323 968 4386 solis
984 4324 1109 4387 moveri
1125 4325 1370 4406 progrediendo
1385 4333 1420 4389 et
1436 4344 1544 4406 regre-

387 4424 516 4501 diendo,
532 4434 565 4488 et
590 4424 635 4486 ita
653 4446 718 4489 non
743 4427 868 4491 recedit
890 4446 912 4489 a
934 4424 1148 4490 Geminorum
1172 4430 1276 4510 signo,
1292 4438 1429 4510 propter
1451 4428 1544 4509 quod

388 4548 454 4592 non
477 4528 570 4592 vadit
597 4530 630 4591 in
658 4530 794 4593 circuitu
818 4540 938 4609 terrae,
960 4541 998 4595 ut
1020 4534 1214 4615 oppositum
1243 4534 1340 4618 augis
1362 4532 1544 4615 aliquando

386 4632 557 4716 contingat
572 4642 677 4698 terras
692 4633 901 4699 habitabiles.
