3575 5375
598 647 861 707 LINGUARUM
885 647 1096 707 COGNITIO.
1384 647 1430 735 ⁶9.

270 808 360 891 quod
384 807 493 874 nullus
514 819 627 891 potest
649 831 707 875 eos
725 810 917 893 intelligere.
965 808 1031 874 Sed
1051 809 1192 892 quilibet
1212 808 1267 873 alii
1292 819 1423 875 contra·

270 913 361 990 dicit,
384 923 419 976 et
443 913 621 997 multiplex
645 916 807 998 reperitur
829 914 966 988 falsitas,
990 924 1026 978 ut
1049 924 1142 998 patet
1172 935 1216 977 ex
1247 914 1423 978 collatione

269 1016 475 1081 diversorum
491 1018 708 1101 interpretum
724 1030 759 1083 et
774 1026 931 1083 textuum
947 1018 1148 1082 diversarum
1167 1018 1361 1100 linguarum.

314 1121 360 1185 Et
372 1121 524 1186 similiter
536 1124 569 1185 in
581 1132 677 1186 textu
690 1143 783 1188 sacro
798 1123 1006 1186 inveniuntur
1017 1121 1108 1199 falsa,
1118 1131 1151 1185 et
1164 1123 1251 1187 male
1262 1120 1421 1187 translata

270 1225 521 1307 quamplurima.
567 1227 656 1290 Nam
674 1227 902 1309 Hieronymus
917 1227 1036 1309 probat
1052 1227 1301 1291 translationem
1319 1226 1418 1289 LXX

270 1328 485 1413 interpretum
516 1341 549 1395 et
580 1331 822 1395 Theodotionis
852 1341 887 1395 et
924 1330 1070 1413 Aquilae
1107 1329 1229 1395 multas
1265 1330 1420 1396 habuisse

270 1432 439 1511 falsitates,
462 1455 548 1516 quae
574 1433 706 1500 fuerunt
731 1436 888 1516 vulgatae
915 1456 974 1517 per
999 1444 1106 1500 totam
1134 1435 1328 1500 Ecclesiam.
1374 1435 1420 1500 Et

269 1557 384 1601 omnes
398 1539 533 1603 stabant
548 1542 696 1604 maxime
711 1561 771 1622 pro
788 1539 1005 1604 translatione
1026 1540 1137 1617 LXX,
1153 1541 1239 1605 sicut
1260 1560 1321 1624 pro
1341 1541 1421 1611 vita,

269 1652 304 1705 et
313 1645 529 1725 reputabatur
541 1644 770 1726 Hieronymus
783 1644 934 1709 falsarius
943 1655 977 1709 et
990 1655 1163 1728 corruptor
1174 1646 1419 1727 scripturarum,

269 1747 375 1810 donec
403 1748 561 1830 paulatim
592 1749 711 1813 claruit
740 1749 862 1812 veritas
894 1748 1063 1813 Hebraica
1086 1769 1145 1831 per
1166 1749 1274 1813 solum
1300 1748 1420 1813 Hiero-

270 1871 406 1933 nymum
441 1852 475 1914 in
508 1853 666 1917 Latinum
702 1872 869 1917 conversa.
923 1853 977 1917 Ne
1007 1864 1119 1917 tamen
1154 1853 1256 1917 nimia
1288 1852 1420 1917 novitae

268 1957 449 2019 deterreret
472 1956 619 2035 Latinos,
643 1958 725 2033 ideo,
745 1968 783 2022 ut
805 1958 877 2041 ipse
900 1958 1024 2034 scribit,
1042 1959 1227 2040 ,aliquando
1250 1957 1420 2039 coaptavit

268 2080 304 2123 se
331 2058 432 2123 LXX
456 2061 692 2143 interpretibus
719 2072 753 2125 et
779 2063 960 2145 aliquando
983 2062 1216 2137 Theodotioni,
1238 2061 1420 2143 aliquando

268 2162 423 2246 Aquilae.
445 2174 479 2227 et
502 2165 578 2229 ideo
600 2165 707 2229 multa
729 2167 867 2240 dimisit,
888 2177 923 2229 et
946 2176 1084 2248 propter
1106 2166 1169 2229 hoc
1193 2176 1420 2229 remanserunt

269 2268 365 2349 plura
378 2267 469 2332 falsa
515 2269 604 2333 Nam
625 2282 662 2334 ut
684 2268 897 2352 Augustinus
920 2268 1041 2351 probat
1060 2270 1103 2333 de
1123 2270 1275 2332 doctrina
1295 2268 1419 2332 Christi

269 2371 353 2436 libro
364 2373 511 2437 secundo
521 2372 608 2436 male
620 2373 816 2437 translatum
826 2376 977 2457 estquod
990 2373 1132 2437 habetur
1143 2374 1175 2435 in
1187 2372 1271 2437 libro
1282 2371 1420 2455 Sapien-

268 2477 344 2555 tiae,
353 2475 487 2559 ‘Spuria
496 2476 691 2541 vitulamina
703 2497 769 2540 non
782 2478 912 2542 dabunt
920 2478 1047 2541 radices
1059 2476 1164 2541 altas!
1195 2477 1283 2539 Nam
1297 2476 1420 2539 debent

268 2600 340 2644 esse
355 2580 487 2663 spuriae
507 2580 741 2664 plantationes,
757 2591 794 2645 ut
809 2581 1020 2664 Augustinus
1037 2581 1155 2663 probat
1172 2599 1230 2662 per
1246 2578 1419 2644 Graecum.

269 2684 315 2748 Et
332 2696 445 2749 tamen
466 2684 695 2766 Hieronymus
711 2684 838 2750 dimisit
857 2685 931 2758 hoc,
947 2685 1032 2750 sieut
1056 2684 1130 2760 alia,
1146 2696 1281 2768 propter
1301 2705 1417 2766 pacem

269 2789 438 2854 Ecclesiae
458 2800 492 2854 et
514 2791 696 2855 doctorum.
741 2791 858 2874 Atque
872 2791 976 2855 scitur
991 2790 1175 2864 manifeste,
1191 2791 1280 2872 quod
1299 2789 1419 2854 Hiero·

269 2913 390 2975 nymus
412 2894 594 2957 humanum
625 2893 750 2976 aliquid
782 2915 899 2978 passus
929 2894 1107 2977 aliquando
1138 2895 1172 2957 in
1206 2893 1420 2958 translatione

268 3018 328 3061 sua
362 2998 537 3076 oberravit,
558 3000 644 3063 sicut
667 3000 809 3082 ipsemet
838 2999 961 3082 pluries
983 2999 1167 3064 confitetur.
1213 2999 1301 3062 Nam
1329 2997 1419 3078 quod

267 3103 433 3166 decimum
454 3122 578 3166 nonum
598 3103 687 3166 male
706 3103 920 3168 transtulerat
941 3104 1057 3180 Isaiae,
1073 3102 1208 3167 resumit
1229 3102 1261 3164 in
1279 3099 1418 3184 saginali

268 3205 384 3288 quinto
404 3206 528 3280 dicens,
548 3207 600 3269 ‘in
624 3228 665 3271 eo
687 3228 754 3290 quo
772 3207 1001 3271 transtulimus
1024 3208 1249 3270 incurvantem
1269 3213 1302 3268 et
1325 3203 1419 3268 lasci·

267 3310 406 3373 utentem
429 3330 492 3372 nos
513 3321 623 3375 autem
646 3311 782 3374 verbum
805 3311 1010 3374 Hebraicum
1034 3331 1145 3374 aemon
1168 3309 1247 3372 dum
1271 3306 1420 3372 celeriter

266 3414 390 3497 scripto
412 3415 580 3485 vertimus,
596 3415 817 3498 ambiguitate
838 3415 968 3496 decepti
985 3415 1228 3495 refraenantem
1250 3407 1418 3476 diximus’

269 3517 315 3581 Et
337 3517 426 3581 aliud
450 3519 540 3600 quod
568 3518 601 3581 in
624 3519 743 3582 eodem
766 3519 912 3602 capitulo
936 3518 1022 3582 male
1045 3515 1258 3581 transtulerat
1281 3516 1419 3579 revolvit

268 3623 392 3700 dicens,
415 3622 558 3686 ‘Melius
585 3641 660 3686 reor
681 3624 850 3705 proprium
874 3643 1018 3686 errorem
1044 3621 1293 3703 reprehendere,
1315 3639 1417 3701 quam

266 3729 348 3790 durn
364 3726 521 3791 erubesco
536 3728 738 3809 imperitiam
754 3727 913 3802 confiteri,
929 3726 962 3790 in
981 3747 1090 3791 errore
1106 3726 1289 3808 persistere.
1322 3723 1361 3786 ln
1378 3743 1419 3787 eo

266 3831 583 3912 veroquotranstuli,
593 3835 612 3864 ·‘
622 3832 725 3896 eterit
733 3831 914 3915 terraJuda
923 3825 1377 3913 Aegyptoinfestivitatem,''
1385 3827 1417 3891 in

269 3933 436 3998 Hebraico
447 3934 567 4017 legitur
579 3956 674 4017 agga,
686 3938 776 4018 quod
787 3935 996 4019 interpretari
1009 3943 1120 4016 potest
1132 3934 1234 3998 etiam
1244 3931 1418 4010 festivitas,

268 4039 357 4102 unde
375 4059 481 4120 aggas
498 4041 531 4102 in
551 4039 707 4103 festivum
728 4040 875 4112 vertitur,
891 4051 927 4104 et
951 4040 1058 4116 timor,
1073 4039 1163 4120 quod
1180 4036 1419 4119 significantius

267 4141 393 4224 Aquila
423 4143 590 4207 transtulit
618 4145 761 4224 gnesin,
790 4163 867 4208 cum
904 4141 1024 4224 aliquis
1062 4141 1201 4225 pavidus
1231 4151 1266 4205 et
1299 4141 1420 4204 timens

267 4245 454 4311 circumfert
477 4248 602 4325 oculos,
624 4257 659 4312 et
689 4247 872 4312 adveniens
901 4246 1060 4311 formidat
1092 4246 1241 4322 initium;
1272 4264 1359 4327 erge,
1391 4245 1419 4307 si

267 4351 469 4416 voluerimus
485 4352 519 4414 in
534 4353 657 4416 bonam
669 4361 797 4434 partem
813 4352 961 4434 accipere
973 4351 1063 4433 quod
1076 4350 1260 4414 recordatio
1269 4347 1418 4428 Judaeae

267 4452 430 4541 Aegypto
459 4457 503 4518 sit
529 4457 641 4539 gaudii
671 4467 762 4522 recte
791 4455 953 4521 festivitas
986 4455 1126 4530 dicitur;
1156 4453 1207 4516 sin
1237 4461 1359 4528 autem,
1382 4461 1419 4514 ut

265 4609 423 4666 thirteenth;
438 4607 563 4669 although
576 4609 726 4660 sometimes
737 4610 782 4659 the
794 4609 889 4659 Arabio
901 4607 1052 4660 translation
1064 4621 1119 4656 was
1131 4607 1206 4656 made
1217 4605 1284 4654 from
1296 4620 1329 4654 an
1342 4604 1420 4653 inter·

267 4688 379 4737 mediate
390 4685 483 4749 Syme
494 4688 606 4737 version.
