3575 5375
365 631 425 710 238
588 633 743 692 OPERIS
767 632 956 703 MAJORIS
980 633 1095 692 PARS
1120 633 1306 706 QUARTA.

367 795 576 879 Augustinus
591 797 718 860 reducit
734 806 840 861 metra
855 807 889 862 et
905 796 1007 879 pedes
1022 807 1058 860 et
1072 795 1263 878 hujusmodi
1278 799 1323 862 ad
1341 792 1521 864 musicalia.

368 899 616 984 Horum'igitur
630 900 778 964 omniurn
795 910 996 983 potestatem
1013 901 1149 965 deberet
1165 900 1340 984 theologus
1355 901 1522 985 perfectus

365 1004 498 1084 habere,
516 1005 595 1088 quia
615 1005 647 1067 in
668 1023 764 1068 sensu
787 1001 905 1070 literali
925 1014 958 1067 et
977 1002 1140 1088 spirituali
1163 1003 1303 1069 istorum
1326 1016 1463 1070 naturae
1486 1014 1521 1070 et

366 1109 583 1193 proprietates
606 1109 824 1192 requiruntur,
847 1118 884 1172 ut
906 1110 1012 1173 sancti
1037 1108 1261 1191 multipliciter
1286 1110 1520 1174 determinant.

368 1213 497 1278 Musica
523 1233 601 1277 vero
628 1214 660 1276 in
688 1213 914 1277 instrumentis
940 1215 1139 1278 determinat
1165 1214 1442 1297 compositionem
1471 1215 1521 1277 in·

365 1326 623 1382 strumentorum
654 1327 687 1382 et
718 1337 824 1381 usum.
871 1317 917 1381 Et
950 1317 1026 1381 ideo
1055 1337 1132 1382 cum
1165 1319 1328 1400 scriptura
1353 1320 1396 1383 sit
1422 1319 1521 1402 plena

365 1421 557 1504 hujusmodi
583 1423 818 1494 instrumentis,
846 1431 980 1504 oportet
1005 1422 1199 1504 theologum
1227 1424 1408 1506 perfectum
1437 1424 1521 1488 scire

365 1525 485 1590 saltem
509 1528 541 1590 in
565 1526 741 1591 universali
763 1527 1023 1610 compositiones
1052 1527 1354 1605 instrumentorum,
1377 1537 1411 1591 et
1437 1529 1521 1592 scire

366 1633 537 1714 quomodo
564 1653 640 1695 usus
666 1651 778 1695 eorum
807 1631 932 1695 habeat
958 1629 1028 1695 fieri
1058 1641 1194 1715 propter
1218 1651 1333 1695 sensus
1359 1632 1521 1713 mysticos

367 1733 511 1799 infinitos
527 1745 656 1818 praeter
671 1735 825 1799 literales.
858 1735 988 1799 Musica
1002 1755 1081 1799 vero
1096 1737 1277 1800 consistens
1293 1735 1379 1800 circa
1393 1735 1522 1800 visibile

367 1841 550 1903 necessaria
580 1851 649 1915 est3
678 1851 712 1904 et
742 1841 832 1923 quod
863 1841 907 1903 sit
940 1837 1024 1915 talis,
1056 1848 1149 1922 patet
1180 1861 1224 1904 ex
1254 1839 1339 1904 libro
1369 1841 1413 1904 de
1444 1851 1519 1904 ortu

367 1935 588 2008 scientiarum.
636 1943 723 2009 Nam
740 1944 898 2027 quicquid
920 1954 1031 2028 potest
1049 1943 1249 2008 conformari
1269 1964 1352 2007 sono
1375 1945 1521 2008 motibus

366 2048 592 2112 consimilibus
607 2060 642 2113 et
657 2047 909 2131 figurationibus
922 2049 1199 2130 competentibus,
1214 2059 1251 2113 ut
1267 2047 1325 2120 fiat
1341 2048 1521 2113 delectatio

366 2153 466 2237 plena
485 2173 551 2217 non
568 2153 675 2216 solum
696 2151 862 2216 audiendo
881 2152 940 2218 sed
955 2153 1110 2232 videndo,
1124 2153 1268 2234 pertinet
1283 2154 1327 2216 ad
1349 2152 1519 2216 musicam.

367 2257 413 2320 Et
437 2258 512 2321 ideo
538 2257 761 2322 exultationes
787 2265 822 2321 et
848 2276 963 2320 omnes
988 2255 1097 2321 flexus
1121 2277 1296 2339 corporum
1322 2257 1366 2321 ad
1388 2267 1520 2340 gestum

366 2363 575 2440 reducuntur,
597 2364 654 2444 qui
680 2371 731 2426 est
758 2381 823 2426 una
850 2355 947 2425 radix
975 2360 1128 2440 musicae,
1150 2363 1307 2444 quoniam
1334 2362 1416 2426 haec
1442 2381 1521 2425 con·

366 2465 527 2531 formatur
542 2487 626 2530 sono
642 2467 788 2530 motibus
804 2465 1030 2530 consimilibus
1045 2477 1079 2530 et
1098 2466 1417 2550 configurationibus
1430 2487 1520 2531 com·

366 2571 568 2653 petentibus,
584 2581 621 2633 ut
640 2570 713 2634 vult
735 2580 851 2634 auctor
871 2570 945 2634 libri
966 2569 1115 2652 praefati.
1162 2571 1209 2636 Et
1227 2571 1302 2636 ideo
1320 2570 1522 2635 Aristoteles

365 2675 447 2740 dicit
473 2675 617 2758 septimo
643 2674 896 2758 Metaphysicae
922 2675 1011 2758 quod
1039 2696 1095 2739 ars
1114 2673 1258 2740 saltandi
1283 2696 1351 2740 non
1372 2675 1465 2739 vadit
1488 2675 1521 2739 in

364 2778 464 2844 finem
480 2799 576 2843 suurn
592 2780 662 2842 sine
676 2778 740 2843 alia
755 2789 836 2854 arte,
852 2788 886 2843 et
902 2778 968 2845 hoc
981 2791 1031 2844 est
1047 2778 1118 2845 sine
1132 2780 1235 2845 altera
1250 2781 1360 2862 specie
1376 2781 1522 2844 musicae

364 2884 417 2947 cui
442 2904 495 2947 ars
517 2882 660 2963 saltandi
683 2882 917 2965 configuratur.
964 2884 1201 2950 Exultationes
1224 2886 1324 2967 igitur
1346 2895 1380 2948 et
1402 2884 1521 2949 caeteri

365 2987 473 3051 flexus
502 3006 689 3070 corporum,
719 3007 804 3069 quos
839 2997 874 3051 et
908 3007 992 3068 quas
1032 2998 1250 3053 exercuerunt
1288 2988 1395 3053 Maria
1428 3008 1522 3053 soror

365 3090 486 3173 Moysi,
509 3102 542 3155 et
570 3091 718 3155 Delbora
744 3100 779 3154 et
807 3091 892 3155 aliae
918 3094 1125 3167 cantatrices,
1147 3104 1181 3157 et
1205 3093 1316 3158 David
1338 3104 1373 3157 et
1399 3094 1521 3157 caeteri

364 3207 516 3261 cantores
551 3197 594 3259 de
629 3196 750 3278 quibus
783 3197 946 3278 scriptura
977 3196 1204 3280 multipliciter
1233 3206 1365 3269 tractat,
1396 3198 1522 3261 debent

364 3301 485 3366 sciria
512 3298 689 3383 theologis,
716 3310 752 3364 ut
782 3320 900 3364 omnes
930 3301 1150 3383 proprietates
1180 3321 1297 3365 eorum
1324 3302 1432 3366 sciant
1460 3320 1520 3364 ex-

365 3406 515 3488 primere,
549 3416 713 3489 quatenus
751 3426 866 3469 sensus
904 3404 1092 3488 spirituales
1129 3405 1298 3488 angelicae
1334 3405 1521 3471 devotionis

365 3521 525 3575 eructent.
572 3510 619 3576 Et
652 3510 803 3593 quamvis
833 3506 880 3573 sic
909 3518 1069 3592 appareat
1098 3512 1179 3574 satis
1211 3520 1248 3574 ut
1275 3529 1361 3573 nunc
1386 3519 1521 3592 oportet

365 3614 456 3696 quod
482 3615 566 3678 istae
592 3615 747 3679 scientiae
770 3615 834 3678 sint
865 3614 1069 3678 necessariae
1099 3622 1249 3698 respectu
1273 3613 1461 3697 theologiae
1485 3623 1523 3677 et

365 3716 602 3802 philosophiae,
637 3729 749 3782 tamen
787 3717 886 3802 longe
919 3717 1026 3799 major
1054 3728 1105 3783 est
1138 3739 1251 3782 earum
1281 3719 1407 3783 utilitas
1442 3738 1521 3782 con-

366 3822 541 3886 sideranda
564 3842 622 3905 per
636 3822 717 3885 alias
733 3822 804 3885 vias
827 3822 1022 3904 magnificas
1037 3843 1123 3905 quae
1145 3824 1314 3906 pertinent
1328 3824 1371 3887 ad
1389 3824 1520 3906 sapien-

365 3926 448 3989 tiam
475 3946 541 3990 non
564 3927 673 3989 solum
701 3926 860 4001 absolute,
885 3927 944 3990 sed
972 3938 1009 3990 ut
1031 3926 1104 4009 ipsa
1126 3926 1227 3991 debet
1253 3926 1425 3991 ecclesiam
1455 3927 1520 3990 Dei

366 4045 489 4112 regere,
509 4042 542 4095 et
562 4042 692 4095 caetera
712 4031 775 4095 tria
794 4030 995 4113 aliquotiens
1013 4040 1104 4095 tacta
1126 4051 1314 4114 procurare,
1332 4040 1369 4094 ut
1386 4031 1521 4096 inferius

367 4144 533 4217 tangetur.

197 4348 349 4461 qisnnenon
411 4344 628 4411 Manifestato
650 4348 822 4430 quomodo
846 4347 1081 4412 mathematica
1108 4347 1292 4413 necessaria
1316 4357 1368 4410 est
1390 4347 1522 4431 sapien-

195 4414 326 4528 ssaffih*
365 4448 432 4513 tiae
447 4460 516 4514 tarn
532 4452 664 4515 divinae
684 4471 786 4534 quam
802 4452 977 4526 humanae,
996 4451 1106 4517 adhuc
1128 4472 1262 4516 necesse
1284 4461 1335 4516 est
1358 4454 1402 4517 ad
1425 4454 1521 4516 certi-

198 4544 261 4591 f¹⁰¹¹¹
366 4550 553 4616 ficationem
582 4556 864 4638 praecedentium,
892 4564 930 4617 ut
959 4567 1161 4620 evacuentur
1188 4558 1357 4639 quaedam
1386 4555 1521 4619 cavilla·

197 4624 286 4673 magro.
364 4656 472 4720 tiones
488 4657 520 4720 in
536 4659 735 4722 contrarium
752 4668 786 4723 et
800 4668 1013 4741 exponantur
1028 4662 1193 4742 quaedam
1209 4660 1300 4724 dicta
1318 4669 1521 4737 sanctorum,
