<?xml version="1.0" encoding="UTF-8"?>
<!DOCTYPE html PUBLIC "-//W3C//DTD XHTML 1.0 Transitional//EN"
    "http://www.w3.org/TR/xhtml1/DTD/xhtml1-transitional.dtd">
<html xmlns="http://www.w3.org/1999/xhtml" xml:lang="en" lang="en">
 <head>
  <title>
</title>
<meta http-equiv="Content-Type" content="text/html;charset=utf-8" />
  <meta name='ocr-system' content='tesseract 3.04.00' />
  <meta name='ocr-capabilities' content='ocr_page ocr_carea ocr_par ocr_line ocrx_word'/>
</head>
<body>
  <div class='ocr_page' id='page_1' title='image "./opusmajusrogerb01bridgoog/opusmajusrogerb01bridgoog_0574.png"; bbox 0 0 3575 5375; ppageno 0'>
   <div class='ocr_carea' id='block_1_1' title="bbox 729 619 1449 705">
    <p class='ocr_par' dir='ltr' id='par_1_1' title="bbox 729 619 1449 705">
     <span class='ocr_line' id='line_1_1' title="bbox 729 619 1449 705; baseline -0.004 -23"><span class='ocrx_word' id='word_1_1' title='bbox 729 619 1018 683; x_wconf 74' lang='lat' dir='ltr'>oaocrrnprrm.</span> <span class='ocrx_word' id='word_1_2' title='bbox 1339 674 1343 679; x_wconf 86' lang='lat'>.</span> <span class='ocrx_word' id='word_1_3' title='bbox 1388 622 1449 705; x_wconf 76' lang='lat'>375·</span> 
     </span>
    </p>
   </div>
   <div class='ocr_carea' id='block_1_2' title="bbox 295 781 1450 2010">
    <p class='ocr_par' dir='ltr' id='par_1_2' title="bbox 295 781 1450 2010">
     <span class='ocr_line' id='line_1_2' title="bbox 297 781 1450 865; baseline 0.002 -17"><span class='ocrx_word' id='word_1_4' title='bbox 297 781 484 849; x_wconf 89' lang='lat' dir='ltr'>Sclavonia.</span> <span class='ocrx_word' id='word_1_5' title='bbox 528 783 601 850; x_wconf 91' lang='lat' dir='ltr'>Sub</span> <span class='ocrx_word' id='word_1_6' title='bbox 617 783 756 849; x_wconf 92' lang='lat' dir='ltr'>Boeotia</span> <span class='ocrx_word' id='word_1_7' title='bbox 775 793 826 849; x_wconf 86' lang='lat' dir='ltr'>est</span> <span class='ocrx_word' id='word_1_8' title='bbox 842 784 959 850; x_wconf 91' lang='lat' dir='ltr'>Attica</span> <span class='ocrx_word' id='word_1_9' title='bbox 974 785 1065 851; x_wconf 91' lang='lat' dir='ltr'>dicta</span> <span class='ocrx_word' id='word_1_10' title='bbox 1082 785 1126 849; x_wconf 91' lang='lat' dir='ltr'>ab</span> <span class='ocrx_word' id='word_1_11' title='bbox 1141 783 1287 852; x_wconf 80' lang='lat' dir='ltr'><strong>Athenis</strong></span> <span class='ocrx_word' id='word_1_12' title='bbox 1307 785 1450 865; x_wconf 88' lang='lat' dir='ltr'>civitate,</span> 
     </span>
     <span class='ocr_line' id='line_1_3' title="bbox 295 887 1449 973; baseline 0.005 -23"><span class='ocrx_word' id='word_1_13' title='bbox 295 907 382 969; x_wconf 88' lang='lat' dir='ltr'>quae</span> <span class='ocrx_word' id='word_1_14' title='bbox 405 899 456 952; x_wconf 92' lang='lat' dir='ltr'>est</span> <span class='ocrx_word' id='word_1_15' title='bbox 485 889 597 953; x_wconf 85' lang='lat' dir='ltr'>nutrix</span> <span class='ocrx_word' id='word_1_16' title='bbox 628 887 913 973; x_wconf 89' lang='lat' dir='ltr'>philosophorum,</span> <span class='ocrx_word' id='word_1_17' title='bbox 939 890 998 955; x_wconf 90' lang='lat' dir='ltr'>ubi</span> <span class='ocrx_word' id='word_1_18' title='bbox 1029 889 1185 956; x_wconf 82' lang='lat' dir='ltr'>Socrates</span> <span class='ocrx_word' id='word_1_19' title='bbox 1217 900 1251 955; x_wconf 93' lang='lat' dir='ltr'>et</span> <span class='ocrx_word' id='word_1_20' title='bbox 1285 891 1382 957; x_wconf 92' lang='lat' dir='ltr'>Plato</span> <span class='ocrx_word' id='word_1_21' title='bbox 1414 903 1449 956; x_wconf 91' lang='lat' dir='ltr'>et</span> 
     </span>
     <span class='ocr_line' id='line_1_4' title="bbox 295 990 1449 1061; baseline 0.005 -7"><span class='ocrx_word' id='word_1_22' title='bbox 295 990 495 1056; x_wconf 87' lang='lat' dir='ltr'>Aristoteles</span> <span class='ocrx_word' id='word_1_23' title='bbox 515 1003 550 1058; x_wconf 89' lang='lat' dir='ltr'>et</span> <span class='ocrx_word' id='word_1_24' title='bbox 569 993 689 1056; x_wconf 88' lang='lat' dir='ltr'>caeteri</span> <span class='ocrx_word' id='word_1_25' title='bbox 711 990 827 1058; x_wconf 82' lang='lat' dir='ltr'>famosi</span> <span class='ocrx_word' id='word_1_26' title='bbox 850 995 1044 1060; x_wconf 81' lang='lat' dir='ltr'>docuerunt</span> <span class='ocrx_word' id='word_1_27' title='bbox 1090 995 1136 1061; x_wconf 89' lang='lat' dir='ltr'>Et</span> <span class='ocrx_word' id='word_1_28' title='bbox 1158 995 1241 1060; x_wconf 90' lang='lat' dir='ltr'>haec</span> <span class='ocrx_word' id='word_1_29' title='bbox 1263 1004 1313 1059; x_wconf 90' lang='lat' dir='ltr'>est</span> <span class='ocrx_word' id='word_1_30' title='bbox 1332 995 1449 1061; x_wconf 88' lang='lat' dir='ltr'>Attica</span> 
     </span>
     <span class='ocr_line' id='line_1_5' title="bbox 297 1094 1450 1182; baseline 0.006 -25"><span class='ocrx_word' id='word_1_31' title='bbox 297 1115 373 1179; x_wconf 89' lang='lat' dir='ltr'>pars</span> <span class='ocrx_word' id='word_1_32' title='bbox 408 1094 575 1161; x_wconf 83' lang='lat' dir='ltr'>Arcadiae</span> <span class='ocrx_word' id='word_1_33' title='bbox 607 1097 787 1161; x_wconf 89' lang='lat' dir='ltr'>secundum</span> <span class='ocrx_word' id='word_1_34' title='bbox 818 1098 977 1164; x_wconf 88' lang='lat' dir='ltr'>Ethicum</span> <span class='ocrx_word' id='word_1_35' title='bbox 1006 1097 1252 1182; x_wconf 89' lang='lat' dir='ltr'>philosophum,</span> <span class='ocrx_word' id='word_1_36' title='bbox 1284 1120 1369 1181; x_wconf 89' lang='lat' dir='ltr'>quae</span> <span class='ocrx_word' id='word_1_37' title='bbox 1398 1110 1450 1164; x_wconf 90' lang='lat' dir='ltr'>est</span> 
     </span>
     <span class='ocr_line' id='line_1_6' title="bbox 296 1199 1450 1286; baseline 0.004 -25"><span class='ocrx_word' id='word_1_38' title='bbox 296 1199 515 1264; x_wconf 87' lang='lat' dir='ltr'>illustrissima</span> <span class='ocrx_word' id='word_1_39' title='bbox 529 1201 697 1282; x_wconf 90' lang='lat' dir='ltr'>provincia</span> <span class='ocrx_word' id='word_1_40' title='bbox 712 1222 780 1267; x_wconf 87' lang='lat' dir='ltr'>non</span> <span class='ocrx_word' id='word_1_41' title='bbox 794 1202 903 1267; x_wconf 91' lang='lat' dir='ltr'>solum</span> <span class='ocrx_word' id='word_1_42' title='bbox 915 1213 1053 1286; x_wconf 88' lang='lat' dir='ltr'>propter</span> <span class='ocrx_word' id='word_1_43' title='bbox 1063 1200 1228 1279; x_wconf 86' lang='lat' dir='ltr'>Athenas,</span> <span class='ocrx_word' id='word_1_44' title='bbox 1239 1221 1341 1285; x_wconf 89' lang='lat' dir='ltr'>quam</span> <span class='ocrx_word' id='word_1_45' title='bbox 1352 1211 1450 1268; x_wconf 92' lang='lat' dir='ltr'>vocat</span> 
     </span>
     <span class='ocr_line' id='line_1_7' title="bbox 297 1303 1450 1390; baseline 0.003 -24"><span class='ocrx_word' id='word_1_46' title='bbox 297 1303 437 1369; x_wconf 89' lang='lat' dir='ltr'>Ethicus</span> <span class='ocrx_word' id='word_1_47' title='bbox 453 1304 645 1368; x_wconf 89' lang='lat' dir='ltr'>umbilicum</span> <span class='ocrx_word' id='word_1_48' title='bbox 661 1303 829 1380; x_wconf 85' lang='lat' dir='ltr'>Graeciae,</span> <span class='ocrx_word' id='word_1_49' title='bbox 844 1307 904 1371; x_wconf 92' lang='lat' dir='ltr'>sed</span> <span class='ocrx_word' id='word_1_50' title='bbox 920 1318 1058 1390; x_wconf 86' lang='lat' dir='ltr'>propter</span> <span class='ocrx_word' id='word_1_51' title='bbox 1069 1307 1252 1390; x_wconf 86' lang='lat' dir='ltr'>potentiam</span> <span class='ocrx_word' id='word_1_52' title='bbox 1265 1306 1450 1371; x_wconf 89' lang='lat' dir='ltr'>militarem.</span> 
     </span>
     <span class='ocr_line' id='line_1_8' title="bbox 296 1407 1449 1494; baseline 0.002 -23"><span class='ocrx_word' id='word_1_53' title='bbox 296 1409 384 1471; x_wconf 90' lang='lat' dir='ltr'>Nam</span> <span class='ocrx_word' id='word_1_54' title='bbox 405 1409 487 1473; x_wconf 89' lang='lat' dir='ltr'>haec</span> <span class='ocrx_word' id='word_1_55' title='bbox 505 1429 525 1472; x_wconf 90' lang='lat' dir='ltr'>a</span> <span class='ocrx_word' id='word_1_56' title='bbox 541 1407 705 1490; x_wconf 91' lang='lat' dir='ltr'>Scycione</span> <span class='ocrx_word' id='word_1_57' title='bbox 723 1430 799 1494; x_wconf 85' lang='lat' dir='ltr'>rege</span> <span class='ocrx_word' id='word_1_58' title='bbox 817 1411 992 1475; x_wconf 89' lang='lat' dir='ltr'>dicebatur</span> <span class='ocrx_word' id='word_1_59' title='bbox 1006 1410 1190 1494; x_wconf 81' lang='lat' dir='ltr'>Scycionia</span> <span class='ocrx_word' id='word_1_60' title='bbox 1207 1411 1296 1475; x_wconf 91' lang='lat' dir='ltr'>unde</span> <span class='ocrx_word' id='word_1_61' title='bbox 1311 1430 1449 1494; x_wconf 87' lang='lat' dir='ltr'>regnum</span> 
     </span>
     <span class='ocr_line' id='line_1_9' title="bbox 296 1511 1449 1599; baseline 0.002 -23"><span class='ocrx_word' id='word_1_62' title='bbox 296 1511 546 1594; x_wconf 90' lang='lat' dir='ltr'>Scycioniorum</span> <span class='ocrx_word' id='word_1_63' title='bbox 570 1513 700 1595; x_wconf 87' lang='lat' dir='ltr'>dicitur,</span> <span class='ocrx_word' id='word_1_64' title='bbox 723 1533 826 1578; x_wconf 92' lang='lat' dir='ltr'>unum</span> <span class='ocrx_word' id='word_1_65' title='bbox 848 1515 892 1579; x_wconf 91' lang='lat' dir='ltr'>de</span> <span class='ocrx_word' id='word_1_66' title='bbox 914 1525 1058 1598; x_wconf 89' lang='lat' dir='ltr'>quatuor</span> <span class='ocrx_word' id='word_1_67' title='bbox 1081 1513 1318 1599; x_wconf 87' lang='lat' dir='ltr'>principalibus</span> <span class='ocrx_word' id='word_1_68' title='bbox 1340 1515 1449 1596; x_wconf 86' lang='lat' dir='ltr'>regnis</span> 
     </span>
     <span class='ocr_line' id='line_1_10' title="bbox 295 1616 1450 1702; baseline 0.003 -24"><span class='ocrx_word' id='word_1_69' title='bbox 295 1616 409 1679; x_wconf 92' lang='lat' dir='ltr'>mundi</span> <span class='ocrx_word' id='word_1_70' title='bbox 431 1636 518 1698; x_wconf 89' lang='lat' dir='ltr'>quae</span> <span class='ocrx_word' id='word_1_71' title='bbox 541 1617 672 1681; x_wconf 88' lang='lat' dir='ltr'>suerunt</span> <span class='ocrx_word' id='word_1_72' title='bbox 697 1638 717 1681; x_wconf 88' lang='lat' dir='ltr'>a</span> <span class='ocrx_word' id='word_1_73' title='bbox 740 1618 912 1702; x_wconf 90' lang='lat' dir='ltr'>principio,</span> <span class='ocrx_word' id='word_1_74' title='bbox 933 1620 1060 1685; x_wconf 88' lang='lat' dir='ltr'>scilicet</span> <span class='ocrx_word' id='word_1_75' title='bbox 1083 1639 1219 1702; x_wconf 87' lang='lat' dir='ltr'>regnum</span> <span class='ocrx_word' id='word_1_76' title='bbox 1250 1618 1450 1701; x_wconf 84' lang='lat' dir='ltr'>Scytharum</span> 
     </span>
     <span class='ocr_line' id='line_1_11' title="bbox 295 1719 1450 1807; baseline 0.005 -26"><span class='ocrx_word' id='word_1_77' title='bbox 295 1719 358 1782; x_wconf 90' lang='lat' dir='ltr'>sub</span> <span class='ocrx_word' id='word_1_78' title='bbox 379 1719 451 1783; x_wconf 88' lang='lat' dir='ltr'>Reu</span> <span class='ocrx_word' id='word_1_79' title='bbox 472 1731 573 1786; x_wconf 90' lang='lat' dir='ltr'>atavo</span> <span class='ocrx_word' id='word_1_80' title='bbox 592 1720 752 1786; x_wconf 88' lang='lat' dir='ltr'>Abrahae</span> <span class='ocrx_word' id='word_1_81' title='bbox 771 1732 945 1800; x_wconf 87' lang='lat' dir='ltr'>exortum;</span> <span class='ocrx_word' id='word_1_82' title='bbox 968 1734 1002 1787; x_wconf 90' lang='lat' dir='ltr'>et</span> <span class='ocrx_word' id='word_1_83' title='bbox 1035 1743 1172 1807; x_wconf 86' lang='lat' dir='ltr'>regnum</span> <span class='ocrx_word' id='word_1_84' title='bbox 1203 1722 1450 1806; x_wconf 85' lang='lat' dir='ltr'>Aegyptiorum</span> 
     </span>
     <span class='ocr_line' id='line_1_12' title="bbox 295 1823 1449 1910; baseline 0.003 -25"><span class='ocrx_word' id='word_1_85' title='bbox 295 1823 359 1887; x_wconf 91' lang='lat' dir='ltr'>sub</span> <span class='ocrx_word' id='word_1_86' title='bbox 395 1823 521 1890; x_wconf 86' lang='lat' dir='ltr'>Seruch</span> <span class='ocrx_word' id='word_1_87' title='bbox 557 1846 681 1910; x_wconf 89' lang='lat' dir='ltr'>proavo</span> <span class='ocrx_word' id='word_1_88' title='bbox 713 1825 891 1891; x_wconf 89' lang='lat' dir='ltr'>Abrahae:</span> <span class='ocrx_word' id='word_1_89' title='bbox 924 1836 958 1890; x_wconf 90' lang='lat' dir='ltr'>et</span> <span class='ocrx_word' id='word_1_90' title='bbox 989 1847 1128 1910; x_wconf 83' lang='lat' dir='ltr'>regnum</span> <span class='ocrx_word' id='word_1_91' title='bbox 1157 1824 1387 1910; x_wconf 84' lang='lat' dir='ltr'>Assyriorum,</span> <span class='ocrx_word' id='word_1_92' title='bbox 1416 1835 1449 1889; x_wconf 92' lang='lat' dir='ltr'>et</span> 
     </span>
     <span class='ocr_line' id='line_1_13' title="bbox 297 1926 1450 2010; baseline 0.003 -20"><span class='ocrx_word' id='word_1_93' title='bbox 297 1926 547 2009; x_wconf 91' lang='lat' dir='ltr'>Scycioniorum</span> <span class='ocrx_word' id='word_1_94' title='bbox 573 1931 636 1994; x_wconf 91' lang='lat' dir='ltr'>sub</span> <span class='ocrx_word' id='word_1_95' title='bbox 660 1930 796 1994; x_wconf 93' lang='lat' dir='ltr'>Nachor</span> <span class='ocrx_word' id='word_1_96' title='bbox 819 1951 883 1994; x_wconf 88' lang='lat' dir='ltr'>avo</span> <span class='ocrx_word' id='word_1_97' title='bbox 908 1929 1087 2010; x_wconf 87' lang='lat' dir='ltr'>Abrahae;</span> <span class='ocrx_word' id='word_1_98' title='bbox 1113 1932 1198 1995; x_wconf 89' lang='lat' dir='ltr'>sicut</span> <span class='ocrx_word' id='word_1_99' title='bbox 1221 1931 1334 1995; x_wconf 87' lang='lat' dir='ltr'>scribit</span> <span class='ocrx_word' id='word_1_100' title='bbox 1358 1930 1450 1993; x_wconf 91' lang='lat' dir='ltr'>Beda</span> 
     </span>
    </p>
   </div>
   <div class='ocr_carea' id='block_1_3' title="bbox 294 2029 1451 2638">
    <p class='ocr_par' dir='ltr' id='par_1_3' title="bbox 294 2029 1451 2638">
     <span class='ocr_line' id='line_1_14' title="bbox 294 2029 1451 2117; baseline 0.003 -24"><span class='ocrx_word' id='word_1_101' title='bbox 294 2029 380 2094; x_wconf 93' lang='lat' dir='ltr'>libro</span> <span class='ocrx_word' id='word_1_102' title='bbox 406 2032 631 2116; x_wconf 84' lang='lat' dir='ltr'>Temporum3</span> <span class='ocrx_word' id='word_1_103' title='bbox 656 2041 690 2097; x_wconf 92' lang='lat' dir='ltr'>et</span> <span class='ocrx_word' id='word_1_104' title='bbox 712 2033 777 2097; x_wconf 92' lang='lat' dir='ltr'>hoc</span> <span class='ocrx_word' id='word_1_105' title='bbox 800 2043 850 2098; x_wconf 92' lang='lat' dir='ltr'>est</span> <span class='ocrx_word' id='word_1_106' title='bbox 873 2053 1012 2117; x_wconf 84' lang='lat' dir='ltr'>regnum</span> <span class='ocrx_word' id='word_1_107' title='bbox 1035 2033 1247 2097; x_wconf 90' lang='lat' dir='ltr'>Graecorum.</span> <span class='ocrx_word' id='word_1_108' title='bbox 1291 2034 1391 2111; x_wconf 90' lang='lat' dir='ltr'>Nam,</span> <span class='ocrx_word' id='word_1_109' title='bbox 1414 2043 1451 2097; x_wconf 90' lang='lat' dir='ltr'>ut</span> 
     </span>
     <span class='ocr_line' id='line_1_15' title="bbox 294 2133 1451 2221; baseline 0.002 -23"><span class='ocrx_word' id='word_1_110' title='bbox 294 2133 344 2200; x_wconf 89' lang='lat' dir='ltr'>ait</span> <span class='ocrx_word' id='word_1_111' title='bbox 374 2136 522 2216; x_wconf 88' lang='lat' dir='ltr'>Ethicus,</span> <span class='ocrx_word' id='word_1_112' title='bbox 551 2147 625 2200; x_wconf 90' lang='lat' dir='ltr'>tota</span> <span class='ocrx_word' id='word_1_113' title='bbox 649 2135 788 2201; x_wconf 84' lang='lat' dir='ltr'>Graecia</span> <span class='ocrx_word' id='word_1_114' title='bbox 818 2136 1018 2221; x_wconf 89' lang='lat' dir='ltr'>conspiravit</span> <span class='ocrx_word' id='word_1_115' title='bbox 1042 2138 1075 2200; x_wconf 90' lang='lat' dir='ltr'>in</span> <span class='ocrx_word' id='word_1_116' title='bbox 1105 2158 1225 2201; x_wconf 89' lang='lat' dir='ltr'>nomen</span> <span class='ocrx_word' id='word_1_117' title='bbox 1253 2137 1451 2219; x_wconf 89' lang='lat' dir='ltr'>Scycioniae</span> 
     </span>
     <span class='ocr_line' id='line_1_16' title="bbox 295 2239 1451 2327; baseline 0.003 -25"><span class='ocrx_word' id='word_1_118' title='bbox 295 2239 451 2320; x_wconf 91' lang='lat' dir='ltr'>quoniam</span> <span class='ocrx_word' id='word_1_119' title='bbox 467 2260 604 2322; x_wconf 89' lang='lat' dir='ltr'>regnum</span> <span class='ocrx_word' id='word_1_120' title='bbox 622 2239 824 2305; x_wconf 90' lang='lat' dir='ltr'>Graecorum</span> <span class='ocrx_word' id='word_1_121' title='bbox 841 2242 1013 2306; x_wconf 84' lang='lat' dir='ltr'>dicebatur</span> <span class='ocrx_word' id='word_1_122' title='bbox 1034 2261 1174 2327; x_wconf 86' lang='lat' dir='ltr'>regnum</span> <span class='ocrx_word' id='word_1_123' title='bbox 1191 2240 1451 2323; x_wconf 86' lang='lat' dir='ltr'>Scycioniorum,</span> 
     </span>
     <span class='ocr_line' id='line_1_17' title="bbox 295 2343 1451 2429; baseline 0.004 -24"><span class='ocrx_word' id='word_1_124' title='bbox 295 2354 431 2424; x_wconf 88' lang='lat' dir='ltr'>propter</span> <span class='ocrx_word' id='word_1_125' title='bbox 446 2343 509 2409; x_wconf 90' lang='lat' dir='ltr'>hoc</span> <span class='ocrx_word' id='word_1_126' title='bbox 524 2345 614 2426; x_wconf 92' lang='lat' dir='ltr'>quod</span> <span class='ocrx_word' id='word_1_127' title='bbox 636 2345 818 2429; x_wconf 89' lang='lat' dir='ltr'>principale</span> <span class='ocrx_word' id='word_1_128' title='bbox 833 2347 933 2410; x_wconf 89' lang='lat' dir='ltr'>robur</span> <span class='ocrx_word' id='word_1_129' title='bbox 948 2346 1084 2411; x_wconf 89' lang='lat' dir='ltr'>militiae</span> <span class='ocrx_word' id='word_1_130' title='bbox 1104 2345 1166 2410; x_wconf 86' lang='lat' dir='ltr'>suit</span> <span class='ocrx_word' id='word_1_131' title='bbox 1183 2347 1226 2410; x_wconf 90' lang='lat' dir='ltr'>ad</span> <span class='ocrx_word' id='word_1_132' title='bbox 1247 2344 1451 2428; x_wconf 89' lang='lat' dir='ltr'>Scycionios,</span> 
     </span>
     <span class='ocr_line' id='line_1_18' title="bbox 295 2447 1451 2535; baseline 0.003 -26"><span class='ocrx_word' id='word_1_133' title='bbox 295 2447 353 2528; x_wconf 94' lang='lat' dir='ltr'>qui</span> <span class='ocrx_word' id='word_1_134' title='bbox 379 2458 456 2512; x_wconf 92' lang='lat' dir='ltr'>sunt</span> <span class='ocrx_word' id='word_1_135' title='bbox 485 2447 622 2512; x_wconf 87' lang='lat' dir='ltr'>Arcadi.</span> <span class='ocrx_word' id='word_1_136' title='bbox 678 2449 774 2514; x_wconf 91' lang='lat' dir='ltr'>Haec</span> <span class='ocrx_word' id='word_1_137' title='bbox 804 2450 909 2535; x_wconf 85' lang='lat' dir='ltr'>gratis</span> <span class='ocrx_word' id='word_1_138' title='bbox 936 2451 1084 2534; x_wconf 85' lang='lat' dir='ltr'>expressi</span> <span class='ocrx_word' id='word_1_139' title='bbox 1108 2449 1342 2524; x_wconf 87' lang='lat' dir='ltr'>abundantius,</span> <span class='ocrx_word' id='word_1_140' title='bbox 1371 2450 1451 2531; x_wconf 89' lang='lat' dir='ltr'>quia</span> 
     </span>
     <span class='ocr_line' id='line_1_19' title="bbox 295 2550 1450 2638; baseline 0.002 -24"><span class='ocrx_word' id='word_1_141' title='bbox 295 2550 452 2615; x_wconf 88' lang='lat' dir='ltr'>historiae</span> <span class='ocrx_word' id='word_1_142' title='bbox 495 2572 611 2616; x_wconf 93' lang='lat' dir='ltr'>omnes</span> <span class='ocrx_word' id='word_1_143' title='bbox 653 2552 778 2618; x_wconf 83' lang='lat' dir='ltr'>iaciunt</span> <span class='ocrx_word' id='word_1_144' title='bbox 821 2574 979 2638; x_wconf 86' lang='lat' dir='ltr'>magnam</span> <span class='ocrx_word' id='word_1_145' title='bbox 1017 2555 1222 2618; x_wconf 88' lang='lat' dir='ltr'>mentionem</span> <span class='ocrx_word' id='word_1_146' title='bbox 1260 2554 1304 2617; x_wconf 93' lang='lat' dir='ltr'>de</span> <span class='ocrx_word' id='word_1_147' title='bbox 1348 2574 1450 2637; x_wconf 83' lang='lat' dir='ltr'>regno</span> 
     </span>
    </p>
   </div>
   <div class='ocr_carea' id='block_1_4' title="bbox 294 2654 1453 3161">
    <p class='ocr_par' dir='ltr' id='par_1_4' title="bbox 294 2654 1453 3161">
     <span class='ocr_line' id='line_1_20' title="bbox 297 2654 1450 2742; baseline 0.002 -21"><span class='ocrx_word' id='word_1_148' title='bbox 297 2654 546 2739; x_wconf 88' lang='lat' dir='ltr'>Scycioniorum</span> <span class='ocrx_word' id='word_1_149' title='bbox 558 2655 572 2734; x_wconf 86' lang='lat'>;&#39;</span> <span class='ocrx_word' id='word_1_150' title='bbox 590 2666 625 2722; x_wconf 90' lang='lat' dir='ltr'>et</span> <span class='ocrx_word' id='word_1_151' title='bbox 635 2658 724 2740; x_wconf 90' lang='lat' dir='ltr'>apud</span> <span class='ocrx_word' id='word_1_152' title='bbox 737 2657 846 2723; x_wconf 90' lang='lat' dir='ltr'>solum</span> <span class='ocrx_word' id='word_1_153' title='bbox 859 2658 1017 2725; x_wconf 87' lang='lat' dir='ltr'>Ethicum</span> <span class='ocrx_word' id='word_1_154' title='bbox 1028 2658 1265 2742; x_wconf 89' lang='lat' dir='ltr'>philosophum</span> <span class='ocrx_word' id='word_1_155' title='bbox 1279 2656 1450 2723; x_wconf 85' lang='lat' dir='ltr'>manifeste</span> 
     </span>
     <span class='ocr_line' id='line_1_21' title="bbox 296 2762 1453 2847; baseline -0.001 -22"><span class='ocrx_word' id='word_1_156' title='bbox 296 2769 409 2843; x_wconf 88' lang='lat' dir='ltr'>potest</span> <span class='ocrx_word' id='word_1_157' title='bbox 438 2762 574 2827; x_wconf 90' lang='lat' dir='ltr'>inveniri</span> <span class='ocrx_word' id='word_1_158' title='bbox 605 2764 690 2827; x_wconf 90' lang='lat' dir='ltr'>ratio</span> <span class='ocrx_word' id='word_1_159' title='bbox 716 2763 881 2843; x_wconf 85' lang='lat' dir='ltr'>vocabuli,</span> <span class='ocrx_word' id='word_1_160' title='bbox 907 2775 942 2828; x_wconf 90' lang='lat' dir='ltr'>et</span> <span class='ocrx_word' id='word_1_161' title='bbox 967 2764 1049 2847; x_wconf 91' lang='lat' dir='ltr'>quid</span> <span class='ocrx_word' id='word_1_162' title='bbox 1071 2764 1116 2827; x_wconf 90' lang='lat' dir='ltr'>sit</span> <span class='ocrx_word' id='word_1_163' title='bbox 1137 2763 1227 2846; x_wconf 91' lang='lat' dir='ltr'>quod</span> <span class='ocrx_word' id='word_1_164' title='bbox 1251 2781 1311 2845; x_wconf 90' lang='lat' dir='ltr'>per</span> <span class='ocrx_word' id='word_1_165' title='bbox 1331 2781 1453 2825; x_wconf 90' lang='lat' dir='ltr'>nomen</span> 
     </span>
     <span class='ocr_line' id='line_1_22' title="bbox 294 2865 1451 2951; baseline 0.002 -23"><span class='ocrx_word' id='word_1_166' title='bbox 294 2866 499 2948; x_wconf 84' lang='lat' dir='ltr'>designatur.</span> <span class='ocrx_word' id='word_1_167' title='bbox 555 2867 747 2933; x_wconf 88' lang='lat' dir='ltr'>Secundum</span> <span class='ocrx_word' id='word_1_168' title='bbox 782 2889 861 2933; x_wconf 90' lang='lat' dir='ltr'>vero</span> <span class='ocrx_word' id='word_1_169' title='bbox 896 2867 1040 2932; x_wconf 90' lang='lat' dir='ltr'>Plinium</span> <span class='ocrx_word' id='word_1_170' title='bbox 1074 2877 1192 2951; x_wconf 88' lang='lat' dir='ltr'>postea</span> <span class='ocrx_word' id='word_1_171' title='bbox 1226 2876 1278 2931; x_wconf 92' lang='lat' dir='ltr'>est</span> <span class='ocrx_word' id='word_1_172' title='bbox 1311 2865 1451 2939; x_wconf 87' lang='lat' dir='ltr'>Achaia,</span> 
     </span>
     <span class='ocr_line' id='line_1_23' title="bbox 296 2970 1448 3057; baseline -0.003 -22"><span class='ocrx_word' id='word_1_173' title='bbox 296 2982 413 3054; x_wconf 90' lang='lat' dir='ltr'>postea</span> <span class='ocrx_word' id='word_1_174' title='bbox 430 2972 687 3056; x_wconf 90' lang='lat' dir='ltr'>Peloponnensis</span> <span class='ocrx_word' id='word_1_175' title='bbox 715 2973 894 3057; x_wconf 90' lang='lat' dir='ltr'>provincia,</span> <span class='ocrx_word' id='word_1_176' title='bbox 909 2973 941 3036; x_wconf 91' lang='lat' dir='ltr'>in</span> <span class='ocrx_word' id='word_1_177' title='bbox 960 2993 1027 3055; x_wconf 88' lang='lat' dir='ltr'>qua</span> <span class='ocrx_word' id='word_1_178' title='bbox 1047 2982 1097 3037; x_wconf 87' lang='lat' dir='ltr'>est</span> <span class='ocrx_word' id='word_1_179' title='bbox 1118 2970 1298 3037; x_wconf 87' lang='lat' dir='ltr'>Corinthus</span> <span class='ocrx_word' id='word_1_180' title='bbox 1317 2970 1448 3035; x_wconf 92' lang='lat' dir='ltr'>nobilis.</span> 
     </span>
     <span class='ocr_line' id='line_1_24' title="bbox 297 3074 1429 3161; baseline -0.004 -22"><span class='ocrx_word' id='word_1_181' title='bbox 297 3076 427 3140; x_wconf 86' lang='lat' dir='ltr'>Deinde</span> <span class='ocrx_word' id='word_1_182' title='bbox 443 3076 558 3141; x_wconf 92' lang='lat' dir='ltr'>Locris</span> <span class='ocrx_word' id='word_1_183' title='bbox 573 3086 608 3141; x_wconf 90' lang='lat' dir='ltr'>et</span> <span class='ocrx_word' id='word_1_184' title='bbox 626 3087 743 3161; x_wconf 90' lang='lat' dir='ltr'>postea</span> <span class='ocrx_word' id='word_1_185' title='bbox 760 3078 892 3161; x_wconf 73' lang='lat' dir='ltr'>EpiruS,</span> <span class='ocrx_word' id='word_1_186' title='bbox 908 3086 942 3143; x_wconf 92' lang='lat' dir='ltr'>et</span> <span class='ocrx_word' id='word_1_187' title='bbox 956 3079 1003 3140; x_wconf 93' lang='lat' dir='ltr'>sic</span> <span class='ocrx_word' id='word_1_188' title='bbox 1022 3089 1073 3142; x_wconf 77' lang='lat' dir='ltr'>est</span> <span class='ocrx_word' id='word_1_189' title='bbox 1089 3075 1247 3142; x_wconf 90' lang='lat' dir='ltr'>terminus</span> <span class='ocrx_word' id='word_1_190' title='bbox 1262 3074 1429 3139; x_wconf 88' lang='lat' dir='ltr'>Graeciae.</span> 
     </span>
    </p>
   </div>
   <div class='ocr_carea' id='block_1_5' title="bbox 340 3177 1614 3327">
    <p class='ocr_par' dir='ltr' id='par_1_5' title="bbox 340 3177 1614 3327">
     <span class='ocr_line' id='line_1_25' title="bbox 340 3177 1603 3312; baseline -0.006 -70"><span class='ocrx_word' id='word_1_191' title='bbox 340 3178 412 3243; x_wconf 91' lang='lat' dir='ltr'>Sub</span> <span class='ocrx_word' id='word_1_192' title='bbox 434 3201 501 3262; x_wconf 91' lang='lat' dir='ltr'>qua</span> <span class='ocrx_word' id='word_1_193' title='bbox 526 3181 569 3244; x_wconf 92' lang='lat' dir='ltr'>ad</span> <span class='ocrx_word' id='word_1_194' title='bbox 596 3182 802 3245; x_wconf 89' lang='lat' dir='ltr'>occidentem</span> <span class='ocrx_word' id='word_1_195' title='bbox 827 3190 878 3245; x_wconf 88' lang='lat' dir='ltr'>est</span> <span class='ocrx_word' id='word_1_196' title='bbox 904 3180 1083 3255; x_wconf 88' lang='lat' dir='ltr'>Dalmatia,</span> <span class='ocrx_word' id='word_1_197' title='bbox 1108 3182 1141 3243; x_wconf 90' lang='lat' dir='ltr'>in</span> <span class='ocrx_word' id='word_1_198' title='bbox 1168 3201 1235 3262; x_wconf 88' lang='lat' dir='ltr'>qua</span> <span class='ocrx_word' id='word_1_199' title='bbox 1260 3177 1449 3243; x_wconf 90' lang='lat' dir='ltr'>Duracium.</span> <span class='ocrx_word' id='word_1_200' title='bbox 1463 3193 1603 3312; x_wconf 48' lang='grc' dir='ltr'>τέοῗῑᾱῖῑ.</span> 
     </span>
     <span class='ocr_line' id='line_1_26' title="bbox 1462 3276 1614 3327; baseline 0.026 -20"><span class='ocrx_word' id='word_1_201' title='bbox 1462 3276 1520 3322; x_wconf 64' lang='lat' dir='ltr'>lc,</span> <span class='ocrx_word' id='word_1_202' title='bbox 1557 3277 1614 3327; x_wconf 59' lang='grc' dir='ltr'>λῃ</span> 
     </span>
    </p>
   </div>
   <div class='ocr_carea' id='block_1_6' title="bbox 297 3282 1547 3392">
    <p class='ocr_par' dir='ltr' id='par_1_6' title="bbox 297 3282 1547 3392">
     <span class='ocr_line' id='line_1_27' title="bbox 297 3282 1547 3392; baseline -0.002 -45"><span class='ocrx_word' id='word_1_203' title='bbox 297 3284 344 3347; x_wconf 88' lang='lat' dir='ltr'>Et</span> <span class='ocrx_word' id='word_1_204' title='bbox 383 3284 445 3347; x_wconf 90' lang='lat' dir='ltr'>sub</span> <span class='ocrx_word' id='word_1_205' title='bbox 476 3304 516 3347; x_wconf 90' lang='lat' dir='ltr'>ea</span> <span class='ocrx_word' id='word_1_206' title='bbox 551 3283 673 3367; x_wconf 91' lang='lat' dir='ltr'>Illyria,</span> <span class='ocrx_word' id='word_1_207' title='bbox 704 3305 725 3349; x_wconf 89' lang='lat' dir='ltr'>a</span> <span class='ocrx_word' id='word_1_208' title='bbox 764 3306 831 3367; x_wconf 88' lang='lat' dir='ltr'>qua</span> <span class='ocrx_word' id='word_1_209' title='bbox 862 3285 982 3350; x_wconf 88' lang='lat' dir='ltr'>dicitur</span> <span class='ocrx_word' id='word_1_210' title='bbox 1020 3304 1110 3349; x_wconf 88' lang='lat' dir='ltr'>mare</span> <span class='ocrx_word' id='word_1_211' title='bbox 1149 3283 1326 3364; x_wconf 89' lang='lat' dir='ltr'>Illyricum,</span> <span class='ocrx_word' id='word_1_212' title='bbox 1357 3282 1448 3364; x_wconf 90' lang='lat' dir='ltr'>quod</span> <span class='ocrx_word' id='word_1_213' title='bbox 1463 3325 1547 3392; x_wconf 66' lang='lat' dir='ltr'>Spain.</span> 
     </span>
    </p>
   </div>
   <div class='ocr_carea' id='block_1_7' title="bbox 292 3387 1452 4722">
    <p class='ocr_par' dir='ltr' id='par_1_7' title="bbox 292 3387 1452 4722">
     <span class='ocr_line' id='line_1_28' title="bbox 295 3387 1448 3472; baseline -0.001 -21"><span class='ocrx_word' id='word_1_214' title='bbox 295 3388 488 3453; x_wconf 86' lang='lat' dir='ltr'>extenditur</span> <span class='ocrx_word' id='word_1_215' title='bbox 508 3408 529 3450; x_wconf 92' lang='lat' dir='ltr'>a</span> <span class='ocrx_word' id='word_1_216' title='bbox 548 3387 684 3453; x_wconf 90' lang='lat' dir='ltr'>flumine</span> <span class='ocrx_word' id='word_1_217' title='bbox 708 3389 826 3453; x_wconf 88' lang='lat' dir='ltr'>Arsiae</span> <span class='ocrx_word' id='word_1_218' title='bbox 849 3390 1015 3472; x_wconf 88' lang='lat' dir='ltr'>usquead</span> <span class='ocrx_word' id='word_1_219' title='bbox 1033 3388 1157 3453; x_wconf 90' lang='lat' dir='ltr'>flumen</span> <span class='ocrx_word' id='word_1_220' title='bbox 1179 3387 1342 3463; x_wconf 89' lang='lat' dir='ltr'>Dirinum,</span> <span class='ocrx_word' id='word_1_221' title='bbox 1358 3387 1448 3470; x_wconf 90' lang='lat' dir='ltr'>quod</span> 
     </span>
     <span class='ocr_line' id='line_1_29' title="bbox 296 3490 1449 3576; baseline 0 -21"><span class='ocrx_word' id='word_1_222' title='bbox 296 3500 406 3555; x_wconf 90' lang='lat' dir='ltr'>totum</span> <span class='ocrx_word' id='word_1_223' title='bbox 420 3491 487 3557; x_wconf 89' lang='lat' dir='ltr'>alio</span> <span class='ocrx_word' id='word_1_224' title='bbox 503 3492 638 3555; x_wconf 88' lang='lat' dir='ltr'>nomine</span> <span class='ocrx_word' id='word_1_225' title='bbox 661 3492 781 3557; x_wconf 91' lang='lat' dir='ltr'>Libnia</span> <span class='ocrx_word' id='word_1_226' title='bbox 800 3491 929 3557; x_wconf 89' lang='lat' dir='ltr'>dicitur.</span> <span class='ocrx_word' id='word_1_227' title='bbox 975 3492 1044 3557; x_wconf 92' lang='lat' dir='ltr'>Sed</span> <span class='ocrx_word' id='word_1_228' title='bbox 1066 3491 1198 3576; x_wconf 86' lang='lat' dir='ltr'>proprie</span> <span class='ocrx_word' id='word_1_229' title='bbox 1220 3492 1305 3555; x_wconf 90' lang='lat' dir='ltr'>circa</span> <span class='ocrx_word' id='word_1_230' title='bbox 1325 3490 1449 3555; x_wconf 91' lang='lat' dir='ltr'>flumen</span> 
     </span>
     <span class='ocr_line' id='line_1_30' title="bbox 296 3594 1452 3680; baseline -0.001 -21"><span class='ocrx_word' id='word_1_231' title='bbox 296 3594 451 3659; x_wconf 88' lang='lat' dir='ltr'>Dirinum</span> <span class='ocrx_word' id='word_1_232' title='bbox 476 3605 554 3660; x_wconf 90' lang='lat' dir='ltr'>sunt</span> <span class='ocrx_word' id='word_1_233' title='bbox 582 3594 695 3678; x_wconf 86' lang='lat' dir='ltr'>Illyrii,</span> <span class='ocrx_word' id='word_1_234' title='bbox 718 3607 753 3661; x_wconf 90' lang='lat' dir='ltr'>et</span> <span class='ocrx_word' id='word_1_235' title='bbox 778 3596 850 3678; x_wconf 88' lang='lat' dir='ltr'>ejus</span> <span class='ocrx_word' id='word_1_236' title='bbox 872 3596 1047 3680; x_wconf 86' lang='lat' dir='ltr'>longitudo</span> <span class='ocrx_word' id='word_1_237' title='bbox 1070 3605 1121 3660; x_wconf 87' lang='lat' dir='ltr'>est</span> <span class='ocrx_word' id='word_1_238' title='bbox 1143 3616 1163 3658; x_wconf 90' lang='lat' dir='ltr'>a</span> <span class='ocrx_word' id='word_1_239' title='bbox 1194 3594 1328 3659; x_wconf 88' lang='lat' dir='ltr'>flumine</span> <span class='ocrx_word' id='word_1_240' title='bbox 1350 3594 1452 3658; x_wconf 90' lang='lat' dir='ltr'>Arsia</span> 
     </span>
     <span class='ocr_line' id='line_1_31' title="bbox 296 3697 1452 3783; baseline -0.001 -20"><span class='ocrx_word' id='word_1_241' title='bbox 296 3701 464 3782; x_wconf 88' lang='lat' dir='ltr'>usquead</span> <span class='ocrx_word' id='word_1_242' title='bbox 485 3700 607 3765; x_wconf 90' lang='lat' dir='ltr'>flumen</span> <span class='ocrx_word' id='word_1_243' title='bbox 630 3700 804 3778; x_wconf 84' lang='lat' dir='ltr'>Dirinum3</span> <span class='ocrx_word' id='word_1_244' title='bbox 835 3710 869 3765; x_wconf 91' lang='lat' dir='ltr'>et</span> <span class='ocrx_word' id='word_1_245' title='bbox 885 3700 976 3782; x_wconf 88' lang='lat' dir='ltr'>jacet</span> <span class='ocrx_word' id='word_1_246' title='bbox 999 3720 1098 3783; x_wconf 89' lang='lat' dir='ltr'>super</span> <span class='ocrx_word' id='word_1_247' title='bbox 1118 3719 1209 3762; x_wconf 89' lang='lat' dir='ltr'>mare</span> <span class='ocrx_word' id='word_1_248' title='bbox 1231 3697 1452 3775; x_wconf 88' lang='lat' dir='ltr'>Adriaticum,</span> 
     </span>
     <span class='ocr_line' id='line_1_32' title="bbox 295 3803 1450 3887; baseline -0.002 -19"><span class='ocrx_word' id='word_1_249' title='bbox 295 3805 385 3887; x_wconf 90' lang='lat' dir='ltr'>quod</span> <span class='ocrx_word' id='word_1_250' title='bbox 403 3815 454 3869; x_wconf 90' lang='lat' dir='ltr'>est</span> <span class='ocrx_word' id='word_1_251' title='bbox 468 3825 559 3870; x_wconf 91' lang='lat' dir='ltr'>mare</span> <span class='ocrx_word' id='word_1_252' title='bbox 573 3805 798 3870; x_wconf 85' lang='lat' dir='ltr'>Venetiamm.</span> <span class='ocrx_word' id='word_1_253' title='bbox 857 3804 898 3868; x_wconf 92' lang='lat' dir='ltr'>In</span> <span class='ocrx_word' id='word_1_254' title='bbox 914 3806 1009 3887; x_wconf 88' lang='lat' dir='ltr'>cujus</span> <span class='ocrx_word' id='word_1_255' title='bbox 1024 3804 1237 3869; x_wconf 86' lang='lat' dir='ltr'>extremitate</span> <span class='ocrx_word' id='word_1_256' title='bbox 1254 3803 1450 3868; x_wconf 89' lang='lat' dir='ltr'>occidentali</span> 
     </span>
     <span class='ocr_line' id='line_1_33' title="bbox 295 3906 1450 3991; baseline -0.001 -18"><span class='ocrx_word' id='word_1_257' title='bbox 295 3918 373 3973; x_wconf 88' lang='lat' dir='ltr'>sunt</span> <span class='ocrx_word' id='word_1_258' title='bbox 389 3909 558 3975; x_wconf 83' lang='lat' dir='ltr'>Venetiae</span> <span class='ocrx_word' id='word_1_259' title='bbox 606 3910 651 3974; x_wconf 89' lang='lat' dir='ltr'>Et</span> <span class='ocrx_word' id='word_1_260' title='bbox 672 3910 773 3974; x_wconf 89' lang='lat' dir='ltr'>habet</span> <span class='ocrx_word' id='word_1_261' title='bbox 796 3908 879 3974; x_wconf 88' lang='lat' dir='ltr'>haec</span> <span class='ocrx_word' id='word_1_262' title='bbox 905 3908 1019 3991; x_wconf 90' lang='lat' dir='ltr'>Illyria</span> <span class='ocrx_word' id='word_1_263' title='bbox 1039 3908 1163 3973; x_wconf 90' lang='lat' dir='ltr'>multas</span> <span class='ocrx_word' id='word_1_264' title='bbox 1183 3927 1303 3991; x_wconf 91' lang='lat' dir='ltr'>parvas</span> <span class='ocrx_word' id='word_1_265' title='bbox 1318 3906 1450 3984; x_wconf 89' lang='lat' dir='ltr'>insulas,</span> 
     </span>
     <span class='ocr_line' id='line_1_34' title="bbox 296 4011 1450 4097; baseline -0.002 -22"><span class='ocrx_word' id='word_1_266' title='bbox 296 4022 330 4076; x_wconf 90' lang='lat' dir='ltr'>et</span> <span class='ocrx_word' id='word_1_267' title='bbox 353 4012 455 4077; x_wconf 90' lang='lat' dir='ltr'>habet</span> <span class='ocrx_word' id='word_1_268' title='bbox 475 4012 557 4076; x_wconf 90' lang='lat' dir='ltr'>haec</span> <span class='ocrx_word' id='word_1_269' title='bbox 580 4012 755 4097; x_wconf 84' lang='lat' dir='ltr'>longitudo</span> <span class='ocrx_word' id='word_1_270' title='bbox 777 4014 878 4077; x_wconf 88' lang='lat' dir='ltr'>dxxx</span> <span class='ocrx_word' id='word_1_271' title='bbox 898 4011 1059 4092; x_wconf 88' lang='lat' dir='ltr'>milliaria,</span> <span class='ocrx_word' id='word_1_272' title='bbox 1082 4011 1224 4077; x_wconf 86' lang='lat' dir='ltr'>latitudo</span> <span class='ocrx_word' id='word_1_273' title='bbox 1245 4031 1324 4074; x_wconf 89' lang='lat' dir='ltr'>vero</span> <span class='ocrx_word' id='word_1_274' title='bbox 1347 4030 1450 4074; x_wconf 89' lang='lat' dir='ltr'>cccxv</span> 
     </span>
     <span class='ocr_line' id='line_1_35' title="bbox 296 4114 1450 4199; baseline -0.003 -20"><span class='ocrx_word' id='word_1_275' title='bbox 296 4116 453 4181; x_wconf 91' lang='lat' dir='ltr'>milliaria.</span> <span class='ocrx_word' id='word_1_276' title='bbox 499 4116 595 4181; x_wconf 89' lang='lat' dir='ltr'>Haec</span> <span class='ocrx_word' id='word_1_277' title='bbox 607 4116 650 4181; x_wconf 90' lang='lat' dir='ltr'>de</span> <span class='ocrx_word' id='word_1_278' title='bbox 661 4116 793 4199; x_wconf 91' lang='lat' dir='ltr'>Illyrico</span> <span class='ocrx_word' id='word_1_279' title='bbox 806 4116 942 4180; x_wconf 90' lang='lat' dir='ltr'>recitavi</span> <span class='ocrx_word' id='word_1_280' title='bbox 951 4117 1054 4180; x_wconf 89' lang='lat' dir='ltr'>verbo</span> <span class='ocrx_word' id='word_1_281' title='bbox 1066 4116 1108 4179; x_wconf 92' lang='lat' dir='ltr'>ad</span> <span class='ocrx_word' id='word_1_282' title='bbox 1119 4117 1257 4180; x_wconf 88' lang='lat' dir='ltr'>verbum</span> <span class='ocrx_word' id='word_1_283' title='bbox 1268 4114 1450 4178; x_wconf 90' lang='lat' dir='ltr'>secundum</span> 
     </span>
     <span class='ocr_line' id='line_1_36' title="bbox 297 4217 1449 4304; baseline -0.003 -20"><span class='ocrx_word' id='word_1_284' title='bbox 297 4221 450 4299; x_wconf 89' lang='lat' dir='ltr'>Plinium,</span> <span class='ocrx_word' id='word_1_285' title='bbox 465 4231 602 4304; x_wconf 90' lang='lat' dir='ltr'>propter</span> <span class='ocrx_word' id='word_1_286' title='bbox 624 4220 699 4294; x_wconf 89' lang='lat' dir='ltr'>hoc,</span> <span class='ocrx_word' id='word_1_287' title='bbox 717 4221 807 4304; x_wconf 91' lang='lat' dir='ltr'>quod</span> <span class='ocrx_word' id='word_1_288' title='bbox 826 4240 888 4286; x_wconf 91' lang='lat' dir='ltr'>nos</span> <span class='ocrx_word' id='word_1_289' title='bbox 910 4221 1062 4285; x_wconf 86' lang='lat' dir='ltr'>moderni</span> <span class='ocrx_word' id='word_1_290' title='bbox 1084 4221 1247 4284; x_wconf 90' lang='lat' dir='ltr'>nescimus</span> <span class='ocrx_word' id='word_1_291' title='bbox 1269 4217 1449 4301; x_wconf 82' lang='lat' dir='ltr'>intelligere</span> 
     </span>
     <span class='ocr_line' id='line_1_37' title="bbox 295 4322 1448 4409; baseline -0.003 -21"><span class='ocrx_word' id='word_1_292' title='bbox 295 4325 432 4388; x_wconf 90' lang='lat' dir='ltr'>verbum</span> <span class='ocrx_word' id='word_1_293' title='bbox 447 4325 600 4408; x_wconf 89' lang='lat' dir='ltr'>apostoli,</span> <span class='ocrx_word' id='word_1_294' title='bbox 617 4345 692 4389; x_wconf 87' lang='lat' dir='ltr'>cum</span> <span class='ocrx_word' id='word_1_295' title='bbox 709 4325 791 4389; x_wconf 92' lang='lat' dir='ltr'>dicit</span> <span class='ocrx_word' id='word_1_296' title='bbox 806 4346 842 4389; x_wconf 91' lang='lat' dir='ltr'>se</span> <span class='ocrx_word' id='word_1_297' title='bbox 864 4324 1042 4409; x_wconf 83' lang='lat' dir='ltr'>replevisse</span> <span class='ocrx_word' id='word_1_298' title='bbox 1060 4322 1268 4406; x_wconf 84' lang='lat' dir='ltr'>evangelium</span> <span class='ocrx_word' id='word_1_299' title='bbox 1286 4322 1448 4404; x_wconf 86' lang='lat' dir='ltr'>usquead</span> 
     </span>
     <span class='ocr_line' id='line_1_38' title="bbox 296 4425 1450 4511; baseline -0.002 -20"><span class='ocrx_word' id='word_1_300' title='bbox 296 4428 476 4511; x_wconf 83' lang='lat' dir='ltr'>Illyricum.</span> <span class='ocrx_word' id='word_1_301' title='bbox 531 4428 577 4493; x_wconf 92' lang='lat' dir='ltr'>Et</span> <span class='ocrx_word' id='word_1_302' title='bbox 610 4430 644 4493; x_wconf 92' lang='lat' dir='ltr'>in</span> <span class='ocrx_word' id='word_1_303' title='bbox 674 4430 787 4495; x_wconf 92' lang='lat' dir='ltr'>multis</span> <span class='ocrx_word' id='word_1_304' title='bbox 824 4429 969 4493; x_wconf 88' lang='lat' dir='ltr'>historiis</span> <span class='ocrx_word' id='word_1_305' title='bbox 1004 4428 1186 4491; x_wconf 90' lang='lat' dir='ltr'>invenimus</span> <span class='ocrx_word' id='word_1_306' title='bbox 1216 4425 1385 4507; x_wconf 87' lang='lat' dir='ltr'>Illyricum</span> <span class='ocrx_word' id='word_1_307' title='bbox 1416 4436 1450 4489; x_wconf 89' lang='lat' dir='ltr'>et</span> 
     </span>
     <span class='ocr_line' id='line_1_39' title="bbox 296 4528 1450 4616; baseline -0.003 -20"><span class='ocrx_word' id='word_1_308' title='bbox 296 4531 456 4615; x_wconf 72' lang='lat' dir='ltr'>illyricos</span> <span class='ocrx_word' id='word_1_309' title='bbox 489 4542 524 4597; x_wconf 89' lang='lat' dir='ltr'>et</span> <span class='ocrx_word' id='word_1_310' title='bbox 553 4554 619 4598; x_wconf 92' lang='lat' dir='ltr'>non</span> <span class='ocrx_word' id='word_1_311' title='bbox 649 4532 862 4616; x_wconf 81' lang='lat' dir='ltr'>intelligimus</span> <span class='ocrx_word' id='word_1_312' title='bbox 898 4552 986 4615; x_wconf 88' lang='lat' dir='ltr'>quae</span> <span class='ocrx_word' id='word_1_313' title='bbox 1021 4532 1194 4609; x_wconf 89' lang='lat' dir='ltr'>dicuntur;</span> <span class='ocrx_word' id='word_1_314' title='bbox 1228 4530 1315 4594; x_wconf 92' lang='lat' dir='ltr'>unde</span> <span class='ocrx_word' id='word_1_315' title='bbox 1347 4528 1450 4612; x_wconf 89' lang='lat' dir='ltr'>Illyrii</span> 
     </span>
     <span class='ocr_line' id='line_1_40' title="bbox 292 4634 1450 4722; baseline -0.003 -21"><span class='ocrx_word' id='word_1_316' title='bbox 292 4636 405 4722; x_wconf 88' lang='lat' dir='ltr'>jacent</span> <span class='ocrx_word' id='word_1_317' title='bbox 435 4637 519 4702; x_wconf 91' lang='lat' dir='ltr'>inter</span> <span class='ocrx_word' id='word_1_318' title='bbox 549 4636 753 4703; x_wconf 90' lang='lat' dir='ltr'>Dalmatiam</span> <span class='ocrx_word' id='word_1_319' title='bbox 783 4646 818 4701; x_wconf 92' lang='lat' dir='ltr'>et</span> <span class='ocrx_word' id='word_1_320' title='bbox 849 4636 1022 4701; x_wconf 88' lang='lat' dir='ltr'>Histriam.</span> <span class='ocrx_word' id='word_1_321' title='bbox 1083 4635 1129 4698; x_wconf 90' lang='lat' dir='ltr'>Et</span> <span class='ocrx_word' id='word_1_322' title='bbox 1165 4634 1241 4699; x_wconf 88' lang='lat' dir='ltr'>ideo</span> <span class='ocrx_word' id='word_1_323' title='bbox 1274 4634 1330 4698; x_wconf 93' lang='lat' dir='ltr'>ubi</span> <span class='ocrx_word' id='word_1_324' title='bbox 1361 4653 1450 4699; x_wconf 87' lang='lat' dir='ltr'>nunc</span> 
     </span>
    </p>
   </div>
   <div class='ocr_carea' id='block_1_8' title="bbox 0 0 1792 5375">
    <p class='ocr_par' dir='ltr' id='par_1_8' title="bbox 0 0 1792 5375">
     <span class='ocr_line' id='line_1_41' title="bbox 0 0 1792 5375; baseline 0 0"><span class='ocrx_word' id='word_1_325' title='bbox 0 0 1792 5375; x_wconf 95' lang='lat' dir='ltr'> </span> 
     </span>
    </p>
   </div>
  </div>
 </body>
</html>
