3575 5375
368 570 430 630 294
594 555 750 613 OPERIS
774 553 962 624 MAJORIS
986 552 1101 612 PARS
1126 551 1311 626 QUARTA.

201 736 266 813 qrbit
279 735 300 784 is
371 717 529 799 quoniam
567 719 600 781 in
631 728 726 802 parte
763 717 819 782 illa
853 728 904 783 est
941 718 1132 802 oppositum
1162 718 1258 801 augis
1288 716 1377 792 solis,
1408 725 1443 781 et
1473 713 1525 780 sol

201 801 317 932 ffi‘gffl
372 821 542 887 descendit
564 822 607 886 ad
628 833 749 887 terram
773 823 819 887 ibi
843 823 997 886 multum.
1044 822 1146 888 Unde
1168 831 1302 905 oportet
1323 823 1414 904 quod
1434 841 1526 886 com-

202 931 328 1008 moreldry
373 926 471 990 burat
489 937 643 1009 quartam
660 927 751 992 illam
767 928 801 991 in
817 927 930 1010 aliqua
950 939 1046 1010 parte
1060 927 1121 1002 sui,
1136 938 1171 991 et
1191 927 1337 990 residuas
1360 925 1526 1008 usquead

202 996 353 1113 ffiff‘
374 1031 488 1114 polum
512 1032 618 1116 magis
642 1032 811 1097 calefaciat
833 1052 935 1114 quam
957 1040 1068 1114 partes
1087 1041 1221 1096 nostrae
1241 1042 1381 1113 quartae
1405 1032 1437 1094 in
1457 1049 1527 1112 qua

203 1129 291 1244 {⁸32¹oe
373 1135 574 1200 habitamus.
622 1135 668 1200 Et
705 1135 855 1200 similiter
891 1136 1054 1218 contingit
1090 1137 1289 1218 persuadere
1320 1136 1363 1199 de
1400 1133 1527 1216 reliqua
1574 1209 1583 1219 .

204 1213 234 1260 'p
293 1233 299 1244 '
374 1249 492 1323 quarta
508 1242 570 1304 sub
586 1239 651 1302 illa.
697 1239 744 1304 Et
766 1241 883 1303 itemm
903 1241 1044 1304 sumitur
1064 1249 1295 1323 argumentum
1316 1241 1360 1304 ad
1381 1238 1445 1302 hoc
1468 1255 1529 1320 per

374 1342 595 1407 Aristotelem
615 1343 647 1405 in
663 1343 771 1426 primo
789 1343 882 1408 Coeli
899 1354 933 1407 et
950 1343 1069 1406 Mundi
1090 1353 1125 1408 et
1145 1365 1205 1427 per
1221 1343 1418 1418 Averroem,
1435 1341 1526 1424 quod

376 1447 500 1529 reliqua
531 1446 692 1510 medietas
726 1456 833 1511 terrae
864 1447 951 1512 ultra
980 1447 1256 1529 aequinoctialem
1287 1447 1445 1513 circulum
1476 1454 1529 1508 est

376 1551 467 1616 locus
483 1571 612 1614 sursum
632 1551 665 1616 in
681 1553 806 1616 mundo
820 1561 854 1614 et
878 1551 1020 1616 nobilior
1040 1562 1074 1616 et
1094 1553 1171 1616 ideo
1196 1552 1343 1616 maxime
1366 1551 1529 1634 competit

375 1655 582 1719 habitationi.
644 1655 689 1718 Et
723 1665 859 1739 propter
889 1656 952 1720 hoc
982 1677 1028 1720 ex
1058 1657 1266 1722 ordinatione
1298 1666 1436 1720 naturae
1465 1655 1529 1718 erit

376 1762 467 1842 quod
484 1759 721 1842 impedimenta
739 1758 954 1825 habitationis
973 1761 1080 1843 magis
1104 1760 1335 1838 excludantur,
1354 1760 1473 1824 saltem
1495 1759 1528 1821 in

379 1883 499 1946 magna
531 1873 624 1945 parte
655 1862 740 1946 illius
771 1865 971 1942 medietatis,
992 1866 1115 1930 scilicet
1146 1865 1277 1950 longius
1299 1865 1343 1929 ab
1373 1863 1530 1946 opposito

377 1969 472 2053 augis
483 1967 571 2044 solis,
592 1967 620 2032 si
639 1971 859 2034 eccentricum
879 1970 1044 2052 ponimus,
1061 1981 1095 2034 et
1118 1970 1241 2052 ubique
1255 1969 1283 2033 si
1303 1989 1369 2032 non
1388 1977 1532 2050 ponatur

378 2073 590 2146 eccentricus,
611 2083 645 2136 et
665 2072 729 2137 hoc
748 2083 884 2156 propter
905 2073 1018 2138 stellas
1038 2074 1217 2139 nobiliores
1240 2074 1274 2136 in
1290 2072 1346 2136 illa
1367 2083 1471 2156 parte,
1493 2081 1532 2135 ut

379 2178 451 2243 vult
466 2176 631 2242 Averroes
646 2179 757 2261 primo
773 2177 866 2244 Coeli
883 2189 918 2244 et
933 2179 1063 2242 Mundi.
1110 2179 1157 2244 Et
1173 2179 1384 2244 Ptolemaeus
1400 2177 1529 2243 dicitin
1546 2202 1550 2208 ·
1599 2199 1620 2224 ⁴

379 2283 463 2348 libro
480 2282 523 2346 de
540 2283 768 2365 Dispositione
785 2283 955 2366 Sphaerae
969 2285 1059 2366 quod
1073 2294 1191 2348 natura
1208 2284 1315 2367 exigit
1326 2292 1365 2347 ut
1378 2287 1446 2348 sint
1463 2283 1533 2346 duo
1605 2266 1615 2278 ⁵

379 2407 501 2474 genera
530 2387 749 2470 Aethiopum,
779 2388 904 2452 scilicet
936 2390 998 2453 sub
1031 2390 1164 2453 duobus
1185 2388 1331 2471 tropicis.
1378 2388 1435 2450 Ex
1464 2407 1534 2469 quo

380 2501 523 2574 arguunt
545 2490 646 2574 aliqui
667 2493 757 2574 quod
781 2492 943 2557 habitatio
966 2503 1016 2556 est
1039 2493 1126 2558 ultra
1149 2493 1424 2576 aequinoctialem
1447 2491 1534 2555 sicut

381 2596 483 2661 citra:
514 2605 548 2658 et
570 2596 751 2659 secuudum
774 2596 857 2661 haec
884 2617 950 2661 uon
973 2598 1033 2660 erit
1057 2597 1161 2681 figura
1183 2596 1374 2661 habitabilis
1396 2605 1534 2678 quartae

381 2700 541 2783 sphaerae
577 2720 637 2762 nec
670 2700 895 2766 semicirculus
932 2703 1117 2785 descriptus
1147 2705 1181 2767 in
1212 2702 1322 2785 plano,
1355 2721 1415 2765 nec
1446 2721 1536 2782 aqua

383 2806 504 2869 circuet
521 2802 554 2865 in
577 2804 712 2868 circuitu
729 2806 843 2869 mundi
859 2826 919 2887 per
941 2805 1037 2889 polos
1062 2817 1095 2870 et
1118 2806 1226 2871 oriens
1245 2817 1279 2870 et
1301 2805 1455 2870 occidens
1478 2822 1535 2865 co·

385 2907 537 2992 operiens
558 2917 625 2971 tres
648 2918 783 2991 quartas
801 2908 880 2993 ejus,
903 2920 941 2975 ut
959 2911 1121 2975 creditur:
1146 2912 1204 2975 sed
1227 2910 1332 2992 magis
1347 2910 1410 2973 erit
1430 2907 1537 2992 figura

388 3961 495 4024 aquae
509 3939 607 4022 hujus
622 3938 673 4002 vel
687 3939 876 4017 consimilia,
886 3942 932 4003 ita
948 3940 1038 4022 quod
1050 3938 1115 4004 hoc
1127 3960 1217 4005 mare
1229 3951 1366 4005 vocetur
1377 3940 1540 4015 Oceanus,

387 4046 515 4109 habens
537 4044 713 4127 plurimum
745 4045 787 4108 de
810 4064 897 4128 aqua
920 4044 1006 4108 circa
1028 4044 1132 4127 polos,
1156 4045 1249 4127 cujus
1278 4044 1452 4128 longitudo
1481 4068 1542 4111 ex-

389 4150 535 4215 tenditur
556 4172 577 4214 a
599 4148 676 4232 polo
700 4151 733 4212 in
756 4149 871 4233 polum
894 4151 981 4213 inter
1004 4149 1201 4231 principium
1230 4150 1346 4214 lndiae
1377 4161 1411 4215 et
1442 4151 1542 4214 finem

393 4255 587 4337 Hispaniae,
606 4275 691 4337 quae
706 4264 758 4318 est
773 4253 1016 4318 mathematicis
1032 4262 1122 4317 nota.

223 4375 340 4453 pescnp-
438 4360 484 4423 Et
506 4360 664 4443 quoniam
688 4378 754 4422 non
778 4371 829 4423 est
852 4356 1096 4421 mathematicis
1120 4368 1200 4421 nota
1229 4358 1394 4424 habitatio
1417 4361 1479 4422 nisi
1510 4361 1543 4423 in

222 4454 274 4491 ‘¹⁰¹¹
287 4440 316 4489 οἷ
326 4439 369 4489 ¹¹²⁰
394 4474 512 4547 quarta
527 4466 559 4528 iu
574 4485 641 4547 qua
655 4483 778 4542 sumus,
794 4472 827 4527 et
843 4464 946 4527 etiam
966 4483 1033 4525 non
1057 4470 1129 4526 tota
1149 4484 1235 4544 quae
1254 4464 1546 4547 comprehenditur

221 4508 315 4623 pappa
395 4569 482 4632 intra
505 4570 720 4633 medietatem
744 4565 996 4649 aequinoctialis
1018 4577 1051 4631 et
1073 4568 1287 4631 medietatem
1312 4567 1415 4632 coluri
1438 4578 1544 4633 trans·
