3575 5375
377 600 434 673 146
590 601 747 661 OPERIS
771 600 960 671 MAJORIS
984 602 1099 661 PARS
1124 601 1310 676 QUARTA.

373 763 536 827 existendi
554 762 586 826 in
605 763 753 845 pluribus
771 783 837 827 non
857 763 922 828 hoc
944 765 1084 847 respicit,
1105 774 1140 828 et
1159 765 1206 828 ita
1230 765 1392 828 differunt
1440 764 1527 828 Item

373 867 523 950 potentia
539 869 706 932 existendi
722 868 755 931 in
772 867 921 950 pluribus
940 869 1039 932 simul
1060 889 1146 951 quae
1164 889 1231 931 non
1251 879 1302 933 est
1324 880 1450 934 arctata
1468 890 1529 933 nec

375 973 516 1035 limitata
542 982 721 1037 attestatur
739 993 888 1036 summac
915 973 1091 1049 nobilitati,
1114 982 1148 1036 et
1168 975 1244 1037 ideo
1271 975 1371 1038 datur
1397 975 1471 1038 Deo
1495 984 1529 1037 et

374 1077 503 1139 animae
519 1096 604 1159 quae
621 1087 672 1140 est
687 1077 721 1138 in
738 1074 887 1158 pluribus
903 1078 1053 1159 partibus
1070 1078 1219 1161 corporis
1239 1087 1322 1141 tota.
1369 1075 1435 1142 Sed
1454 1079 1529 1140 Deo

374 1190 408 1243 et
424 1180 555 1243 animae
573 1200 640 1242 non
657 1182 755 1243 datur
772 1190 907 1262 propter
928 1180 1074 1264 aliquam
1097 1182 1258 1245 rationem
1275 1182 1431 1265 patiendi,
1447 1203 1530 1267 ergo

374 1304 433 1346 nec
450 1285 616 1348 materiae.
664 1283 749 1347 Item
766 1304 984 1367 quaecunque
999 1286 1041 1349 sit
1057 1285 1138 1349 haec
1161 1287 1321 1366 potentia,
1337 1287 1407 1350 sive
1422 1288 1530 1350 activa

374 1389 443 1450 sive
466 1387 607 1468 passiva,
623 1397 755 1470 oportet
779 1388 868 1469 quod
893 1389 1081 1451 substantia
1103 1388 1264 1452 materiae
1285 1389 1329 1453 sit
1350 1388 1478 1452 infinita
1500 1390 1529 1452 si

375 1491 456 1554 haec
479 1492 630 1574 potentia
652 1501 704 1553 est
727 1489 875 1568 infinita;
899 1493 983 1556 etsi
1006 1492 1080 1570 hoc,
1099 1502 1178 1556 tunc
1201 1494 1340 1555 materia
1361 1504 1413 1556 est
1437 1493 1530 1556 Deus

375 1592 426 1656 vel
449 1595 596 1675 aequalis
619 1596 702 1673 De0‚
718 1596 796 1678 quia
821 1593 982 1678 nullares
1003 1595 1105 1660 habet
1127 1597 1347 1660 substantiam
1363 1606 1397 1661 et
1414 1605 1530 1679 poten-

375 1698 456 1762 tiam
473 1697 634 1762 infinitam
650 1698 712 1762 nisi
729 1699 831 1763 Deus.

419 1801 471 1866 Sit
491 1823 571 1884 ergo
589 1803 738 1884 potentia
761 1802 888 1869 infinita
911 1804 943 1866 A
965 1804 1061 1880 linea,
1076 1817 1111 1871 et
1130 1806 1217 1872 linea
1230 1806 1262 1870 B
1275 1807 1319 1870 sit
1339 1806 1411 1889 ejus
1435 1806 1531 1870 finita

375 1906 566 1986 substantia,
584 1917 619 1971 et
645 1906 674 1973 C
689 1907 776 1971 linea
800 1909 842 1971 sit
865 1910 1019 1991 potentia
1036 1909 1148 1992 aliqua
1170 1912 1273 1987 finita,
1288 1930 1374 1994 quae
1394 1911 1437 1974 sit
1453 1932 1531 1994 pars

391 2027 395 2034 “
1052 2016 1223 2096 potentiae
1261 2016 1415 2079 infinitae.
1476 2017 1531 2081 De

376 2149 401 2196 A
435 2143 553 2192 Potentia
565 2143 674 2193 infinita.
751 2107 804 2113 ’Μ
822 2105 991 2113 ’-“-
1052 2120 1142 2183 omni
1174 2120 1261 2183 enirn
1292 2131 1419 2201 quanto
1449 2121 1531 2184 dato

542 2213 545 2220 ’
1052 2225 1215 2306 contingit
1225 2234 1353 2306 partem
1364 2244 1423 2307 per
1433 2224 1531 2288 intel·

1051 2327 1172 2392 lectum
1189 2328 1390 2404 abscindere,
1406 2339 1443 2392 ut
1458 2328 1531 2392 vult

1052 2431 1253 2496 Aristoteles
1287 2432 1396 2514 primo
1430 2431 1527 2496 Coeli

373 2551 399 2600 D
434 2547 584 2597 Substantia
596 2548 728 2609 potentiae
738 2547 765 2595 C.
1052 2547 1086 2598 et
1110 2535 1236 2608 Mundi,
1259 2546 1293 2598 et
1315 2535 1351 2596 D
1374 2534 1459 2598 linea
1480 2537 1529 2599 sit

373 2289 399 2338 Β
431 2241 584 2327 {albenatis
595 2278 650 2340 ejus
663 2242 755 2327 linita.—

374 2420 396 2469 c
435 2413 554 2462 Potentia
566 2413 639 2461 finita
650 2429 710 2475 pars
722 2413 803 2474 ipsius
814 2412 849 2461 A.

429 2643 480 2650 .-
491 2643 739 2650 ...υ-..φὴ
760 2643 771 2648 -
807 2641 982 2648 .—.—-.-—-—

374 2682 399 2731 Ε
434 2682 583 2731 Substantia
593 2681 708 2744 aequalis
719 2681 767 2744 ipsi
780 2643 973 2731 Dsubstantiac
1052 2640 1235 2758 sumam?
1261 2640 1333 2722 ejus
1359 2642 1449 2757 quoq
1477 2653 1531 2706 est

366 2786 369 2791 ι
426 2773 984 2790 -------
1056 2743 1085 2810 C
1097 2754 1265 2827 potentra;
1292 2744 1532 2828 multiplicetur

391 2820 400 2835 ³
437 2814 556 2863 Potentia
568 2814 825 2876 proportionaltsrpsr
839 2813 869 2861 E.
1052 2869 1133 2933 ergo
1153 2848 1188 2910 D
1208 2868 1382 2931 quousque
1408 2870 1528 2933 aggre-

377 2950 399 2997 G
436 2948 556 2997 Potentia
568 2948 648 3009 major
658 2963 733 3009 quam
746 2948 776 2997 F·
1052 2965 1150 3039 getur
1167 2953 1355 3017 substantia
1377 2973 1464 3035 quae
1486 2955 1531 3018 sit

1053 3057 1199 3140 aequalis
1223 3057 1284 3141 ipsi
1300 3056 1339 3133 B,
1354 3057 1417 3120 hoc
1439 3058 1530 3120 enim

375 3174 425 3229 est
440 3162 606 3249 possibile,
625 3163 781 3245 quoniam
794 3162 830 3223 D
845 3171 879 3227 et
894 3161 926 3224 B
936 3172 1013 3226 sunt
1029 3161 1132 3237 finita,
1142 3171 1176 3225 et
1191 3160 1273 3225 haec
1281 3163 1468 3226 substantia
1483 3163 1530 3225 sic

375 3276 555 3355 aggregata
571 3269 613 3331 sit
628 3266 663 3329 E
680 3265 775 3330 linea.
823 3266 1049 3349 Similiterque
1073 3265 1310 3347 multiplicetur
1333 3266 1485 3347 potentia
1505 3266 1535 3332 C

376 3376 408 3438 in
426 3384 556 3438 tantum
574 3383 612 3437 ut
627 3382 799 3435 excrescat
816 3374 966 3455 potentia
983 3369 1237 3455 proportionalis
1253 3371 1315 3453 ipsi
1330 3370 1375 3449 E,
1391 3380 1425 3433 et
1440 3372 1483 3434 sit
1498 3372 1532 3433 F

375 3479 469 3553 linea,
485 3477 549 3540 hoc
565 3476 651 3540 enim
673 3484 724 3539 est
748 3474 915 3557 possibile,
931 3476 1009 3563 quia
1033 3473 1062 3540 C
1079 3485 1113 3539 et
1128 3474 1163 3537 D
1178 3484 1255 3538 sunt
1276 3475 1378 3552 finita,
1399 3484 1434 3537 et
1454 3475 1530 3539 ideo

376 3592 487 3666 potest
502 3582 544 3645 ad
562 3590 738 3661 utrumque
754 3580 832 3642 addi
850 3580 882 3641 in
899 3587 1039 3657 tantum,
1056 3589 1093 3642 ut
1107 3589 1289 3661 aggregata
1308 3578 1375 3641 sint
1390 3599 1531 3661 propor-

375 3684 521 3760 tionalia,
531 3684 616 3746 sicut
631 3682 702 3747 Cet
713 3682 757 3744 D.
804 3682 871 3747 Sed
885 3683 918 3744 F
925 3683 1073 3764 potentia
1088 3692 1139 3746 est
1154 3680 1254 3760 finita,
1264 3683 1342 3764 quia
1353 3702 1398 3745 ex
1411 3702 1530 3765 aggre-

376 3787 510 3870 gatione
527 3786 620 3849 linita
639 3786 793 3862 nascitur,
808 3796 842 3849 et
862 3785 965 3849 habet
988 3786 1208 3849 substantiam
1224 3786 1260 3848 E
1275 3786 1452 3868 aequalem
1468 3788 1530 3870 ipsi

377 3890 407 3951 B
423 3890 638 3963 substantiae,
653 3890 705 3951 cui
725 3890 962 3973 correspondet
983 3888 1013 3951 A
1032 3890 1124 3972 quod
1144 3900 1195 3953 est
1215 3889 1366 3971 potentia
1382 3888 1531 3966 infinita3

376 4013 457 4075 crgo
473 3992 622 4074 potentia
637 3992 669 4054 F
682 3991 775 4055 finita
791 4004 824 4056 et
840 3992 870 4053 A
890 3993 1041 4075 potentia
1051 3991 1176 4056 infinita
1186 3992 1359 4057 habebunt
1375 3992 1532 4076 aequales

377 4094 590 4159 substantias.
637 4093 748 4176 Quare
779 4094 907 4159 finitum
935 4107 969 4159 et
1000 4094 1165 4160 inlinitum
1189 4096 1430 4179 aequabuntur,
1452 4098 1533 4182 quia

377 4196 571 4282 aequalibus
592 4197 787 4261 substantiis
809 4199 975 4261 debentur
995 4198 1153 4280 aequales
1182 4200 1365 4281 potentiae,
1389 4211 1423 4264 et
1455 4222 1532 4285 pars

377 4304 438 4366 toti
455 4300 659 4384 aequabitur,
674 4302 832 4383 quoniam
850 4301 882 4363 F
894 4313 946 4365 est
961 4322 1038 4384 pars
1052 4302 1083 4364 A
1098 4303 1183 4367 sicut
1202 4302 1237 4381 C,
1250 4314 1288 4367 ut
1303 4304 1452 4386 positum
1469 4303 1533 4371 t'uit

378 4428 397 4468 a
415 4406 574 4487 principio
589 4406 631 4467 dc
649 4402 684 4481 C,
700 4415 733 4467 et
748 4404 780 4466 F
799 4405 917 4469 crescit
935 4426 979 4468 ex
1001 4407 1238 4489 aggregatione
1258 4406 1352 4471 finita
1379 4407 1413 4486 C,
1428 4429 1534 4491 quare

376 4510 409 4571 F
422 4508 482 4573 erit
499 4528 575 4593 pars
590 4508 633 4584 A,
648 4519 681 4571 et
698 4507 745 4571 ita
761 4527 837 4589 pars
853 4510 1048 4589 aequabitur
1064 4510 1136 4572 toti.

424 4612 469 4675 Et
492 4632 536 4675 ex
560 4611 623 4675 hoc
646 4610 782 4675 ulterius
806 4622 968 4692 sequetur,
990 4614 1079 4694 quod
1103 4633 1179 4695 pars
1200 4614 1338 4680 habebit
1366 4618 1532 4700 majorem
