3575 5375
427 608 777 670 MATHEMATICAE
801 610 851 668 IN
874 609 1045 668 DIVINIS
1071 608 1277 668 UTILITAS.
1368 623 1429 686 233

276 780 393 848 terrae,
419 795 506 856 quae
536 785 588 839 est
617 773 712 854 6,500
745 773 905 852 milliaria,
936 772 1197 856 separaverimus
1227 771 1427 835 diametrum

279 875 404 955 Lunae,
416 898 475 961 per
489 880 773 963 computationem
791 880 853 943 erit
867 879 1030 942 diameter
1045 877 1160 941 Lunae
1174 877 1320 960 praecise
1337 893 1426 958 1,911

278 979 438 1061 milliaria,
447 991 481 1045 et
496 992 563 1046 tres
578 994 713 1067 quartae
730 983 825 1046 unius
841 982 999 1059 milliaris,
1010 992 1044 1045 et
1060 1002 1125 1044 una
1140 981 1270 1044 decima
1284 980 1429 1063 septima

279 1086 372 1148 unius
387 1097 545 1167 quartae3
568 1097 602 1151 et
618 1087 783 1170 triplicata
798 1087 963 1151 diametro
982 1106 1057 1150 cum
1080 1085 1250 1149 additione
1267 1085 1429 1167 septimae

278 1189 380 1270 partis
396 1189 592 1256 habebimus
610 1190 681 1274 ejus
701 1191 950 1270 rotunditatem,
964 1210 1050 1273 quae
1071 1191 1132 1252 erit
1153 1190 1247 1268 6,006
1270 1189 1430 1266 milliaria,

278 1303 312 1355 et
338 1314 399 1356 sex
426 1294 576 1360 decimae
601 1295 761 1379 septimae
784 1305 923 1378 quartae
949 1295 1053 1378 partis
1079 1294 1176 1357 unius
1201 1291 1367 1366 milliaris;
1395 1302 1429 1356 et

277 1399 431 1464 ducendo
460 1400 659 1464 diametrum
698 1401 731 1464 in
768 1398 1063 1464 circumferentiam
1092 1397 1289 1462 habebimus
1317 1407 1428 1462 totum

277 1521 397 1584 corpus
413 1503 530 1568 Lunae
544 1504 636 1587 quod
650 1506 713 1568 erit
728 1504 920 1586 45,927,882
937 1503 1099 1580 milliaria,
1114 1512 1149 1566 et
1168 1501 1232 1565 hoc
1252 1502 1315 1565 erit
1333 1502 1429 1584 quasi

279 1628 344 1671 una
366 1608 409 1671 de
431 1609 547 1672 xxxix
562 1610 713 1692 partibus
734 1610 837 1674 totius
857 1617 972 1681 terrae,
989 1607 1073 1672 sicut
1095 1607 1194 1671 docet
1210 1605 1430 1670 Ptolemaeus.

279 1710 368 1774 Nam
383 1714 564 1776 secundum
583 1713 802 1797 quantitatem
818 1733 884 1796 qua
905 1712 966 1775 erit
987 1731 1106 1794 corpus
1122 1709 1238 1774 Lunae
1259 1730 1336 1794 pars
1355 1731 1431 1788 una,

278 1816 340 1878 erit
371 1817 568 1900 magnitudo
598 1819 745 1902 corporis
778 1827 885 1881 terrae
917 1814 1150 1899 trigintuplum
1181 1814 1359 1897 nocuplum
1395 1823 1429 1877 et

279 1927 399 2000 quarta
425 1921 496 2003 ejus
529 1919 616 2000 sere;
645 1921 803 2004 quoniam
828 1940 904 1985 cum
933 1921 1103 2003 quantitas
1128 1919 1282 1983 diametri
1313 1918 1429 1983 Lunae

279 2023 340 2088 tuit
356 2046 432 2108 pars
448 2047 521 2103 una,
531 2027 699 2108 quantitas
711 2026 863 2089 diametri
874 2023 998 2088 Terrae
1009 2022 1071 2087 suit
1086 2033 1152 2086 tres
1168 2033 1280 2104 partes
1294 2033 1328 2086 et
1343 2024 1429 2087 duae

278 2129 423 2210 quintae.
470 2128 506 2194 Si
522 2130 624 2214 igitur
638 2131 722 2194 istae
742 2129 948 2212 quantitates
966 2129 1130 2192 ducantur
1150 2129 1183 2190 in
1204 2149 1241 2191 se
1260 2127 1376 2190 cubice
1395 2138 1430 2190 et

279 2234 501 2314 corporaliter,
518 2243 610 2316 patet
631 2234 722 2316 quod
748 2253 850 2296 unum
874 2233 1011 2296 ductum
1037 2233 1071 2294 in
1092 2252 1128 2296 se
1151 2232 1265 2295 cubice
1288 2250 1356 2295 non
1378 2239 1429 2294 est

279 2337 341 2398 nisi
358 2357 469 2412 unum,
485 2339 542 2400 sed
559 2339 621 2401 tria
636 2346 669 2400 et
684 2339 769 2401 duae
785 2337 921 2418 quintae
942 2337 1042 2401 ducta
1060 2335 1094 2398 in
1114 2356 1151 2399 se
1169 2335 1284 2398 cubice
1305 2334 1430 2400 faciunt

279 2441 509 2525 trigintuplum
530 2440 708 2525 nocuplum
729 2451 764 2505 et
779 2451 932 2523 quartam
953 2440 1030 2503 sere.
1076 2439 1290 2524 Quapropter
1309 2459 1430 2522 corpus

279 2554 384 2608 terrae
400 2546 461 2608 erit
476 2546 708 2629 trigintuplum
724 2557 757 2610 et
769 2555 887 2628 quarta
899 2545 966 2609 lere
976 2557 1125 2628 respectu
1141 2545 1289 2628 corporis
1301 2543 1428 2607 Lunae.

281 2646 327 2713 Et
353 2649 416 2713 hoc
442 2660 544 2733 patet,
567 2652 646 2734 quia
676 2652 846 2734 quantitas
876 2651 1046 2734 praedicta
1075 2651 1116 2714 de
1145 2669 1282 2733 corpore
1308 2648 1431 2714 Terrae

280 2754 478 2837 investigata
500 2758 651 2837 superius
678 2766 728 2820 est
753 2755 947 2839 trigintupla
974 2754 1116 2838 nocupla
1139 2756 1182 2819 ad
1208 2756 1430 2837 quantitatem

280 2861 428 2941 corporis
444 2858 560 2924 Lunae
575 2870 609 2924 et
625 2860 692 2924 fere
708 2868 835 2941 quarta,
851 2870 889 2924 ut
905 2870 998 2944 patet
1013 2859 1242 2924 consideranti.

324 2961 503 3045 Quantitas
539 2975 650 3030 autem
685 2964 834 3029 diametri
865 2964 954 3029 Solis
986 2974 1021 3027 et
1051 2965 1153 3029 totius
1183 2964 1330 3045 corporis
1359 2963 1431 3046 ejus
1444 2966 1501 3045 tpe

280 3066 444 3149 dependet
456 3070 635 3134 secundum
648 3069 877 3133 Ptolemaeum
891 3090 912 3131 a
924 3069 1063 3144 duobus,
1076 3068 1231 3132 sciliceta
1243 3068 1431 3150 quantitate
1444 3032 1577 3147 fflffss,

279 3170 431 3236 diametri
456 3172 573 3236 Lunae
594 3184 628 3236 et
651 3194 671 3237 a
693 3174 879 3255 quantitate
902 3173 1139 3236 semidiametri
1162 3171 1294 3235 Terrae.
1341 3170 1428 3232 Nam
1443 3163 1595 3279 filimi:

278 3273 520 3360 longitudinem
543 3275 630 3342 Solis
646 3298 666 3340 a
682 3278 786 3341 Terra
806 3278 952 3341 ostendit
975 3296 1033 3357 per
1054 3275 1295 3356 longitudinem
1313 3273 1429 3337 Lunae
1586 3265 1592 3277 ’

275 3378 346 3459 jam
378 3391 501 3456 notam,
526 3390 559 3444 et
584 3401 644 3463 per
665 3381 806 3463 angulos
828 3381 948 3461 quibus
970 3380 1120 3443 diametri
1144 3378 1261 3442 Lunae
1283 3388 1317 3441 et
1340 3376 1430 3442 Solis

279 3485 522 3548 subtenduntur
536 3485 626 3568 apud
648 3496 830 3569 aspectum,
845 3504 922 3546 cum
943 3484 1039 3547 suerit
1056 3483 1152 3547 Luna
1172 3475 1205 3545 i'n
1224 3482 1430 3566 longitudine

278 3607 339 3650 sua
356 3588 504 3652 maxima
521 3589 554 3652 in
576 3588 764 3671 plenilunio.
808 3588 905 3652 Tunc
926 3589 1013 3652 enim
1029 3589 1159 3652 videtur
1178 3607 1297 3670 corpus
1312 3585 1429 3649 Lunae

278 3692 448 3775 cooperire
475 3701 583 3755 totum
614 3692 727 3757 Solem
755 3714 816 3757 nec
843 3693 927 3775 plus,
950 3702 984 3756 et
1011 3693 1087 3757 ideo
1117 3705 1196 3756 tunc
1225 3691 1344 3754 dicitur
1370 3688 1428 3754 Sol

280 3796 386 3860 eidem
402 3797 527 3882 angulo
542 3798 696 3862 subtendi
716 3799 805 3882 apud
828 3808 1001 3882 aspectum
1023 3798 1074 3862 cui
1094 3796 1305 3860 subtenditur
1321 3795 1429 3858 Luna.

280 3900 351 3965 Nec
381 3902 568 3967 considerat
599 3903 838 3987 longitudinem
872 3903 961 3968 Solis
991 3903 1164 3979 diversam,
1186 3901 1264 3983 quia
1293 3910 1431 3983 propter

278 4004 478 4088 superfluam
502 4008 694 4072 distantiam
719 4029 785 4072 non
809 4009 929 4071 accidit
947 4007 1120 4071 diversitas
1138 4006 1171 4070 in
1194 4015 1342 4087 aspectu,
1359 4004 1430 4069 sive

280 4109 338 4175 Sol
354 4112 397 4176 sit
413 4112 445 4175 in
461 4110 668 4197 longitudine
687 4113 930 4196 propinquiore,
945 4114 1014 4175 sive
1034 4110 1193 4194 longiore.
1238 4110 1284 4173 Et
1306 4108 1430 4173 invenit

277 4238 337 4300 per
366 4218 426 4282 has
456 4217 744 4297 considerationes,
767 4218 857 4300 quod
885 4217 1066 4280 secundum
1092 4214 1184 4279 illam
1208 4214 1428 4297 quantitatem

278 4342 345 4404 qua
371 4322 532 4385 diameter
558 4321 677 4385 Lunae
703 4331 753 4385 est
777 4342 853 4404 pars
876 4342 951 4394 una,
974 4330 1008 4383 et
1030 4321 1194 4383 diameter
1214 4318 1337 4380 Terrae
1358 4326 1428 4379 tres

278 4436 389 4510 partes
412 4437 445 4491 et
468 4427 554 4491 duae
577 4426 713 4508 quintae
735 4425 812 4503 lere,
832 4426 892 4489 erit
916 4426 1077 4490 diameter
1097 4422 1185 4488 Solis
1207 4420 1245 4483 18
1265 4430 1376 4501 partes
1393 4427 1429 4481 et

278 4553 299 4611 4
321 4532 457 4616 quintae
479 4532 577 4595 unius
599 4531 709 4613 partis
756 4530 927 4594 Diameter
949 4550 1029 4611 ergo
1053 4528 1140 4593 Solis
1167 4526 1229 4591 erit
1251 4523 1428 4606 decuplum

277 4636 446 4721 octuplum
481 4637 523 4699 ad
558 4635 757 4699 diametrum
790 4635 915 4712 Lunae,
938 4644 972 4699 et
997 4643 1141 4717 quatuor
1169 4630 1306 4715 quintae
1335 4627 1406 4711 ejus
1418 4648 1428 4708 3
