3575 5375
388 621 445 681 142
599 604 754 664 OPERIS
779 603 967 675 MAJORIS
992 604 1106 663 PARS
1130 603 1314 678 QUARTA.

386 767 534 833 maxima
549 768 645 850 copia
660 767 838 846 elevantur,
854 777 888 831 et
904 777 981 832 sunt
996 769 1101 831 nubes
1116 767 1273 832 infinitae.
1319 765 1366 831 Et
1381 766 1456 831 ideo
1472 787 1542 832 non

385 880 518 956 oportet
535 882 571 937 ut
585 893 693 956 aquae
709 873 809 936 maris
824 873 972 937 ferveant
986 873 1019 936 in
1034 872 1138 937 iluxu.

798 1115 1026 1181 Caurunuu
1049 1115 1130 1180 VII.

430 1285 469 1349 In
489 1306 557 1368 quo
581 1284 811 1370 multiplicatio
825 1285 987 1350 virtutum
1008 1295 1221 1367 comparatur
1239 1284 1284 1349 ad
1304 1284 1484 1350 sanitatem
1506 1293 1541 1349 et

385 1388 609 1454 infirmitatem
624 1391 771 1474 corporis
787 1389 932 1454 humani.

215 1611 339 1663 Inuuenoe
431 1599 518 1662 Mira
540 1619 620 1682 ergo
643 1608 790 1683 potestas
813 1610 863 1664 est
886 1599 985 1682 hujus
1008 1598 1296 1683 multiplicationis
1322 1617 1400 1662 cum
1426 1597 1540 1661 omnia

217 1759 272 1808 mys
283 1759 316 1793 on

217 1678 245 1727 ⁰s
253 1678 340 1728 ⁸²e¹¹⁸¹
386 1701 467 1766 liant
482 1706 662 1768 secundum
679 1705 770 1788 leges
784 1705 855 1787 ejus
875 1714 910 1768 et
925 1704 1057 1769 occulta
1077 1716 1111 1768 et
1127 1703 1311 1769 manifesta.
1358 1704 1404 1768 Et
1419 1704 1539 1768 horum

217 1809 302 1859 health
314 1811 361 1860 and
385 1808 503 1871 notitia
519 1830 584 1874 non
601 1809 709 1875 solum
726 1810 908 1875 necessaria
923 1820 975 1874 est
993 1810 1027 1872 in
1046 1808 1279 1887 scientialibus,
1295 1810 1356 1873 sed
1376 1808 1538 1873 utilitates

216 1874 320 1926 disense.

386 1932 523 1994 magnas
546 1914 644 1978 nobis
667 1925 814 1997 praestat
838 1915 870 1978 in
892 1934 1033 1999 corpore
1054 1924 1089 1977 et
1111 1914 1145 1976 in
1168 1913 1288 1990 anima
1311 1913 1338 1976 si
1361 1913 1540 1996 diligenter

386 2016 629 2100 investigemus,
645 2039 722 2082 nam
738 2018 835 2082 valde
854 2019 935 2082 utile
955 2029 1006 2083 est
1026 2018 1110 2082 scire
1129 2018 1190 2081 has
1211 2018 1300 2101 leges
1316 2018 1349 2080 in
1364 2036 1538 2082 conserva-

385 2119 477 2184 tione
500 2121 659 2187 sanitatis.
714 2121 883 2204 Quoniam
910 2143 987 2191 cum
1012 2144 1078 2186 non
1103 2143 1278 2204 possumus
1294 2121 1400 2186 vitare
1422 2140 1540 2186 omnes

385 2225 579 2290 incidentiae
594 2226 778 2310 specierum
790 2238 825 2292 et
833 2226 993 2290 virtutum
1005 2248 1114 2290 rerum
1127 2225 1287 2290 malarum
1299 2236 1333 2291 et
1345 2226 1539 2290 nocivarum

386 2330 530 2408 sanitati,
561 2351 620 2394 nec
659 2351 833 2414 possumus
869 2351 1001 2413 semper
1031 2341 1148 2413 aptare
1176 2350 1315 2413 corpora
1349 2341 1462 2396 nostra
1493 2334 1539 2397 ad

385 2433 548 2516 pleniores
564 2455 659 2498 casus
671 2435 829 2500 virtutum
840 2435 1044 2499 venientium
1060 2457 1080 2498 a
1096 2435 1193 2498 rebus
1207 2434 1395 2511 salutiferis,
1406 2454 1539 2517 semper

384 2547 496 2602 tamen
513 2537 672 2602 debemus
688 2559 760 2604 esse
775 2539 907 2603 solliciti
923 2550 960 2604 ut
978 2558 1086 2603 rerum
1108 2539 1299 2603 nocivarum
1314 2540 1452 2604 virtutes
1470 2559 1539 2604 non

376 2627 555 2725 'capiamus
584 2643 790 2725 principales,
815 2643 941 2710 scilicet
967 2653 1071 2708 rectas
1098 2642 1217 2709 fractas
1247 2655 1281 2708 et
1304 2643 1456 2723 reflexas,
1477 2643 1539 2710 sed

384 2745 605 2811 accidentales
631 2748 658 2809 si
689 2768 873 2831 possumus,
896 2759 930 2813 et
954 2749 981 2812 si
1005 2769 1071 2813 non
1094 2769 1269 2831 possumus
1293 2749 1398 2814 vitare
1422 2770 1538 2815 omnes

384 2852 589 2936 principales,
612 2852 729 2917 saltem
756 2854 900 2917 vitemus
930 2864 1044 2933 rectas,
1071 2866 1105 2919 et
1130 2855 1158 2918 si
1183 2875 1250 2917 non
1281 2876 1398 2919 omnes
1419 2866 1538 2930 rectas,

383 2956 586 3021 declinemus
601 2977 713 3022 casum
729 2958 772 3021 ad
785 2958 925 3041 angulos
936 2970 1054 3036 rectos,
1064 2967 1098 3023 et
1113 2958 1140 3021 si
1153 2979 1218 3022 non
1230 2980 1405 3042 possumus
1416 2960 1537 3025 saltem

383 3080 560 3126 caveamus
576 3062 758 3144 pyramidis
770 3062 943 3127 breviores.
989 3063 1035 3128 Et
1044 3062 1108 3126 hae
1120 3063 1402 3128 considerationes
1411 3063 1538 3129 habent

382 3163 502 3241 locum,
528 3168 664 3248 quando
689 3166 791 3229 homo
821 3168 1002 3249 exponitur
1031 3167 1229 3232 coelestibus
1263 3168 1537 3251 impressionibus

381 3270 515 3349 nocivis,
534 3280 571 3334 ut
595 3271 658 3336 soli
685 3271 718 3335 in
742 3281 878 3350 aestate,
894 3282 928 3335 et
954 3271 1051 3335 lunae
1074 3273 1118 3335 de
1143 3282 1249 3349 nocte,
1270 3293 1357 3355 quae
1381 3272 1537 3336 exhaurit

382 3394 529 3459 corpora.
576 3376 677 3441 Unde
698 3376 794 3441 multi
815 3377 937 3440 mortui
956 3387 1035 3440 sunt
1055 3396 1120 3440 non
1140 3386 1295 3441 caventes
1314 3376 1377 3439 sibi
1398 3397 1419 3439 a
1437 3377 1539 3441 radiis

381 3477 487 3546 lunae.
534 3481 579 3544 Et
602 3482 775 3564 praecipue
797 3482 932 3564 quando
954 3479 1057 3544 homo
1079 3481 1257 3563 exponitur
1279 3480 1378 3545 radiis
1401 3479 1537 3546 Saturni

381 3594 416 3650 et
440 3584 569 3663 Martis,
587 3586 744 3668 quoniam
767 3586 822 3650 isti
844 3587 913 3649 duo
937 3585 1096 3649 inducunt
1120 3584 1299 3650 laesionem
1323 3604 1480 3667 magnam
1501 3596 1538 3650 et

382 3688 625 3772 corruptionem
642 3688 675 3751 in
692 3690 798 3766 rebus,
810 3699 847 3753 ut
862 3688 1068 3771 experientia
1083 3689 1192 3754 docet.
1231 3688 1390 3755 Similiter
1401 3691 1538 3772 quando

382 3790 485 3855 homo
501 3791 617 3874 recipit
632 3792 758 3874 species
773 3813 793 3856 a
808 3791 888 3858 locis
909 3793 1072 3878 corruptis
1091 3803 1126 3857 et
1142 3793 1331 3870 immundis,
1345 3802 1379 3857 et
1399 3794 1537 3877 quando

382 3893 643 3978 multiplicantur
663 3897 789 3980 species
814 3896 1020 3981 leprosorum
1042 3907 1077 3960 et
1100 3896 1305 3962 infirmorum
1329 3907 1363 3961 et
1387 3898 1538 3961 maxime

382 3997 511 4062 illorum
538 4000 596 4082 qui
618 4000 742 4065 habent
766 4002 901 4065 morbos
924 4001 1144 4086 contagiosos,
1163 4022 1223 4066 nec
1246 4022 1311 4065 non
1336 4022 1451 4065 eorum
1476 4002 1535 4084 qui

381 4102 505 4167 habent
519 4102 625 4167 malas
636 4104 896 4187 complexiones,
906 4116 940 4170 et
951 4106 1127 4190 praecipue
1137 4104 1283 4169 mulieris
1294 4114 1537 4184 menstruatae;

382 4207 538 4289 quoniam
553 4207 580 4271 si
599 4208 670 4291 ipsa
685 4209 823 4290 aspiciat
841 4209 1012 4293 speculum
1031 4230 1163 4282 novum,
1179 4219 1316 4291 apparet
1338 4210 1443 4273 nubes
1460 4229 1537 4273 san·

381 4311 500 4396 guinea
509 4312 541 4374 in
554 4311 688 4395 speculo
700 4334 744 4376 ex
753 4313 913 4378 violentia
925 4314 1084 4378 menstrui
1094 4313 1278 4385 inficientis,
1289 4324 1326 4378 ut
1336 4311 1537 4377 Aristoteles

381 4415 461 4480 dicit
478 4418 510 4480 in
527 4415 610 4481 libro
632 4417 675 4480 de
694 4418 821 4481 somnis
839 4427 873 4483 et
888 4417 1001 4501 vigilia
1022 4415 1194 4496 secundo¹‚
1209 4426 1243 4480 et
1262 4418 1305 4481 de
1325 4417 1536 4501 serpentibus

414 4571 423 4602 ¹
440 4571 479 4620 De
489 4572 634 4634 Insomrrir's,
646 4588 700 4636 cap.
714 4590 729 4623 a
744 4572 804 4622 lrnr
819 4574 869 4622 τῶν
884 4574 1039 4636 καταμηνίων
1050 4572 1102 4622 rnr'r
1117 4572 1211 4639 γυναιξὶ
1227 4572 1360 4638 γινομένω
1372 4572 1536 4639 ἀμβλέῄνσιν

380 4650 414 4699 elr
424 4648 455 4698 τὸ
466 4649 603 4715 κάτοπτρον
613 4650 705 4715 γίνεται
716 4650 746 4701 τὸ
758 4652 873 4715 ἐπιπολῆς
884 4653 930 4701 τοῦ
941 4652 1057 4717 ἑνόπρον
1068 4650 1120 4702 olor
1130 4651 1223 4717 νεφέλη
1235 4651 1377 4715 airardum.
