3575 5375
383 622 425 701 ⁸4
606 586 762 682 urrais
785 620 975 693 nasonis
1000 619 1114 679 anns
1143 617 1306 678 marm.

381 795 417 850 ut
446 786 528 852 dicit
560 785 788 869 Hieronymus
818 805 918 868 super
948 786 1127 870 septimum
1155 770 1320 850 decimum
1352 782 1534 865 capitulum

383 890 568 969 Genese0s;
591 901 794 973 quapropter
808 891 835 953 si
852 890 970 971 vulgus
985 890 1037 953 vel
1053 889 1155 973 aliqui
1168 889 1305 971 antiqui,
1319 897 1356 952 ut
1373 888 1537 952 Eusebius

382 995 602 1061 Caesariensis
615 995 649 1058 in
665 996 750 1059 libro
765 995 937 1058 nominum
949 995 1177 1058 Hebraeorum
1193 1013 1291 1077 quem
1312 990 1537 1074 Hieronymus

381 1100 414 1164 in
446 1100 604 1164 Latinum
628 1101 735 1175 vertit,
762 1110 796 1163 et
822 1098 886 1176 alii,
911 1098 1038 1163 famosa
1064 1100 1239 1163 abutentes
1265 1097 1536 1180 interpretatione

381 1206 496 1269 dicunt
510 1203 620 1268 Israel
632 1202 840 1287 interpretari
861 1224 921 1287 per
936 1205 1047 1267 virum
1071 1202 1231 1266 videntem
1252 1202 1367 1281 Deum,
1387 1201 1536 1264 dicamus

381 1328 458 1374 cum
482 1306 722 1391 Hieronym0¹.
766 1307 852 1371 Illud
868 1328 947 1371 vero
963 1308 1053 1390 quod
1075 1306 1108 1369 in
1123 1306 1209 1371 libro
1228 1305 1412 1370 Nominum
1436 1305 1536 1369 inter·

381 1419 530 1495 pretatur
557 1412 657 1476 lsrael
684 1411 746 1476 Vir
763 1411 877 1476 videns
898 1410 1005 1474 Deum
1028 1411 1175 1475 omnium
1200 1430 1284 1493 pene
1306 1430 1457 1473 sermone
1478 1410 1536 1473 de·

381 1528 507 1583 cretum
531 1527 690 1581 nontam
709 1537 788 1580 vero
814 1536 915 1598 quarn
938 1516 1102 1579 violenter
1123 1515 1373 1597 interpretatum
1397 1513 1536 1577 videtur.

382 1621 429 1684 Et
444 1622 546 1704 igitur
560 1641 619 1703 per
636 1620 817 1684 Eusebium
839 1620 871 1682 in
892 1618 978 1684 libro
995 1620 1177 1683 Nominum
1194 1639 1293 1701 quem
1311 1619 1536 1699 Hieronymus

381 1726 551 1790 transtulit
581 1726 613 1787 in
645 1725 802 1788 Latinum
829 1733 863 1788 et
893 1744 952 1806 per
982 1724 1199 1788 Ambrosium
1229 1735 1263 1787 et
1293 1724 1375 1787 alios
1401 1723 1535 1786 forsitan

380 1838 513 1894 sanctos
535 1828 679 1911 allegare
701 1830 728 1892 si
750 1829 824 1911 quis
846 1829 1006 1893 concedat
1029 1829 1118 1910 quod
1143 1839 1233 1893 recta
1255 1826 1353 1910 hujus
1375 1824 1536 1903 vocabuli

380 1933 495 2008 Israel,
508 1933 673 2017 expositio
685 1933 727 1996 sit
748 1931 810 1996 Vir
821 1933 933 1997 viduis
942 1932 1059 2010 Deum,
1071 1932 1247 1997 dicendum
1264 1940 1314 1995 est
1329 1932 1419 2014 quod
1434 1929 1536 1994 locuti

380 2049 458 2103 sunt
473 2037 653 2102 secundam
664 2037 835 2121 vulgatam
847 2038 1103 2120 expositionem,
1114 2046 1294 2119 antequam
1304 2037 1425 2099 veritas
1439 2034 1537 2098 fuerit

381 2142 549 2225 patefacta
570 2162 670 2224 quam
698 2152 816 2225 postea
841 2143 959 2206 beatus
985 2142 1212 2224 Hieronymus
1234 2162 1312 2204 vera
1334 2151 1368 2204 et
1390 2138 1536 2223 perfecta

381 2246 655 2329 interpretatione
670 2245 798 2311 Latinis
816 2246 984 2324 revelavit,
999 2246 1085 2309 sicut
1107 2246 1139 2309 in
1159 2245 1229 2327 ejus
1243 2243 1335 2308 libris
1350 2244 1536 2308 continetur

381 2361 415 2416 et
432 2352 465 2414 in
481 2351 575 2434 glosa
590 2352 692 2415 etiam
708 2350 860 2414 habetur.

426 2456 472 2519 Et
494 2456 522 2519 si
549 2455 658 2518 forsan
684 2456 804 2518 dicitur
833 2455 924 2538 quod
954 2456 1161 2519 consuetudo
1183 2453 1274 2537 vulgi
1300 2452 1531 2536 theologorum

382 2560 616 2624 modernorum
632 2558 717 2624 hanc
732 2558 1037 2640 interpretationem
1054 2558 1248 2641 frequentet,
1257 2566 1349 2640 patet
1362 2556 1531 2640 responsio

382 2683 443 2747 per
471 2663 662 2747 supradicta
695 2664 878 2727 secundum
911 2663 1149 2746 Augustinum,
1180 2672 1213 2726 et
1252 2661 1466 2746 Cyprianum
1500 2668 1534 2725 et

383 2767 559 2845 Isidorum,
567 2776 602 2829 et
613 2767 695 2831 alios
710 2778 744 2832 et
756 2787 815 2850 per
826 2769 933 2832 varias
946 2767 1184 2832 declarationes
1195 2765 1217 2829 ².
1253 2767 1341 2830 Nam
1354 2767 1534 2831 secundum

382 2891 440 2935 eos
467 2869 695 2934 manifestatae
718 2871 848 2934 veritati
873 2872 969 2935 cedat
993 2873 1208 2948 consuetudo,
1231 2881 1265 2935 et
1288 2871 1403 2934 relicto
1426 2890 1535 2934 errore

381 2975 472 3059 vulgi
488 2995 664 3058 sequamur
677 2975 860 3039 veritatem.
908 2977 952 3039 Et
968 2977 1058 3059 quod
1075 2998 1119 3040 ex
1137 2997 1228 3040 mera
1244 2976 1429 3058 ignorantia
1444 2976 1535 3039 venit

382 3099 449 3142 non
479 3079 579 3142 debet
606 3078 749 3161 allegari,
776 3079 860 3142 sicut
886 3081 1006 3144 accidit
1033 3081 1066 3143 in
1097 3081 1276 3163 proposito,
1300 3090 1334 3143 et
1360 3081 1536 3163 praecipue

382 3193 496 3247 contra
516 3191 685 3247 auctorem
706 3192 741 3246 et
755 3182 928 3247 doctorem
949 3203 1076 3248 sacrum
1099 3204 1164 3247 non
1187 3183 1265 3248 licet
1283 3183 1456 3257 contraire,
1471 3183 1559 3260 nisi,

381 3309 441 3371 pro
457 3309 493 3352 se
508 3289 651 3351 rationes
665 3286 864 3351 sufficientes
879 3299 914 3351 et
928 3287 1144 3352 auctoritates
1156 3287 1288 3371 allegat
1338 3287 1384 3351 Et
1395 3288 1438 3350 ad
1455 3307 1528 3350 om·

381 3411 458 3457 nem
468 3392 723 3456 affirmationem
734 3392 858 3474 poterit
868 3390 1008 3473 quilibet
1022 3391 1209 3456 Hebraicae
1221 3392 1343 3473 peritos
1353 3390 1534 3470 consulere,

380 3505 414 3560 et
444 3495 589 3558 inveniet
617 3495 816 3558 sententiam
845 3494 1047 3577 Hieronymi
1074 3505 1180 3558 ratam
1208 3505 1242 3559 et
1268 3495 1495 3558 inconcussam
1507 3494 1529 3558 ³.

382 3598 522 3664 Summa
537 3619 616 3662 vero
634 3599 813 3663 necessitas
831 3600 1051 3664 remediorum
1073 3598 1225 3663 falsitatis
1243 3601 1418 3682 requiritur
1434 3599 1467 3662 in
1483 3599 1536 3662 his

381 3702 704 3785 interpretationibus
720 3713 856 3786 propter
874 3703 1015 3767 formam
1034 3703 1181 3767 Hebraei
1203 3703 1383 3778 sermonis;
1406 3704 1533 3767 namin

381 3805 707 3888 interpretationibus
723 3806 867 3891 vulgatis
882 3829 969 3890 quae
987 3809 1019 3870 in
1039 3806 1105 3870 fine
1124 3806 1245 3871 bibliae
1265 3816 1441 3889 ponuntur,
1457 3817 1535 3872 sunt

380 3909 527 3974 infinitae
541 3911 731 3974 occasiones
747 3930 914 3974 errorum:
937 3921 1072 3993 propter
1086 3910 1149 3974 hoc
1165 3930 1313 3976 erramus
1325 3912 1415 3994 quod
1432 3931 1535 3974 unum

379 4013 578 4079 vocabulum
593 4015 788 4079 aestimatur
803 4015 947 4097 simplex
963 4017 1144 4079 secundum
1161 4035 1309 4078 normam
1328 4015 1535 4094 Latinorum,

381 4120 470 4203 quod
493 4129 544 4182 est
571 4118 747 4200 multiplex
773 4120 863 4201 apud
889 4119 1082 4184 Hebraeos:
1106 4129 1140 4183 et
1162 4120 1387 4184 abundantius
1409 4130 1536 4184 erratur

380 4225 471 4308 quod
501 4223 561 4288 tali
585 4223 747 4288 vocabulo
773 4224 895 4289 dantur
919 4225 1029 4289 variae
1059 4225 1349 4309 interpretationes
1375 4235 1534 4308 tanquam

415 4421 423 4451 ¹
439 4421 496 4470 The
512 4420 658 4469 remainder
675 4420 706 4468 of
721 4420 766 4468 the
786 4421 930 4484 paragraph
948 4421 970 4470 is
991 4422 1099 4470 omitted
1119 4422 1146 4472 in
1166 4421 1199 4472 Ο.
1217 4422 1268 4471 and
1290 4421 1312 4471 is
1330 4421 1450 4485 supplied
1467 4423 1534 4474 from

380 4499 433 4607 lu}
439 4584 483 4629 et.
496 4615 504 4628 .
518 4612 525 4626 .
537 4576 727 4626 declarationes
739 4591 790 4624 orn.
802 4576 828 4623 in
838 4575 871 4625 Ο.

414 4655 424 4684 ¹
441 4655 504 4704 This
514 4663 638 4704 sentence
650 4655 756 4703 omitted
768 4655 794 4702 in
806 4653 839 4703 Ο.
