3575 5375
591 659 765 729 JUDICIA
792 657 1112 718 ASTRONOMIAE.
1367 657 1428 734 265

279 830 389 888 motus
419 833 557 888 octavae
588 822 747 906 sphaerae
777 829 849 884 erat
871 841 914 884 ex
938 820 1041 905 signis
1062 820 1173 884 circuli
1197 820 1290 902 parvi
1312 821 1427 884 decern

277 929 409 1013 gradus,
440 929 589 1010 quinque
620 927 757 1005 minuta,
789 927 811 988 li
845 928 1001 1003 secunda,
1031 925 1126 988 xxvii
1157 926 1264 1001 tertia,
1293 934 1327 988 et
1356 936 1427 988 erat

279 1033 456 1098 minuenda
472 1054 492 1097 a
507 1032 587 1096 locis
605 1032 754 1097 omnium
777 1030 986 1113 planetarum
1001 1055 1008 1107 ;
1030 1031 1117 1094 unde
1137 1037 1365 1094 remanserunt
1385 1029 1427 1092 de

279 1135 396 1200 Ariete
438 1137 460 1200 ii
494 1138 626 1221 gradus,
665 1136 722 1199 xiv
757 1135 892 1210 minuta,
926 1134 985 1197 xlii
1024 1136 1178 1199 secunda.
1226 1133 1312 1198 Cum
1347 1152 1428 1215 ergo

278 1240 461 1305 differentia
484 1243 567 1304 inter
589 1243 670 1304 duas
692 1240 942 1322 conjunctiones
964 1259 1023 1321 per
1044 1259 1158 1302 cursus
1181 1238 1307 1303 medios
1328 1238 1429 1302 addat

277 1345 333 1408 viii
366 1347 467 1428 signa,
498 1345 521 1407 ii
558 1346 690 1427 gradus,
720 1365 794 1407 xxv
823 1344 960 1418 minuta,
990 1344 1061 1406 xvii
1095 1344 1249 1416 secunda,
1280 1342 1428 1424 sequitur

276 1449 368 1531 quod
388 1451 585 1533 praecedens
604 1449 791 1531 conjunctio
812 1444 918 1511 suerat
937 1449 970 1510 in
992 1448 1121 1513 Cancro
1148 1448 1235 1510 xxix
1259 1447 1426 1530 gradibus,

278 1552 300 1615 li
330 1553 475 1627 minutis,
506 1573 578 1616 xxv
615 1552 776 1630 secundis,
807 1560 840 1614 et
872 1552 919 1615 ita
956 1561 1085 1615 mutata
1114 1551 1177 1615 luit
1206 1550 1377 1633 triplicitas
1407 1569 1427 1612 a

276 1656 372 1740 signo
394 1658 549 1740 aquatico
572 1658 615 1720 ad
638 1657 782 1739 igneum.
828 1654 864 1720 Si
888 1675 968 1719 vero
990 1656 1072 1720 haec
1095 1655 1285 1737 conjunctio
1314 1655 1428 1719 luisset

278 1758 495 1844 propinquior
510 1760 610 1844 capiti
627 1759 764 1837 Arietis,
780 1757 894 1822 suisset
911 1759 1069 1832 maxima,
1084 1769 1118 1823 et
1138 1771 1218 1824 tunc
1237 1768 1332 1823 erant
1351 1757 1427 1822 anni

278 1862 479 1928 Graecorum
495 1862 632 1947 perfecti
647 1863 784 1928 trecenti
800 1863 946 1946 quinque
960 1874 995 1927 et
1008 1883 1129 1927 novem
1151 1852 1339 1938 menses,et
1360 1861 1429 1926 lere

277 1968 358 2031 xviii
374 1970 453 2044 dies,
469 1970 559 2049 quod
577 1977 688 2050 potest
703 1967 833 2050 probari
850 1987 911 2048 per
924 1967 1058 2030 tabulas
1073 1987 1245 2030 annorum.

323 2073 384 2137 Per
399 2073 622 2137 revolutiones
640 2092 716 2135 vero
732 2080 883 2134 motuum
901 2070 1107 2153 planetarum
1122 2072 1330 2135 considerant
1346 2070 1426 2135 illud
1440 2075 1601 2154 Influmoeot

278 2178 376 2243 idem.
423 2177 512 2239 Nam
536 2175 743 2239 Albumazar
766 2185 884 2238 octava
908 2174 1095 2237 differentia
1119 2173 1194 2238 libri
1221 2175 1356 2239 secundi
1384 2175 1428 2238 de
1438 2141 1592 2257 {Jigffis

279 2281 565 2361 conjunctionibus
580 2279 668 2352 dicit,
683 2280 773 2360 quod
790 2297 884 2342 mora
899 2289 1007 2342 sectae
1022 2287 1055 2341 et
1071 2279 1162 2361 regni
1177 2288 1211 2343 et
1227 2280 1426 2360 permutatio
1439 2273 1597 2338 onpolitieal

278 2384 432 2448 accidunt
446 2384 621 2465 praecipue
632 2382 812 2446 secundum
824 2383 1044 2464 quantitatem
1057 2384 1173 2446 decem
1184 2382 1426 2447 revolutionum
1439 2339 1559 2468 :enpgious

280 2487 519 2561 Saturniarum‚
536 2486 711 2569 praecipue
725 2487 752 2549 si
770 2484 914 2550 Saturno
929 2487 1104 2550 conveniat
1120 2488 1261 2551 mutatio
1276 2488 1319 2551 ad
1335 2488 1430 2571 signa
1441 2470 1544 2534 change

279 2591 423 2668 mobilia,
459 2611 547 2674 quae
590 2599 667 2655 sunt
712 2589 851 2667 Cancer,
897 2588 1008 2669 Libra,
1052 2590 1279 2674 Capricornus,
1320 2590 1429 2667 Aries,

279 2696 462 2760 dummodo
482 2696 611 2779 Jupiter
633 2695 731 2758 luerit
751 2696 873 2759 cadens
897 2695 940 2758 ab
955 2715 1006 2758 eo.
1051 2694 1119 2759 Sed
1137 2697 1164 2759 si
1179 2693 1310 2777 Jupiter
1332 2694 1430 2761 fuerit

279 2822 354 2865 curn
378 2822 427 2879 eo,
449 2812 506 2865 aut
529 2800 667 2885 aspiciat
689 2819 778 2875 eum,
801 2800 927 2864 minuet
954 2799 1095 2864 multum
1118 2803 1160 2865 de
1182 2801 1272 2864 malo
1293 2812 1430 2886 propter

279 2906 351 2988 ejus
380 2905 571 2970 bonitatem.
629 2904 774 2987 Quando
811 2905 899 2968 enirn
936 2904 1068 2969 fuerunt
1097 2905 1284 2989 completae
1312 2908 1429 2971 decern

279 3011 502 3074 revolutiones
519 3009 652 3075 Saturni
669 3010 701 3072 in
718 3008 836 3073 diebus
858 3008 963 3085 Darii,
978 3010 1039 3074 luit
1059 3011 1228 3092 apparitio
1243 3010 1429 3075 Alexandri

279 3116 400 3197 magni,
416 3124 449 3179 et
465 3116 644 3179 destructio
663 3115 756 3197 regni
778 3113 959 3178 Persarum.
1005 3113 1052 3179 Et
1073 3114 1203 3179 circiter
1217 3124 1294 3196 post
1310 3116 1428 3179 decern

278 3218 362 3283 alias
375 3219 595 3283 revolutiones
610 3218 793 3300 completas
808 3220 962 3299 apparuit
972 3218 1068 3298 Jesus
1084 3218 1169 3281 filius
1186 3218 1322 3296 Mariae,
1331 3240 1431 3302 super

279 3343 378 3405 quem
401 3332 478 3386 sunt
501 3324 668 3386 orationes
691 3342 767 3385 cum
794 3323 1039 3405 permutatione
1060 3332 1180 3386 sectae.
1227 3321 1273 3385 Et
1294 3324 1429 3405 quando

279 3426 466 3506 completae
484 3436 562 3488 sunt
577 3426 691 3487 decem
706 3424 792 3487 aliae
802 3424 956 3506 apparuit
973 3424 1066 3487 Meni
1079 3422 1101 3497 ¹,
1117 3434 1151 3487 et
1162 3425 1251 3488 veuit
1267 3446 1343 3489 cum
1356 3426 1430 3509 lege

279 3538 431 3610 quaeest
453 3530 540 3593 inter
567 3530 717 3612 Paganos
741 3541 775 3592 et
795 3528 996 3592 Nazarenos.
1042 3528 1088 3592 Et
1107 3538 1185 3611 post
1205 3531 1320 3593 decem
1346 3530 1429 3594 alias

278 3633 368 3697 veuit
391 3631 613 3707 MahometuS,
636 3642 670 3696 et
693 3630 831 3697 sortasse
854 3631 936 3696 illud
959 3642 1009 3697 est
1038 3642 1117 3696 ante
1147 3632 1429 3715 complementum

279 3740 394 3803 decem
411 3739 661 3811 revolutionum,
678 3747 714 3802 ut
729 3738 764 3801 in
780 3738 982 3802 revolutione
1000 3758 1098 3812 nona,
1112 3749 1147 3803 et
1165 3739 1274 3803 forsan
1289 3751 1375 3824 post,
1391 3750 1430 3805 ut

279 3845 311 3906 in
333 3844 515 3907 undecima
562 3842 608 3905 Et
628 3842 708 3907 illud
727 3852 778 3906 est
798 3844 979 3908 secundum
999 3845 1220 3927 quantitatem
1239 3844 1320 3926 ejus,
1339 3847 1431 3929 quod

280 3948 421 4030 exigunt
443 3947 694 4030 conjunctiones
715 3948 926 4031 praemissae,
952 3968 1038 4031 quae
1067 3959 1145 4013 sunt
1175 3949 1327 4013 fortiores
1358 3953 1429 4014 istis

280 4050 548 4115 revolutionibus.
595 4050 640 4115 Et
660 4051 811 4116 similiter
835 4062 983 4117 mutatur
997 4054 1094 4117 citius
1115 4053 1166 4116 vel
1190 4054 1316 4118 tardius
1339 4066 1430 4118 secta

280 4157 459 4219 secundum
504 4156 724 4238 proprietates
768 4155 974 4238 planetarum
1026 4157 1270 4221 dominantium
1319 4160 1431 4241 regnis

280 4260 429 4334 diversis,
452 4268 488 4323 ut
519 4259 682 4324 Saturnus
706 4259 821 4323 Indiae
842 4261 1040 4335 dominatur,
1061 4260 1192 4345 Jupiter
1215 4260 1428 4344 Babyloniae,

282 4363 373 4426 Mars
395 4361 570 4439 Thraciae,
592 4362 650 4428 Sol
677 4364 837 4429 Romanis
859 4375 893 4429 et
920 4365 1061 4449 imperio
1090 4385 1215 4437 eorum,
1246 4364 1429 4428 Mercurius

279 4467 451 4550 Aegypt0,
471 4466 568 4531 Luna
587 4465 700 4534 Asiae.

312 4608 321 4637 ¹
341 4611 418 4673 lieni,
430 4612 577 4674 commonly
587 4612 692 4661 written
707 4613 807 4676 lienes,
816 4614 838 4663 is
847 4614 891 4664 the
903 4614 1084 4676 originatoroi
1091 4614 1135 4662 the
1145 4612 1314 4662 Manichaean
1323 4614 1428 4677 heresy,

279 4689 366 4740 which
377 4705 453 4740 arose
464 4691 491 4739 iu
506 4690 692 4755 Mesopotamia
703 4693 817 4742 towards
830 4693 875 4742 the
886 4694 939 4743 end
950 4693 981 4742 oi
987 4693 1033 4742 the
1043 4692 1114 4742 third
1125 4698 1243 4755 century.
