3575 5375
376 647 728 708 MATHEMATICAE
753 650 805 708 IN
826 651 1030 712 PHYSICIS
1058 653 1265 715 UTILITAS.
1369 672 1427 736 133

276 811 500 882 habitationis.
524 822 558 875 et
585 813 787 877 inveniemus
809 815 901 896 quod
924 815 998 879 loca
1020 816 1082 880 sub
1105 817 1188 900 polis
1209 821 1325 883 mundi
1348 831 1426 884 sunt
1439 848 1562 904 tempera-

277 915 471 980 naturaliter
493 916 722 982 inhabitabilia
744 928 881 1001 propter
904 919 1016 1002 frigus
1073 922 1145 985 Nec
1168 924 1306 988 obstant
1329 925 1424 988 nobis
1438 905 1561 1021 mg}

276 1022 420 1086 rationes
434 1023 585 1103 superius
600 1033 780 1087 annotatae
796 1044 855 1105 pro
872 1026 1101 1106 pyramidibus
1116 1027 1331 1110 longioribus,
1347 1049 1424 1092 nam
1438 1038 1555 1101 nanding

275 1124 360 1189 sicut
384 1126 428 1189 ibi
447 1126 573 1190 dictum
595 1138 653 1199 est,
670 1129 973 1192 demonstrationes
990 1151 1051 1212 pro
1070 1132 1298 1213 pyramidibus
1319 1132 1425 1197 brevi·
1439 1103 1566 1233 heanygfflor

275 1229 388 1293 oribus
404 1230 539 1294 vincunt
556 1231 588 1293 in
604 1230 666 1295 hac
681 1243 786 1314 parte,
803 1235 956 1315 quamvis
971 1237 1080 1297 omnis
1094 1235 1196 1298 homo
1211 1238 1266 1319 qui
1286 1238 1426 1301 nesciret
1438 1250 1555 1285 summer.

277 1332 467 1415 hujusmodi
490 1335 617 1398 radices
641 1335 924 1419 multiplicationis
942 1337 1025 1401 lucis
1044 1339 1228 1403 vinceretur
1245 1362 1304 1424 per
1327 1362 1426 1423 pyra-

277 1438 382 1501 mides
412 1437 585 1521 longiores.
649 1437 716 1504 Sed
748 1461 860 1504 verum
891 1427 953 1518 est,
983 1443 1073 1523 quod
1107 1444 1181 1507 coni
1214 1445 1426 1527 pyramidum

276 1543 480 1607 venientium
503 1543 546 1606 ad
570 1543 642 1608 loca
668 1546 731 1608 sub
754 1545 839 1626 polis
867 1546 964 1610 nimis
993 1547 1119 1610 distant
1141 1569 1160 1610 a
1187 1547 1267 1624 sole,
1290 1558 1324 1612 et
1351 1550 1427 1613 ideo

276 1646 402 1710 debiles
417 1656 502 1723 sunt,
518 1667 579 1710 nec
595 1659 733 1730 possunt
748 1648 809 1712 nisi
828 1648 957 1714 elevare
974 1671 1114 1731 vapores
1129 1653 1173 1716 ab
1188 1673 1276 1734 aqua
1291 1662 1325 1716 et
1339 1664 1428 1718 terra

276 1750 310 1814 in
325 1770 443 1828 aerem,
453 1762 487 1814 et
503 1772 570 1815 non
587 1764 725 1835 possunt
741 1773 798 1816 eos
813 1773 1027 1831 consumere3
1050 1765 1083 1819 et
1099 1756 1173 1819 ideo
1188 1766 1320 1839 oportet
1337 1759 1427 1839 quod

277 1875 333 1917 aer
348 1855 391 1918 sit
407 1858 528 1920 densus
543 1867 578 1920 et
599 1855 796 1940 caliginosus
808 1868 843 1922 et
863 1859 1058 1941 congelatus
1077 1880 1135 1942 per
1150 1880 1289 1943 vapores
1305 1862 1428 1942 ubique

277 1967 310 2022 et
325 1979 465 2042 semper,
481 1970 517 2023 ut
536 1960 581 2023 ibi
603 1960 736 2042 plantae
752 1972 786 2025 et
804 1962 958 2026 animalia
976 1983 1043 2027 non
1066 1965 1194 2047 possint
1208 1964 1328 2040 vivere,
1342 1963 1428 2028 sicut

277 2063 378 2126 docet
395 2063 604 2128 Ptolemaeus
627 2064 659 2126 in
682 2064 767 2128 libro
788 2067 832 2130 de
854 2067 1073 2148 dispositione
1093 2067 1262 2149 sphaerae.
1310 2067 1378 2132 Sed
1398 2069 1426 2131 si

276 2186 352 2230 cum
369 2167 594 2251 pyramidibus
608 2168 813 2250 longioribus
831 2171 995 2234 addamus
1010 2172 1223 2235 autoritatem
1233 2171 1427 2236 Aristotelis

276 2272 421 2334 secundo
436 2273 479 2334 de
489 2272 731 2354 vegetabilibus
747 2273 897 2352 dicentis,
909 2275 1011 2356 ‘quod
1023 2275 1113 2358 apud
1129 2273 1204 2338 eos¹
1221 2275 1277 2338 ubi
1293 2275 1426 2359 prolon-

276 2385 397 2458 gantur
412 2374 499 2450 dies,'
517 2376 574 2440 &c
590 2387 624 2439 et
639 2377 704 2441 hoc
719 2388 779 2454 est,
794 2387 832 2441 ut
847 2381 947 2442 docet
966 2388 1209 2442 commentator
1226 2398 1326 2462 super
1345 2378 1426 2442 illud

276 2481 424 2554 verbum,
440 2480 496 2544 ubi
520 2492 571 2544 est
591 2482 749 2545 dimidius
770 2502 875 2546 annus
894 2484 977 2558 dies,
994 2493 1028 2547 et
1048 2483 1205 2547 dimidius
1220 2503 1324 2546 annus
1345 2503 1426 2559 nox,

278 2604 343 2647 non
360 2595 437 2648 sunt
451 2584 607 2648 animalia
623 2605 683 2649 nec
698 2587 840 2668 plantae,
853 2587 930 2670 quia
947 2587 1038 2651 calor
1053 2587 1237 2652 combussit
1253 2587 1426 2651 materiam

277 2708 411 2766 eorum3
439 2691 605 2754 videbitur
627 2692 716 2772 quod
740 2691 797 2755 illa
820 2692 893 2757 loca
915 2695 978 2758 sub
1001 2692 1086 2776 polis
1108 2693 1175 2756 sint
1198 2692 1426 2756 inhabitabilia

277 2802 411 2876 propter
426 2794 580 2872 calorem,
591 2815 658 2858 non
674 2807 810 2879 propter
825 2796 937 2879 frigus.
975 2796 1064 2860 Nam
1080 2795 1300 2879 proculdubio
1315 2796 1359 2859 ibi
1376 2805 1428 2861 est

278 2898 433 2963 dimidius
453 2918 560 2963 annus
574 2900 654 2972 dies,
670 2910 703 2963 et
720 2909 798 2963 tunc
814 2902 982 2965 videretur
995 2902 1088 2983 quod
1104 2901 1194 2965 calor
1208 2900 1305 2964 nimis
1319 2902 1427 2965 abun·

276 3005 383 3081 daret,
397 3003 478 3067 dum
501 3003 552 3067 sol
573 3004 757 3087 ingreditur
778 3006 922 3088 primum
942 3008 1084 3087 gradum
1105 3004 1239 3077 Arietis,
1256 3024 1428 3087 usquequo

276 3108 387 3173 veniat
402 3109 445 3173 ad
459 3108 600 3191 primum
614 3110 754 3191 gradum
770 3109 903 3185 Librae,
915 3120 950 3173 et
961 3110 1025 3173 hoc
1037 3131 1096 3192 per
1105 3109 1280 3173 dimidium
1291 3128 1426 3171 annum.

279 3212 324 3276 Et
357 3213 467 3276 adhuc
496 3214 631 3276 additur
660 3215 750 3295 quod
782 3213 962 3277 diluculum
992 3214 1194 3277 matutinum
1225 3211 1339 3293 incipit
1367 3232 1428 3294 per

277 3336 423 3380 mensem
439 3326 473 3379 et
488 3317 664 3380 dimidium
679 3327 757 3381 ante
771 3328 880 3381 ortum
898 3318 978 3381 solis
992 3336 1093 3399 super
1106 3326 1239 3391 terram,
1248 3325 1282 3379 et
1295 3336 1427 3399 crepus-

276 3421 388 3484 culum
422 3421 646 3503 vespertinum
676 3421 774 3485 durat
804 3442 864 3504 per
893 3441 1041 3485 mensem
1068 3430 1103 3484 et
1135 3419 1309 3483 dimidium
1340 3419 1427 3483 ultra

277 3544 433 3589 occasum
456 3525 545 3602 solis,
561 3526 607 3589 ita
623 3536 658 3589 ut
678 3526 789 3589 lumen
810 3526 890 3589 solis
907 3535 1068 3609 appareat
1090 3544 1190 3607 super
1204 3534 1325 3587 terram
1349 3532 1428 3586 ante

276 3640 385 3693 ortum
408 3639 441 3692 et
464 3650 618 3694 occasum
641 3650 700 3713 per
721 3639 829 3696 totum
851 3641 986 3712 tempus
1008 3629 1144 3706 dictum,
1166 3627 1252 3691 sicut
1275 3627 1371 3691 nobis
1393 3628 1426 3689 in

276 3744 403 3799 aestate
426 3744 504 3816 post
526 3754 681 3799 occasum
705 3744 739 3797 et
762 3735 795 3798 in
818 3755 938 3798 aurora
960 3742 1099 3817 apparet
1122 3732 1182 3796 lux
1204 3731 1303 3808 solis3
1325 3751 1428 3815 quare

277 3860 337 3923 per
350 3839 590 3923 longitudinem
608 3840 791 3922 crepusculi
807 3849 841 3903 et
855 3859 994 3903 aurorae
1006 3838 1146 3902 multum
1158 3837 1428 3920 augmentabitur

277 3946 376 4023 calor,
386 3944 466 4027 quia
482 3963 547 4007 non
565 3943 687 4008 habent
703 3954 834 4007 noctem
850 3942 1050 4025 profundam
1067 3943 1128 4005 nisi
1144 3962 1205 4024 per
1215 3952 1282 4005 tres
1298 3961 1428 4005 menses

277 4050 363 4124 anni,
380 4059 417 4113 ut
440 4059 567 4113 certum
591 4058 642 4111 est
661 4069 720 4131 per
743 4068 858 4112 omnes
876 4058 1010 4112 autores
1030 4056 1064 4110 et
1087 4046 1235 4130 singulos
1254 4045 1428 4129 sapientes.

278 4154 365 4218 Item
384 4152 434 4216 sol
450 4172 618 4236 nunquam
635 4153 759 4217 recedit
774 4151 817 4215 ab
833 4152 889 4229 eis,
905 4151 967 4214 nisi
983 4171 1042 4234 per
1063 4152 1246 4214 maximam
1269 4150 1347 4212 solis
1370 4150 1426 4214 de·

276 4258 500 4335 clinationem,
515 4278 600 4339 quae
621 4254 688 4319 fere
709 4265 759 4319 est
782 4253 845 4333 24²
860 4256 992 4336 gradus,
1010 4254 1088 4337 quia
1105 4252 1356 4337 aequinoctialis
1376 4261 1428 4317 est

312 4448 317 4475 ¹
335 4446 391 4497 The
407 4446 541 4497 reference
559 4446 712 4510 apparently
725 4446 747 4496 is
761 4454 788 4495 to
800 4446 845 4495 the
860 4444 1019 4507 apocrypha!
1033 4442 1117 4505 work,
1126 4442 1167 4491 De
1179 4440 1286 4503 Plantas,
1305 4440 1349 4488 hb.
1366 4439 1390 4489 ii.
1413 4455 1428 4501 Ἰ

276 4522 336 4573 'Ei'
346 4525 360 4573 ὁ
372 4524 440 4588 rum
451 4523 594 4587 waima
605 4524 636 4587 ni
647 4524 725 4588 luter
738 4522 850 4587 'rovira
865 4524 891 4572 o
907 4522 938 4586 ni
952 4521 1045 4584 mla«
1060 4518 1137 4570 αὺτοῦ
1152 4518 1192 4568 ¹⁶⁰²
1208 4516 1369 4581 wwuv'v
1384 4517 1428 4579 vir

275 4602 409 4667 hypbrmos
419 4604 465 4652 οὐκ
475 4602 528 4664 ἔχει
539 4600 570 4651 τὸ
580 4601 659 4664 φυτὸν
670 4604 779 4663 lindum
789 4600 873 4666 φύλλα
883 4600 923 4650 ml
934 4597 1037 4662 καρποὺς
1048 4596 1170 4662 προάγειν.

310 4682 321 4714 ’
337 4682 361 4732 lt
373 4698 433 4745 may
445 4682 477 4733 be
492 4682 582 4743 noted,
595 4697 661 4731 once
675 4681 716 4732 sor
726 4682 770 4744 all,
782 4682 838 4731 that
852 4680 879 4729 in
898 4680 942 4729 the
957 4679 1042 4728 oldest
1056 4676 1134 4727 MSS.
1145 4675 1175 4726 oi
1189 4675 1234 4725 the
1250 4674 1323 4738 opus
1332 4672 1428 4739 Hujus,
