3575 5375
426 632 778 691 MATHEMATICAE
803 634 853 691 IN
876 635 1047 694 DIVINIS
1074 636 1280 695 UTILITAS.
1368 635 1424 714 183

274 804 478 876 quapropter
499 815 634 858 necesse
658 805 709 859 est
735 796 932 878 theologum
955 797 1040 863 bene
1059 800 1141 864 scire
1163 799 1328 876 coelestia,
1352 807 1423 862 tum

274 908 411 980 propter
433 899 687 981 occupationem
713 902 947 982 quaestionum
963 903 997 966 in
1020 905 1192 967 sententiis
1215 913 1250 967 et
1271 906 1421 978 summis,

273 1011 345 1064 tum
368 1012 506 1086 propter
527 1003 636 1086 ipsum
659 1015 803 1069 textum.

317 1105 471 1170 Secunda
488 1107 583 1170 radix
607 1109 830 1174 astronomiae
852 1121 1002 1193 respectu
1025 1111 1212 1194 theologiae
1234 1124 1268 1175 et
1291 1112 1424 1195 proprie
1437 1117 1572 1183 (austra

273 1221 422 1293 respectu
452 1219 567 1274 textus
596 1213 748 1277 consistit
778 1213 810 1277 in
834 1212 983 1278 locorum
1006 1217 1121 1279 mundi
1148 1216 1421 1280 consideratione.
1433 1199 1530 1301 2355„

273 1313 362 1377 Nam
374 1323 466 1378 totus
478 1323 593 1380 textus
604 1325 654 1379 est
671 1316 787 1400 plenus
805 1317 855 1380 his
874 1317 964 1392 locis,
977 1329 1011 1382 et
1026 1319 1101 1382 ideo
1114 1319 1194 1381 nihil
1210 1319 1422 1401 magnificum
1434 1316 1539 1367 Biblioel

272 1418 344 1480 sciri
361 1428 472 1500 potest
486 1420 549 1484 nisi
564 1420 709 1484 sciantur
720 1420 801 1486 haec
816 1420 899 1486 loca.
930 1422 1018 1485 Tota
1029 1424 1114 1485 enim
1127 1424 1226 1486 series
1237 1425 1421 1506 scripturae
1433 1384 1585 1449 geogmphy.

271 1523 415 1587 decurrit
440 1545 541 1607 penes
563 1525 721 1607 regiones,
744 1526 905 1604 civitates,
928 1528 1066 1606 deserta,
1089 1539 1229 1606 monteS,
1253 1529 1365 1605 maria,
1387 1538 1421 1592 et

271 1636 401 1691 caetera
423 1627 496 1692 loca
520 1629 644 1706 mundi,
658 1649 797 1711 quorum
819 1631 985 1695 certitudo
1006 1651 1071 1694 non
1092 1641 1203 1714 potest
1223 1632 1336 1695 haberi
1359 1632 1421 1695 nisi

272 1751 331 1813 per
345 1732 499 1796 scientias
514 1734 709 1817 praedictas,
726 1735 806 1817 quia
819 1733 937 1798 harum
954 1736 1125 1817 proprium
1147 1746 1197 1800 est
1218 1737 1421 1819 distinguere

272 1847 382 1918 partes
405 1836 604 1901 habitabiles
623 1859 642 1900 a
662 1858 727 1901 non
750 1838 997 1917 habitabilibus,
1020 1848 1054 1901 et
1071 1839 1253 1903 habitabile
1275 1841 1421 1904 dividere

272 1939 304 2002 iu
326 1949 393 2003 tres
415 1951 527 2023 partes
550 1961 696 2023 magnas,
721 1941 900 2026 Europam,
915 1941 1073 2018 Africam,
1092 1953 1126 2006 et
1142 1942 1271 2021 Asiam,
1286 1955 1320 2008 et
1341 1945 1421 2006 istas

270 2053 336 2108 tres
361 2045 393 2107 in
416 2055 543 2127 septem
567 2044 702 2110 climata
724 2056 813 2121 nota,
837 2056 968 2129 praeter
989 2046 1055 2111 alia
1073 2046 1208 2111 climata
1231 2047 1421 2129 irregularia

269 2147 475 2233 quamplura.
523 2149 567 2214 Et
583 2149 664 2214 haec
680 2149 813 2214 climata
828 2150 1103 2215 certitudinaliter
1117 2151 1179 2213 nisi
1195 2171 1253 2234 per
1263 2152 1420 2215 virtutem

270 2252 399 2317 illarum
415 2254 626 2318 scientiarum
642 2255 747 2319 nescit
761 2255 937 2337 quisquam
951 2274 1105 2337 separare
1126 2255 1160 2316 in
1179 2255 1362 2337 provincias
1385 2268 1420 2318 et

269 2358 420 2442 regiones
450 2368 484 2422 et
513 2369 643 2423 caetera
673 2358 755 2440 loca,
782 2369 820 2423 ut
849 2360 1060 2423 inveniantur
1086 2359 1236 2422 civitates
1260 2367 1359 2421 notae
1385 2370 1419 2422 et

269 2461 423 2536 famosae,
447 2464 532 2528 sicut
553 2464 748 2546 Jerusalem,
765 2463 928 2545 Babylon,
945 2463 1069 2537 Meroe,
1085 2461 1303 2538 Alexandria,
1320 2462 1419 2526 Anti-

268 2566 374 2642 ochia,
391 2567 553 2649 Ephesus,
570 2568 736 2646 Athenae,
752 2568 885 2642 Tarsus,
903 2568 1022 2645 Roma,
1037 2577 1071 2630 et
1087 2576 1236 2632 caeterae
1251 2588 1332 2649 prae
1346 2566 1418 2631 aliis

268 2681 404 2736 notatae
415 2674 459 2738 ab
470 2672 645 2757 astrologis
656 2674 837 2738 secundum
850 2673 999 2737 debitam
1012 2672 1204 2736 distantiam
1216 2673 1419 2749 abinvicem,

268 2786 302 2841 et
320 2776 364 2841 ab
379 2778 503 2841 oriente
521 2788 556 2843 et
576 2779 620 2841 ab
640 2780 822 2856 occidente,
838 2778 1065 2861 septentrione
1085 2787 1119 2840 et
1141 2777 1285 2858 meridie,
1299 2777 1418 2858 quibus

268 2880 406 2945 inventis
438 2892 593 2964 poterunt
623 2892 657 2946 et
687 2884 836 2966 regiones
865 2883 1011 2947 famosae
1040 2883 1084 2945 ab
1108 2882 1155 2944 eis
1188 2881 1420 2946 denominatae

269 2984 412 3062 inveniri,
428 2998 463 3049 et
477 2987 582 3049 maria
598 2996 631 3049 et
645 2988 776 3051 deserta
793 2999 827 3050 et
842 2996 974 3050 montes
990 2997 1024 3051 et
1039 2985 1153 3049 omnia
1168 3006 1254 3067 quae
1270 2986 1303 3049 in
1318 2986 1419 3050 sacris

266 3087 370 3153 literis
400 3090 619 3153 continentur.
680 3091 746 3153 Hic
775 3092 862 3153 enirn
894 3099 946 3153 est
977 3109 1098 3171 magna
1128 3087 1255 3152 utilitas
1279 3090 1417 3153 istarum

266 3193 477 3257 scientiarum
494 3194 526 3256 in
543 3214 635 3256 sacra
650 3195 822 3276 scriptura.
865 3194 911 3256 Et
927 3191 1012 3257 forte
1028 3191 1108 3254 nihil
1124 3192 1237 3255 utilius
1252 3193 1295 3255 de
1310 3191 1417 3274 philo-

266 3296 385 3379 sophia
406 3299 528 3379 poterit
552 3298 708 3375 inveniri;
732 3298 889 3379 quoniam
907 3297 964 3379 qui
989 3296 1118 3378 ignorat
1144 3294 1220 3360 loca
1244 3297 1368 3373 mundi,
1387 3298 1416 3358 ei

267 3400 436 3463 multoties
473 3422 538 3465 non
571 3402 659 3483 sapit
689 3412 804 3463 cortex
835 3401 992 3464 historiae
1024 3420 1084 3483 per
1113 3399 1187 3463 loca
1218 3399 1353 3473 infinita,
1382 3412 1416 3463 et

266 3506 412 3569 maxime
437 3514 574 3587 propter
595 3503 772 3568 falsitatem
797 3505 1014 3589 multiplicem
1037 3502 1213 3568 bibliarum
1236 3523 1415 3578 novarum;

266 3618 368 3691 atque
398 3630 457 3692 per
486 3628 691 3691 consequens
717 3610 760 3673 ad
790 3609 978 3674 intellectus
1000 3607 1188 3692 spirituales
1218 3608 1417 3690 impedietur

265 3714 441 3778 ascendere
460 3724 494 3778 et
517 3734 583 3777 non
601 3714 663 3778 nisi
686 3713 878 3797 imperfecte
901 3715 1023 3797 poterit
1046 3734 1104 3777 eos
1126 3711 1303 3796 explicare.
1349 3712 1416 3796 Qui

265 3838 344 3882 vero
360 3819 631 3901 imaginationem
646 3819 769 3883 bonam
784 3819 933 3883 locorum
949 3819 1111 3895 habuerit,
1127 3828 1161 3881 et
1179 3819 1280 3881 situm
1301 3838 1416 3882 eorum

265 3934 299 3985 et
321 3924 512 3988 distantiam
539 3934 574 3988 et
596 3924 804 3989 altitudinem
827 3934 860 3988 et
883 3925 1126 4007 longitudinem
1149 3924 1358 3988 latitudinem
1381 3934 1415 3988 et

266 4028 466 4109 profundum
482 4030 681 4110 cognoverit,
697 4050 824 4093 necnon
836 4038 871 4093 et
886 4030 1112 4094 diversitatem
1124 4049 1240 4091 eorum
1255 4030 1287 4091 in
1303 4029 1414 4094 calidi-

265 4142 335 4196 tate
350 4142 384 4195 et
400 4132 556 4205 siccitate,
570 4131 751 4215 frigiditate
766 4144 801 4197 et
816 4132 1024 4207 humiditate,
1037 4132 1155 4211 colore,
1166 4154 1293 4215 sapore,
1302 4136 1414 4209 odore,

265 4245 299 4300 et
314 4236 565 4318 pulchritudine,
583 4237 796 4319 turpitudine,
812 4239 1023 4315 amoenitate,
1039 4236 1220 4316 fertilitate,
1235 4237 1414 4312 sterilitate,

263 4350 298 4404 et
320 4340 392 4406 aliis
415 4340 661 4404 conditionibus
687 4350 846 4423 expertus
869 4340 977 4419 fuerit,
1003 4350 1038 4404 et
1064 4342 1192 4425 optime
1216 4340 1360 4422 placebit
1383 4341 1414 4403 ei

262 4445 401 4509 historia
416 4444 560 4524 literaliS,
577 4454 610 4509 et
626 4446 667 4509 de
684 4444 768 4509 facili
783 4454 884 4527 atque
900 4444 1075 4529 magnifice
1091 4447 1214 4528 poterit
1229 4444 1354 4528 ingredi
1370 4446 1412 4507 ad

263 4549 515 4632 intelligentiam
536 4570 693 4614 sensuum
714 4549 944 4631 spiritualium.
991 4550 1067 4612 Non
1091 4550 1180 4611 enim
1203 4558 1253 4611 est
1276 4548 1414 4612 dubium

263 4654 344 4737 quin
358 4654 430 4718 viae
446 4654 632 4737 corporales
649 4653 835 4737 significent
849 4652 921 4717 vias
940 4651 1136 4734 spirituales,
1153 4663 1186 4716 et
1207 4652 1279 4716 loca
1296 4671 1413 4735 corpo·
