3575 5375
405 601 467 664 314
629 587 785 645 OPERIS
809 585 997 656 MAJORIS
1021 588 1137 646 PARS
1160 587 1344 660 QUARTA.

405 749 500 814 litera
517 748 644 815 Graeca
659 769 744 833 quae
760 749 851 814 delta
867 750 1005 814 dicitur:
1027 760 1062 814 et
1082 752 1157 816 ideo
1173 750 1354 834 Aegyptus
1373 760 1493 815 vocata
1508 755 1563 812 est

406 855 506 918 Delta
529 854 720 938 antiquitus.
768 854 814 918 Et
836 854 919 918 haec
941 854 1044 919 habet
1064 857 1108 920 ab
1128 857 1255 920 oriente
1272 866 1393 919 terram
1414 854 1563 918 Philisti·

405 979 531 1036 norum,
559 981 579 1024 a
609 959 839 1042 septentrione
872 978 963 1022 mare
995 959 1286 1035 Mediterraneum,
1312 962 1356 1023 ab
1385 959 1562 1024 occidente

406 1063 565 1141 Africam,
598 1085 618 1128 a
660 1064 796 1129 meridie
832 1063 1035 1144 superiorem
1067 1064 1276 1148 Aegyptum.
1322 1063 1369 1127 Et
1405 1084 1427 1126 a
1463 1074 1561 1147 parte

406 1168 615 1233 Palaestinae
632 1178 683 1232 est
703 1169 825 1232 ostium
843 1167 911 1231 Nili
931 1169 1021 1250 quod
1042 1181 1181 1233 vocatur
1197 1167 1375 1246 Pelusium,
1389 1167 1446 1231 ubi
1467 1167 1561 1232 cadit

404 1293 505 1336 unum
535 1272 619 1335 latus
642 1273 807 1354 trianguli,
829 1272 954 1335 scilicet
981 1292 1084 1335 unum
1108 1272 1279 1336 brachium
1305 1272 1373 1335 Nili
1398 1273 1431 1334 in
1455 1290 1559 1334 mare.

405 1375 460 1441 De
475 1377 539 1441 hoc
555 1376 685 1442 Pelusio
701 1376 842 1441 habetur
856 1375 1040 1439 Ezechielis
1057 1397 1141 1451 xxx,
1158 1376 1213 1439 ubi
1228 1377 1357 1454 dicitur,
1369 1373 1558 1439 ‘effundam

403 1481 665 1564 indignationem
698 1499 804 1544 meam
841 1500 940 1561 super
969 1480 1135 1544 Pelusium
1166 1481 1268 1544 robur
1296 1480 1449 1563 Aegypti
1464 1477 1492 1557 ’3
1522 1489 1559 1543 et

404 1585 631 1668 Hieronymus
655 1585 738 1648 libro
761 1605 848 1649 nono
870 1585 927 1663 ait,
942 1585 1052 1668 ‘quod
1077 1588 1178 1649 robur
1201 1586 1351 1670 Aegypti
1373 1585 1493 1648 dicitur
1516 1604 1558 1647 eo

403 1691 493 1771 quod
523 1689 645 1753 habeat
671 1705 805 1773 portum
833 1690 1047 1766 tutissimum,
1069 1700 1103 1754 et
1124 1689 1366 1773 negotiationes
1389 1689 1488 1753 maris
1511 1687 1557 1750 ibi

404 1795 551 1858 maxime
560 1793 795 1858 exerceantur?
817 1794 922 1859 Aliud
933 1795 1068 1878 quidem
1078 1795 1200 1859 ostium
1210 1805 1348 1859 vocatur
1358 1792 1558 1877 Canopium,

403 1898 458 1961 ubi
481 1899 571 1962 aliud
596 1898 765 1963 brachium
791 1899 948 1982 trianguli
972 1900 1064 1963 cadit
1087 1901 1120 1962 in
1144 1919 1236 1964 mare
1257 1919 1371 1963 versus
1395 1898 1557 1973 Africam,

402 2003 488 2066 inter
502 2021 589 2085 quae
607 2004 693 2068 ostia
708 2003 777 2066 Nili
794 2013 843 2068 est
858 2003 948 2067 basis
964 2004 1120 2086 trianguli
1135 2023 1236 2086 super
1252 2003 1345 2068 littus
1363 2003 1462 2066 maris
1476 2021 1556 2066 con-

402 2107 509 2170 tinens
525 2129 568 2170 cx
584 2107 742 2186 milliaria,
756 2116 792 2170 ut
807 2108 889 2172 dicit
905 2107 1029 2171 Plinius
1044 2109 1161 2191 quinto
1173 2108 1266 2173 libro.
1298 2108 1345 2170 Et
1357 2129 1378 2170 a
1393 2125 1555 2169 concursu

402 2212 610 2276 brachiorum
625 2213 692 2275 Nili
707 2213 739 2274 in
752 2213 875 2276 vertice
891 2213 1047 2294 trianguli
1059 2232 1163 2295 usque
1174 2214 1217 2276 ad
1232 2211 1421 2295 Canopium
1432 2211 1555 2275 ostium

401 2325 478 2380 sunt
502 2317 599 2390 cxlvi,
621 2328 655 2379 et
679 2316 720 2380 ad
747 2317 915 2380 Pelusium
938 2318 1060 2380 ostium
1084 2316 1167 2381 cclvi
1191 2316 1353 2380 milliaria.
1398 2314 1558 2397 Superior

401 2441 480 2484 vero
497 2421 677 2503 Aegyptus
698 2432 748 2484 est
764 2422 969 2485 contermina
987 2421 1200 2505 Aethiopiae,
1220 2433 1256 2485 ut
1274 2422 1357 2484 dicit
1373 2420 1505 2494 Plinius,
1520 2429 1556 2483 et

401 2525 547 2589 Thebais
559 2536 705 2602 vocatur,
715 2534 749 2588 et
765 2525 882 2608 incipit
897 2545 918 2588 a
933 2525 1053 2606 Syene,
1064 2545 1152 2609 quae
1167 2535 1219 2590 est
1233 2526 1349 2590 civitas
1364 2523 1555 2600 Thebaidis,

401 2641 438 2693 ut
468 2627 548 2694 dicit
579 2629 805 2713 Hieronymus
835 2631 920 2695 libro
951 2631 1127 2695 Locorum.
1175 2631 1220 2694 Et
1245 2630 1347 2693 habet
1372 2649 1393 2693 a
1418 2628 1556 2692 meridie

401 2734 630 2817 Aethiopiam,
645 2744 679 2798 et
701 2736 744 2798 ab
767 2736 893 2800 oriente
915 2747 1044 2818 partem
1060 2736 1217 2810 Arabiae,
1233 2745 1269 2799 ut
1292 2734 1425 2799 inferius
1448 2735 1557 2815 magis

402 2838 579 2915 clarescet;
602 2839 645 2902 ab
663 2838 836 2903 occidente
850 2842 1054 2922 superiorem
1075 2850 1204 2922 partem
1221 2840 1364 2903 Africae.
1411 2838 1458 2903 Et
1472 2838 1555 2902 haec

401 2952 452 3006 est
468 2943 557 3024 regio
573 2942 764 3018 Thebaidis,
781 2945 895 3027 inqua
910 2954 961 3009 est
976 2944 1114 3008 Thebae
1134 2945 1259 3009 civitas.
1289 2943 1425 3008 Thebas
1440 2953 1554 3007 autern

401 3046 600 3130 Aegyptias,
623 3058 659 3111 ut
685 3048 766 3111 dicit
794 3049 942 3112 Isidorus
971 3049 1090 3132 quinto
1120 3050 1251 3114 decimo
1282 3050 1377 3126 libro,
1406 3047 1555 3113 Cadmus

401 3151 610 3217 aedificavit:
641 3174 725 3236 quae
757 3154 842 3217 inter
865 3153 1054 3237 Aegyptias
1085 3155 1182 3217 urbes
1213 3174 1351 3217 numero
1381 3163 1552 3235 portarum

400 3257 578 3321 nobiliores
614 3258 785 3335 habentur,
812 3258 856 3321 ad
887 3279 971 3341 quas
1004 3259 1205 3322 commercia
1242 3259 1386 3339 undique
1419 3257 1553 3320 Arabes

399 3362 596 3426 subvehunt.
644 3363 775 3428 Deinde
800 3362 949 3427 Cadmus
972 3363 1005 3425 in
1030 3363 1205 3427 Graeciam
1229 3364 1395 3446 proiectus
1417 3363 1555 3426 Thebas

400 3464 602 3531 Graecorum
637 3467 787 3531 condidit
825 3469 857 3529 in
891 3467 1033 3543 Achaia,
1063 3487 1149 3549 quae
1185 3486 1272 3530 nunc
1307 3467 1428 3530 dicitur
1464 3478 1554 3531 terra

399 3570 556 3653 principis
579 3571 756 3635 Amoreae.

230 3686 391 3765 Alexandria,
444 3674 625 3757 Aegyptus
647 3697 726 3739 vero
750 3675 883 3739 inferior
904 3675 1004 3739 habet
1026 3676 1059 3739 in
1077 3684 1173 3758 parte
1193 3674 1328 3738 Africae
1344 3694 1444 3757 super
1462 3695 1554 3739 mare

230 3752 346 3879 {fflfleh
399 3778 650 3853 Alexandriam,
665 3780 811 3843 nobilem
828 3780 942 3843 urbem
961 3782 1005 3844 ab
1025 3781 1221 3844 Alexandro
1236 3800 1359 3862 magno
1375 3781 1553 3859 conditam,

399 3902 484 3964 quae
515 3884 559 3945 ab
589 3882 646 3945 illo
679 3892 829 3967 tempore
863 3895 964 3965 caput
996 3884 1147 3967 Aegypti
1181 3884 1361 3948 constituta
1390 3895 1451 3948 est.
1506 3884 1554 3949 Et

401 3987 607 4049 Alexandria
623 3998 674 4051 est
689 3988 722 4050 in
743 3988 841 4051 tertio
857 3988 1000 4064 climate,
1014 3990 1104 4072 quod
1125 3989 1169 4053 ab
1187 4008 1227 4051 ea
1247 3988 1439 4052 nominatur
1453 3988 1554 4053 clima

401 4090 670 4169 Dialexandrios‚
686 4101 719 4154 et
735 4093 838 4157 distat
858 4113 878 4156 a
902 4092 1015 4175 Syene
1034 4094 1215 4156 secundum
1239 4092 1383 4156 Plinium
1406 4094 1553 4157 secundo

399 4196 609 4259 Naturalium
620 4196 879 4278 quinquemillia
888 4197 1081 4261 stadiorum.
1113 4198 1159 4261 Et
1170 4197 1213 4260 ab
1225 4196 1287 4260 hac
1298 4197 1431 4261 civitate
1441 4216 1554 4261 versus

398 4300 559 4365 orientem
590 4318 689 4382 super
715 4301 806 4363 littus
835 4302 934 4363 maris
960 4321 1021 4383 per
1045 4302 1173 4365 circiter
1198 4309 1332 4364 centum
1368 4301 1490 4377 leucas,
1515 4309 1554 4365 ut

397 4405 604 4487 experientia
626 4405 749 4467 itineris
771 4406 880 4481 docet,
897 4416 947 4467 est
971 4406 1139 4488 Memphis
1162 4406 1288 4483 civitas,
1303 4406 1474 4487 quondam
1490 4425 1552 4469 arx

398 4510 549 4593 Aegypti
573 4519 607 4573 et
630 4520 742 4591 caput,
757 4529 843 4592 quae
866 4529 954 4573 nunc
977 4509 1137 4574 Damiata
1158 4519 1305 4574 vocatur.
1350 4509 1386 4572 Α
1409 4530 1476 4592 qua
1494 4529 1553 4591 per

399 4634 496 4678 unam
522 4614 647 4678 dietam
677 4624 728 4678 est
751 4614 925 4697 Tampnis,
947 4613 1003 4676 ubi
1028 4613 1156 4678 Pharao
1179 4613 1343 4678 habitavit
1369 4626 1402 4679 et
1427 4614 1553 4678 Moises
