3575 5375
397 657 749 719 MATHEMATICAE
772 655 824 715 IN
845 655 1017 714 DIVINIS
1044 654 1252 714 UYILITAS.
1339 667 1399 729 225

248 821 361 886 circuli
384 823 417 886 in
439 822 533 888 coelo
556 822 803 905 respondebunt
827 819 933 884 multa
957 818 1109 883 milliaria
1131 819 1165 882 in
1187 828 1283 892 terra,
1306 816 1400 899 cujus

248 926 488 1008 experientiam
508 927 616 991 innuit
631 924 832 1008 Alfraganus
848 925 882 989 in
897 925 971 1003 hoc,
982 924 1073 1007 quod
1089 934 1227 1007 accepta
1242 923 1274 986 in
1289 922 1400 1006 aliquo

249 1029 323 1095 loco
352 1031 536 1096 elevatione
565 1032 634 1115 poli
669 1051 769 1115 super
802 1030 987 1107 horizonta,
1016 1029 1045 1093 si
1076 1027 1324 1111 perambuletur
1356 1027 1399 1092 ad

249 1138 507 1220 septentrionem
519 1137 571 1202 vel
588 1137 769 1214 meridiem,
782 1155 955 1218 usquequo
967 1134 1126 1199 elevatior
1134 1133 1231 1218 polus
1240 1143 1400 1216 appareat

248 1238 301 1305 vel
317 1242 503 1324 depressior
518 1262 577 1324 per
591 1242 731 1324 gradum
752 1259 863 1316 unum,
879 1239 1047 1304 invenitur
1065 1239 1234 1321 quantitas
1255 1237 1400 1302 milliari·

249 1366 344 1411 orum
361 1357 475 1424 terrae,
489 1367 575 1431 quae
596 1347 795 1430 respondeat
810 1345 865 1408 uni
882 1344 1000 1428 gradui
1017 1346 1050 1409 in
1067 1344 1168 1410 coelo.
1214 1345 1305 1408 Nam
1324 1343 1400 1408 siin

249 1460 348 1515 nocte
362 1450 450 1516 clara
465 1450 598 1516 stellata
612 1451 687 1534 quis
702 1470 762 1535 per
776 1451 936 1514 foramina
954 1449 1149 1532 quadrantis
1167 1447 1219 1513 vel
1232 1448 1401 1513 astrolabii

249 1554 301 1618 vel
318 1555 453 1619 alterius
467 1555 675 1620 instrumenti
690 1555 896 1638 perspexerit
912 1553 1043 1618 stellam
1059 1554 1226 1619 nauticam
1242 1562 1276 1616 ct
1291 1553 1401 1636 ipsum

251 1659 377 1742 polum,
392 1670 426 1725 et
447 1660 612 1724 notaverit
633 1662 755 1742 gradus
772 1679 857 1744 quos
873 1659 1008 1742 attingit
1028 1659 1226 1724 extremitas
1239 1658 1351 1743 virgae
1368 1660 1402 1723 in

251 1766 351 1828 dorso
365 1764 533 1830 astrolabii
550 1765 602 1829 vel
619 1763 711 1828 filum
728 1763 761 1828 in
777 1766 971 1848 quadrante,
987 1764 1250 1848 processeritque
1265 1764 1299 1827 in
1315 1774 1403 1828 terra

250 1870 294 1933 ad
311 1869 567 1952 septentrionem
585 1870 692 1935 donec
706 1871 739 1933 in
751 1869 856 1935 altera
867 1879 967 1932 nocte
981 1868 1114 1934 stellata
1125 1868 1247 1933 viderit
1259 1870 1402 1933 eundem

250 1974 363 2057 polum
391 1973 510 2038 elevari
535 1974 610 2058 plus
635 1994 734 2057 super
758 1973 932 2038 horizonta
957 1992 1144 2056 perunum
1171 1973 1321 2055 gradum,
1349 1971 1404 2036 ille

251 2097 345 2142 arcus
366 2088 481 2156 terrae,
495 2099 596 2162 quem
616 2077 903 2163 perambulaverit,
919 2075 1132 2158 respondebit
1154 2077 1209 2138 uni
1228 2077 1354 2159 gradui,
1370 2086 1404 2140 et

252 2183 313 2245 erit
336 2182 364 2245 ei
386 2182 509 2256 similis,
526 2193 562 2245 ut
584 2192 760 2245 sumuntur
780 2201 875 2244 arcus
897 2180 1019 2243 similes
1041 2181 1074 2244 in
1098 2179 1247 2264 sphaeris
1269 2179 1405 2244 diversis

251 2287 433 2351 secundum
449 2285 687 2362 Theodosium,
706 2285 764 2350 sed
782 2305 847 2349 non
863 2293 960 2348 erunt
975 2295 1112 2368 propter
1125 2284 1190 2348 hoc
1205 2283 1369 2367 aequales.

298 2389 384 2453 Cum
403 2399 516 2454 autem
531 2409 592 2472 per
606 2390 889 2455 semidiametrum
912 2399 1127 2472 tantaequae
1142 2389 1288 2453 continet
1307 2406 1360 2474 3,2
1361 2402 1404 2472 50
1417 2397 1520 2474 pimen-

255 2492 416 2568 milliaria,
443 2493 563 2559 doceat
595 2500 651 2559 21⁰
678 2494 826 2577 capitulo
857 2494 1038 2558 mensurari
1064 2495 1243 2559 diametros
1272 2494 1404 2557 orbium
1417 2463 1559 2579 {ffffip

148 2639 151 2646 ·
254 2597 446 2662 coelestium
462 2606 495 2662 et
510 2599 686 2664 distantias
697 2600 832 2680 augium
849 2610 882 2662 et
892 2598 1124 2682 oppositorum
1135 2619 1258 2672 earum,
1274 2607 1405 2683 oportet

253 2703 345 2786 quod
368 2723 480 2767 veram
501 2705 722 2786 quantitatem
746 2705 981 2769 semidiametri
1004 2704 1155 2787 accipiat.
1203 2704 1291 2767 Nam
1313 2702 1406 2767 aliter

254 2828 395 2890 magnus
409 2809 574 2873 accideret
588 2828 678 2873 error
693 2808 726 2871 in
741 2808 907 2873 distantiis
924 2808 1067 2892 augium,
1079 2830 1119 2873 eo
1134 2810 1225 2891 quod
1237 2810 1406 2892 quantitas

253 2912 490 2977 semidiametri
525 2922 631 2977 terrae
667 2913 859 2978 multotiens
893 2913 1054 2997 replicata
1089 2911 1212 2977 laceret
1248 2933 1405 2997 magnum

254 3034 399 3080 errorem
436 3018 469 3081 in
501 3016 565 3083 illis
598 3017 774 3094 distantiis,
806 3018 868 3081 nisi
902 3018 1047 3101 praecise
1081 3026 1274 3081 sumeretur.
1320 3017 1405 3081 Cum

256 3122 356 3205 igitur
385 3122 558 3186 fatendum
588 3133 639 3187 est
670 3121 892 3206 Allraganum
924 3122 1110 3206 percepisse
1135 3122 1224 3187 hunc
1252 3140 1406 3198 errorem,

256 3224 466 3290 manifestum
482 3235 533 3290 est
553 3228 645 3310 quod
661 3228 732 3308 ipse
750 3227 870 3307 accipit
884 3247 997 3289 veram
1019 3225 1256 3290 semidiametri
1273 3224 1405 3308 quanti·

136 3358 141 3365 ·
254 3338 369 3405 tatem,
381 3330 506 3393 scilicet
517 3347 569 3412 3,2
572 3345 624 3413 50,
636 3340 670 3393 et
684 3350 796 3393 veram
814 3330 1024 3406 diametrum,
1038 3328 1162 3393 scilicet
1174 3331 1280 3412 6,500.
1314 3328 1406 3411 Ergo

255 3440 389 3515 oportet
413 3433 503 3514 quod
527 3442 694 3518 supponat
721 3434 866 3499 radicem
890 3454 1003 3498 veram
1029 3444 1064 3497 et
1085 3432 1298 3517 completam,
1320 3453 1406 3516 quae

255 3546 307 3599 est
326 3536 360 3600 in
380 3538 566 3620 quantitate
584 3558 678 3601 arcus
697 3547 805 3602 terrae
825 3548 974 3619 respectu
995 3539 1117 3620 gradus
1138 3535 1232 3615 coeli,
1249 3536 1324 3604 licet
1339 3556 1407 3601 non

254 3641 423 3723 exprimat
446 3660 520 3703 eam
544 3640 697 3723 perfecte.
744 3641 956 3724 Quapropter
978 3642 1049 3724 ipse
1070 3642 1228 3726 supponit
1250 3642 1340 3725 quod
1362 3642 1407 3706 sit

255 3744 297 3826 56
318 3744 482 3821 milliaria,
498 3754 531 3809 et
547 3747 614 3810 duo
630 3747 748 3811 tertiae
764 3745 917 3823 milliarii,
928 3754 962 3810 et
980 3762 1018 3827 27
1039 3747 1281 3829 nonagesimae,
1292 3755 1325 3810 et
1341 3767 1408 3810 una

255 3850 500 3914 sexcentesima
525 3851 702 3927 tricesima,
729 3850 780 3914 vel
808 3850 850 3930 56
882 3850 1035 3914 milliaria
1061 3858 1095 3913 et
1123 3850 1216 3934 2,984
1245 3850 1348 3914 cubiti
1375 3861 1408 3915 et

256 4070 383 4132 regarded
400 4084 430 4118 as
446 4084 524 4132 5,ooo
539 4070 631 4118 stadia.
666 4068 719 4118 But
734 4070 779 4119 the
797 4070 963 4132 uncertainty
977 4087 1007 4120 as
1022 4077 1050 4121 to
1068 4072 1113 4122 the
1128 4072 1215 4121 Greek
1233 4088 1365 4122 measure·
1383 4075 1413 4122 oi

255 4149 354 4211 length,
368 4150 418 4197 and
437 4149 481 4197 the
498 4162 651 4198 coarseness
669 4148 701 4198 oi
716 4149 785 4197 their
800 4149 983 4199 astronomia!
1002 4151 1170 4201 instrumenta
1193 4151 1409 4212 findependently

256 4226 288 4275 ol
298 4228 343 4275 the
359 4228 410 4275 fact
426 4227 481 4275 that
492 4226 652 4275 Alexandria
666 4227 716 4275 and
730 4226 819 4288 Syene
834 4242 878 4276 are
897 4234 943 4277 not
953 4244 987 4275 on
1000 4228 1044 4276 tbe
1059 4244 1131 4278 seme
1144 4230 1290 4290 meridien),
1302 4230 1379 4277 melre
1390 4230 1410 4278 it

256 4305 403 4367 impossible
421 4311 449 4352 to
464 4305 565 4354 deduce
581 4321 634 4367 any
650 4304 752 4366 precise
768 4304 849 4354 result
867 4306 932 4354 irom
949 4306 1001 4355 this
1019 4307 1190 4355 observation.
1224 4308 1281 4356 The
1296 4306 1409 4355 Arabian

256 4384 425 4433 instrumenta
441 4398 514 4431 were
532 4385 623 4445 better,
637 4383 682 4431 but
700 4397 770 4431 were
788 4383 924 4443 obviously
938 4381 1091 4432 insufficient
1102 4400 1132 4433 as
1142 4400 1158 4433 a
1168 4384 1238 4433 basis
1253 4384 1294 4433 ior
1308 4385 1411 4446 solving

257 4462 303 4511 the
315 4461 430 4523 problem
442 4463 506 4512 here
519 4462 651 4511 discussed
662 4462 698 4524 by
711 4462 808 4520 Baeon,
820 4461 850 4509 oi
857 4462 903 4509 the
917 4460 1018 4509 Barth’s
1029 4462 1186 4523 magnitude.

291 4540 315 4588 lt
327 4556 386 4602 may
398 4541 431 4588 be
443 4542 522 4589 noted
535 4542 597 4588 here
610 4541 664 4589 that
675 4542 701 4588 in
714 4542 758 4589 the
770 4540 855 4588 oldest
868 4539 945 4587 MSS.
954 4539 983 4587 os
990 4541 1035 4587 the
1045 4540 1118 4602 Opus
1126 4541 1221 4604 Hujus,
1230 4556 1260 4589 as
1271 4540 1331 4589 well
1342 4555 1371 4588 as
1383 4540 1410 4589 in

257 4620 333 4669 those
345 4619 376 4667 ol'
387 4636 404 4668 a
421 4619 487 4668 later
501 4620 569 4680 date,
580 4619 675 4668 Arabie
692 4618 820 4666 numerals
831 4633 875 4667 are
886 4632 948 4679 very
960 4618 1107 4681 commonly
1119 4619 1257 4681 employed
1269 4619 1295 4668 in
1307 4619 1413 4682 dealing

257 4698 323 4748 with
335 4698 406 4760 large
417 4698 545 4748 numbers.

304 4792 387 4843 vot.
406 4794 433 4843 1.
829 4788 855 4853 Q
