3575 5375
354 607 362 623 .
394 560 454 642 338
614 564 771 622 OPERIS
794 563 984 634 MAJORIS
1008 565 1123 624 PARS
1148 565 1334 638 QUARTA.

394 737 445 792 est
460 726 621 810 oppidum
639 728 794 810 Engaddi
811 729 889 793 urbs
911 727 1097 810 palmarum
1113 727 1237 806 fertilis,
1253 729 1341 792 unde
1359 727 1549 792 balsamum

394 833 483 896 venit
501 841 535 895 et
555 831 820 914 opobalsamum.
867 832 956 895 Nam
979 833 1077 896 arbor
1099 840 1149 896 est
1173 831 1337 895 distillans
1359 831 1550 897 balsamum

394 936 426 1000 in
450 936 554 999 vineis
578 935 741 1018 Engaddi,
763 937 807 999 de
828 937 949 1019 quibus
974 935 1134 1001 Solomon
1158 936 1309 999 meminit
1333 936 1366 998 in
1390 935 1550 999 Canticis.

397 1039 441 1103 Et
472 1038 553 1102 haec
580 1040 696 1104 civitas
722 1049 862 1104 vocatur
893 1040 926 1102 in
953 1038 1075 1103 Genesi
1106 1039 1361 1117 Asasontamar,
1390 1040 1482 1121 quod
1514 1040 1549 1102 in

393 1143 505 1226 lingua
535 1153 649 1208 nostra
679 1143 799 1208 dicitur
823 1144 901 1207 urbs
924 1142 1130 1225 palmarum3
1154 1153 1262 1207 tamar
1288 1143 1414 1226 quippe
1434 1142 1550 1224 palma

394 1249 521 1326 dicitur,
544 1249 628 1311 sieut
652 1247 878 1328 Hieronymus
901 1247 990 1312 dicit.
1036 1246 1198 1330 Quamvis
1220 1268 1298 1312 vero
1321 1246 1417 1311 multi
1441 1245 1550 1311 multa

394 1352 541 1416 scribunt
557 1354 599 1415 de
614 1352 857 1417 conditionibus
872 1351 968 1416 istius
984 1353 1082 1415 maris
1097 1361 1131 1415 et
1144 1351 1290 1416 locorum
1303 1351 1549 1427 subversorum,

394 1467 506 1518 tamen
518 1456 571 1520 hic
581 1454 805 1537 principaliter
816 1453 1323 1538 introducamHegesippum1in
1334 1463 1453 1536 quarto
1464 1455 1549 1518 libro

394 1560 551 1624 historiae
574 1560 617 1622 de
639 1559 851 1622 subversione
872 1558 1066 1640 Jerusalem,
1089 1560 1168 1641 quia
1189 1560 1286 1643 plura
1307 1558 1422 1622 scribit
1444 1578 1548 1640 quam

395 1664 458 1738 alii,
475 1673 509 1726 et
525 1662 620 1725 multi
636 1663 776 1726 aliorum
793 1673 987 1745 recepemnt
1001 1664 1101 1726 abeo
1117 1683 1203 1746 quae
1219 1663 1368 1739 recitant,
1382 1682 1422 1726 ac
1443 1664 1470 1725 si
1487 1683 1551 1726 sua

396 1777 504 1832 essent
519 1787 605 1850 quae
621 1777 762 1830 narrant

225 1883 280 1932 The
294 1882 365 1933 head
439 1872 493 1935 De
512 1874 593 1934 mari
608 1892 687 1935 vero
703 1871 837 1934 Mortuo
853 1871 942 1944 dicit,
955 1873 1046 1953 quod
1061 1871 1174 1935 omnia
1183 1871 1328 1935 viventia
1346 1870 1496 1934 resiliunt
1512 1880 1549 1933 et

227 1950 283 1998 Sea.
396 1979 509 2042 statim
528 1977 742 2041 excutiuntur
760 1996 820 2038 nec
843 1977 948 2059 mergi
969 1984 1108 2057 possunt
1128 1976 1162 2038 in
1178 1996 1228 2052 eo,
1250 1975 1340 2058 quod
1361 1995 1450 2058 aqua
1474 1975 1550 2057 ipsa

394 2103 508 2146 amara
537 2092 571 2147 et
601 2080 720 2144 sterilis
757 2089 815 2152 est,
849 2079 930 2142 nihil
968 2080 1129 2163 recipiens
1165 2101 1324 2163 generum
1354 2081 1549 2152 viventium,

395 2187 537 2268 denique
556 2205 663 2267 neque
679 2185 794 2265 pisces,
807 2203 915 2265 neque
930 2195 1080 2247 assuetas
1095 2185 1189 2267 aquis
1205 2193 1238 2248 et
1254 2185 1359 2248 laetas
1375 2183 1549 2265 mergendi

395 2313 454 2355 usu
475 2291 600 2373 patitur
624 2309 711 2352 aves
758 2288 946 2350 Lucernam
973 2308 1146 2351 accensam
1174 2286 1283 2352 lerunt
1312 2289 1408 2370 aquis
1430 2308 1548 2370 super-

396 2405 517 2471 natare,
548 2395 619 2458 sine
649 2392 716 2456 ulla
746 2393 959 2456 conversione
988 2393 1138 2456 extincto
1168 2393 1317 2474 demergi
1348 2391 1483 2467 lumine,
1514 2401 1550 2456 et

394 2499 545 2580 quamvis
572 2499 761 2562 demersum
788 2495 921 2560 difficile
947 2495 1082 2559 haerere
1109 2497 1142 2559 in
1173 2497 1345 2580 prolundo.
1392 2496 1550 2577 Denique

394 2602 636 2685 Vespasianum
661 2602 893 2682 imperatorem
924 2602 1132 2684 praecepisse
1153 2601 1261 2664 lerunt
1284 2601 1384 2664 nandi
1415 2601 1550 2682 ignaros

395 2708 548 2771 revinctis
570 2706 721 2769 manibus
745 2706 779 2769 in
802 2706 1002 2786 profundum
1025 2707 1133 2787 dejici,
1165 2727 1288 2789 eosque
1311 2726 1427 2771 omnes
1457 2706 1549 2770 illico

395 2821 626 2895 supernatasse
634 2809 727 2891 quasi
740 2808 856 2890 spiritu
869 2811 1014 2892 quodam
1031 2812 1118 2874 venti
1138 2811 1272 2887 levatos,
1283 2811 1367 2874 etad
1378 2810 1550 2893 superiora

394 2920 427 2978 vi
453 2935 574 2998 magna
595 2911 742 2996 repulsos
766 2913 938 2977 resiluisse.
985 2914 1110 2997 Vagari
1132 2936 1231 2997 super
1250 2934 1355 2997 aquas
1374 2915 1549 2979 bituminis

394 3020 510 3102 glebas
526 3026 653 3081 certum
672 3027 723 3081 est
738 3026 810 3080 atro
833 3017 968 3100 liquore,
984 3038 1066 3099 quas
1086 3019 1219 3100 scaphis
1239 3019 1549 3102 appropinquantes

395 3124 563 3207 colligunt,
578 3122 697 3205 quibus
714 3122 747 3185 id
763 3122 907 3183 muneris
926 3132 995 3195 est;
1019 3121 1153 3185 haerere
1168 3123 1230 3185 sibi
1256 3124 1358 3187 lertur
1373 3122 1525 3186 bitumen
1541 3147 1549 3199 3

395 3240 431 3294 ut
469 3230 554 3292 lerro
590 3226 848 3308 haudquaquam
885 3226 937 3289 vel
975 3226 1040 3289 alia
1078 3237 1235 3308 peracuta
1273 3227 1399 3291 metalli
1435 3228 1549 3309 specie

394 3333 578 3407 recidatur3
622 3330 772 3412 sanguini
811 3350 890 3393 sane
927 3331 1015 3393 cedit
1053 3329 1227 3394 mulierum
1273 3352 1341 3413 quo
1379 3342 1549 3396 menstrua

393 3437 560 3501 solventes
583 3436 684 3498 lavari
708 3432 863 3507 feruntur,
888 3433 983 3515 cujus
1012 3445 1150 3509 attactu,
1181 3444 1219 3497 ut
1248 3434 1395 3517 allegant
1425 3437 1549 3519 quibus

395 3539 586 3622 experiendi
610 3557 688 3601 usus
720 3535 791 3610 suit,
821 3536 1017 3618 interrumpi
1041 3537 1202 3619 proditur.
1249 3537 1351 3601 Utilis
1381 3538 1424 3601 ad
1456 3558 1549 3601 com-

394 3661 514 3724 pagem
531 3643 664 3705 navium
680 3638 791 3719 fertur,
802 3649 835 3703 et
852 3640 1047 3722 corporibus
1057 3640 1229 3704 hominurn
1245 3641 1386 3706 salubris
1395 3643 1548 3707 admixta

395 3746 653 3809 medicamentis.
699 3744 891 3825 Longitudo
923 3743 1013 3807 lacus
1043 3744 1141 3826 hujus
1168 3747 1212 3809 ad
1243 3746 1368 3810 Zoaros
1398 3746 1549 3812 Arabiae

393 3848 545 3930 dirigitur
555 3847 673 3911 stadiis
685 3847 780 3911 dlxx.
819 3847 981 3912 Latitudo
992 3849 1026 3911 in
1042 3850 1158 3913 stadiis
1173 3848 1204 3912 cl
1221 3870 1324 3932 usque
1339 3850 1382 3913 ad
1392 3849 1550 3915 viciniam

395 3951 630 4028 Sodomorum,
646 3951 702 4032 qui
718 3952 887 4032 quondam
904 3952 1103 4016 uberrimam
1118 3953 1290 4036 regionem
1306 3953 1547 4021 inhabitabant.

426 4122 435 4151 ¹
453 4124 509 4172 The
526 4122 695 4185 Hegesippus
709 4122 773 4169 here
788 4122 888 4183 spoken
903 4124 934 4171 os
947 4124 968 4172 is
981 4132 1027 4173 not
1042 4125 1086 4172 the
1097 4123 1229 4173 Christian
1240 4126 1332 4173 writer
1342 4123 1373 4173 ol
1386 4126 1432 4174 the
1446 4128 1549 4177 second

393 4210 510 4264 century,
529 4202 573 4250 but
591 4202 637 4250 the
654 4200 787 4248 unknown
805 4202 899 4248 author
916 4201 946 4250 ol
961 4218 977 4249 a
993 4202 1068 4249 work
1088 4202 1213 4263 probably
1229 4203 1335 4251 written
1354 4202 1381 4251 in
1397 4204 1443 4251 the
1460 4204 1549 4255 fourth

392 4288 511 4343 century,
529 4280 569 4329 De
584 4280 645 4329 bello
658 4278 777 4339 judaico,
796 4293 826 4325 or
842 4278 880 4326 De
896 4280 987 4328 cnidio
1005 4281 1074 4328 urbib
1089 4280 1339 4342 Hr'aernsolymitanae.
1374 4281 1398 4329 lt
1413 4298 1471 4332 was
1488 4298 1550 4347 sup

394 4362 476 4425 posed
494 4368 521 4409 to
539 4361 604 4408 have
621 4360 687 4408 been
706 4356 848 4407 translated
866 4357 930 4405 lrom
948 4358 1035 4406 Greek
1052 4358 1108 4406 into
1125 4358 1199 4406 Lutin
1217 4358 1252 4421 by
1264 4359 1303 4409 St.
1320 4359 1458 4411 Ambrose.
1490 4362 1550 4413 The

394 4439 462 4488 boolr
479 4438 500 4486 is
514 4436 666 4500 principally
678 4436 818 4497 composed
831 4433 860 4481 ol
875 4444 987 4483 extracta
1004 4435 1071 4483 srorn
1087 4436 1227 4498 Josephus.
1263 4436 1342 4486 Some
1353 4438 1421 4486 have
1437 4440 1552 4502 thought

394 4519 450 4567 that
469 4517 635 4579 Hegesippus
645 4530 702 4565 was
714 4530 729 4561 a
741 4513 901 4574 misreading
912 4513 943 4561 ol
955 4528 988 4561 an
1000 4513 1072 4575 early
1084 4515 1186 4576 copyist
1195 4515 1257 4563 who
1268 4514 1320 4564 bad
1337 4515 1427 4567 before
1437 4518 1493 4567 him
1505 4520 1551 4570 the

392 4598 490 4657 words,
503 4595 543 4643 Ex
553 4594 672 4657 josippo.
707 4593 771 4659 <See
784 4589 891 4641 Smith's
902 4591 967 4641 Dr'ct.
979 4592 1012 4654 os
1017 4592 1106 4642 canet.
1117 4592 1202 4656 Bag.)
