3575 5375
414 638 765 698 MATHEMATICAE
789 640 841 697 IN
862 641 1032 698 DIVINIS
1060 640 1265 699 UTILITAS.
1359 637 1416 717 185

266 809 300 863 et
326 809 420 864 tanta
446 803 604 882 mysteria
627 801 785 866 contineri
808 801 963 879 fatentur,
990 821 1054 865 non
1089 813 1141 866 est
1170 801 1307 866 dubium
1338 803 1416 884 quin

265 925 379 967 eorum
413 906 557 988 cognitio
586 927 646 988 per
675 925 808 968 omnem
840 906 977 968 modum
1008 927 1120 970 sacrae
1152 908 1333 990 scripturae
1366 918 1416 969 est

266 1011 458 1073 necessaria.
503 1009 571 1074 Sed
586 1010 753 1093 proprium
769 1018 820 1072 est
835 1008 1034 1093 astrologiae
1049 1023 1083 1074 et
1098 1012 1320 1074 astronomiae
1337 1012 1417 1073 dare

266 1113 408 1176 rationes
423 1113 571 1178 locorum
588 1115 701 1178 muudi
718 1124 751 1178 et
769 1114 902 1198 plenam
921 1116 1160 1178 certitudinem.
1206 1115 1418 1198 Quapropter

266 1217 347 1281 istae
366 1219 522 1283 scientiae
541 1229 618 1282 sunt
638 1220 736 1283 valde
758 1219 960 1282 necessariae
982 1220 1015 1283 in
1038 1220 1100 1283 hac
1124 1230 1228 1302 parte.
1275 1220 1417 1282 Possunt

266 1332 379 1385 autem
396 1323 530 1406 pulchre
545 1323 703 1387 verificari
720 1324 751 1386 in
768 1324 940 1405 exemplis.
972 1323 1039 1406 Qui
1054 1325 1142 1387 enim
1158 1325 1251 1388 audit
1266 1324 1417 1387 historias

266 1438 437 1491 versantes
459 1427 543 1491 circa
564 1427 755 1508 Jordanem,
776 1427 906 1507 jericho
929 1447 1004 1492 cum
1028 1429 1162 1510 planitie
1184 1451 1252 1503 sua,
1270 1438 1417 1491 montem

267 1529 397 1604 Oliveti,
421 1531 541 1595 vallem
568 1530 740 1613 Josaphat,
763 1531 955 1612 Jerusalem,
979 1542 1013 1596 et
1041 1553 1107 1596 non
1134 1534 1236 1597 habet
1261 1531 1418 1616 imagina-

266 1635 388 1697 tionem
407 1633 553 1698 locorum
569 1636 706 1698 istorum
722 1645 756 1700 et
772 1636 1008 1718 proprietatem
1024 1657 1147 1714 eorum,
1162 1658 1296 1701 sensum
1312 1637 1420 1700 litera-

265 1735 332 1800 lem
351 1738 526 1820 ignorabit,
542 1751 576 1802 et
597 1739 626 1802 ei
646 1760 712 1802 non
736 1740 900 1803 immerito
924 1761 991 1803 non
1014 1741 1157 1805 multum
1179 1741 1285 1824 sapiet
1308 1762 1420 1804 cursus

267 1841 430 1920 historiae,
445 1853 545 1925 atque
566 1864 625 1926 per
640 1863 843 1925 consequens
867 1865 983 1908 sensus
1003 1845 1187 1926 spirituales
1207 1847 1417 1929 obteguntur.

269 1945 335 2028 Qui
344 1966 423 2010 vero
432 1949 493 2010 scit
506 1948 734 2030 longitudines,
747 1948 945 2022 latitudines,
958 1949 1208 2030 profunditates,
1220 1949 1418 2026 altitudines,

265 2051 457 2115 varietatem
473 2052 681 2133 qualitatum,
697 2063 734 2117 ut
750 2053 855 2128 calidi,
873 2050 988 2134 frigidi,
1000 2053 1075 2116 sicci
1092 2064 1126 2116 et
1141 2052 1277 2126 humidi,
1290 2073 1417 2116 necnon

265 2165 429 2219 eteorum
449 2176 533 2237 quae
552 2166 798 2239 consequuntur
812 2157 854 2219 ad
876 2156 958 2219 haec
977 2167 1129 2237 quatuor,
1145 2167 1182 2219 ut
1206 2157 1321 2234 mollis,
1336 2159 1419 2234 duri,

266 2261 383 2342 grossi,
402 2260 539 2337 subtilis,
555 2255 670 2342 asperi,
696 2260 805 2334 laevis,
833 2260 927 2337 aridi,
942 2260 1062 2342 liquidi,
1088 2260 1208 2334 lubrici,
1228 2272 1261 2324 et
1277 2259 1417 2325 aliorum

268 2365 565 2443 innumerabilium,
584 2385 670 2447 quae
693 2373 812 2446 quarto
836 2364 1173 2446 Meteorologicorum
1197 2364 1418 2428 determinan-

268 2480 341 2544 tur3
372 2488 500 2532 necnon
532 2480 567 2532 et
601 2469 735 2544 colores
762 2479 796 2533 et
822 2489 966 2552 sapores,
991 2471 1120 2546 odores,
1150 2470 1419 2551 pulchritudines,

266 2573 496 2654 turpitudines,
527 2575 753 2648 amoenitates,
782 2573 1000 2650 sterilitatem,
1031 2574 1240 2650 fertilitatem,
1266 2584 1418 2639 naturam

268 2677 465 2757 infectivam,
489 2678 720 2760 corruptivam,
744 2688 778 2741 et
799 2679 845 2743 eis
867 2679 1056 2756 contrarias,
1076 2690 1110 2743 et
1132 2689 1262 2744 caetera
1280 2700 1367 2762 quae
1388 2679 1420 2741 in

269 2783 348 2845 locis
374 2782 571 2847 considerari
594 2783 728 2860 habent,
755 2793 865 2866 potest
896 2802 1028 2846 sensum
1055 2784 1216 2847 literalem
1238 2786 1281 2848 ad
1303 2804 1421 2866 purum

270 2888 440 2969 concipere
454 2898 488 2951 et
503 2888 534 2950 in
550 2908 591 2951 eo
606 2887 773 2965 delectari,
785 2897 886 2970 atque
898 2890 941 2953 ad
954 2909 1070 2952 sensus
1081 2888 1266 2971 spirituales
1280 2888 1422 2971 gloriose

269 3001 303 3055 et
319 2991 448 3073 placide
462 2993 609 3057 transire.

314 3095 440 3160 Paucas
467 3097 554 3159 euim
581 3095 786 3160 conditiones
814 3096 962 3159 locorum
989 3097 1232 3179 praedictorum
1259 3098 1423 3160 consider·
1437 3109 1493 3157 tte

270 3202 367 3276 ande,
384 3220 560 3282 possumus
576 3198 767 3283 magnificos
783 3220 899 3263 sensus
914 3201 1098 3281 exprimere
1110 3201 1280 3264 moraliter
1294 3211 1328 3263 et
1343 3200 1423 3263 alle·
1437 3174 1552 3303 ζξᾞὲ
1564 3238 1594 3287 of

270 3304 381 3385 gorice
404 3314 438 3366 et
461 3305 651 3387 anagogice.
696 3303 851 3383 Jordanis
874 3303 1009 3384 quidem
1036 3304 1179 3367 decurrit
1201 3303 1246 3367 ab
1271 3304 1424 3385 aquilone
1438 3305 1544 3354 niblieal

270 3410 315 3471 ad
345 3417 505 3484 austrum,
534 3418 568 3469 et
594 3408 684 3488 jacet
713 3408 746 3469 in
778 3408 904 3469 oriente
935 3417 1086 3488 respectu
1112 3407 1307 3488 jerusalem,
1338 3370 1591 3489 quae⁸⁰⁰g¹⁸ph7'

272 3511 379 3575 estin
411 3512 582 3575 occidente
609 3532 676 3576 non
702 3510 801 3593 longe
827 3530 847 3573 a
875 3512 957 3573 mari
985 3531 1109 3592 magno
1141 3512 1260 3593 posita,
1282 3523 1316 3575 et
1341 3513 1425 3575 inter

271 3615 325 3680 illa
346 3617 414 3680 duo
435 3616 541 3698 primo
562 3636 584 3678 a
608 3626 701 3699 parte
722 3614 876 3697 Jordanis
899 3630 949 3679 est
973 3615 1103 3696 Jericho
1130 3617 1243 3679 civitas
1265 3637 1342 3680 cum
1365 3638 1424 3682 sua

273 3720 418 3804 planitie,
441 3721 562 3784 deinde
586 3740 681 3785 mons
705 3720 836 3797 Oliveti,
859 3722 960 3785 tertio
981 3719 1076 3784 vallis
1097 3721 1271 3803 Josaphat,
1291 3732 1324 3785 et
1347 3733 1424 3786 tunc

272 3824 418 3906 sequitur
431 3823 624 3905 Jerusalem.
669 3824 816 3888 Mundus
832 3834 953 3902 autem,
968 3826 1082 3888 dicunt
1096 3825 1210 3903 sancti,
1225 3825 1425 3908 significatur

274 3948 333 4010 per
360 3928 543 4009 Jordanem
574 3930 757 3993 secundum
787 3930 948 3992 rationem
980 3930 1257 4012 interpretationis
1289 3930 1361 4012 ejus
1391 3942 1426 3993 et

273 4042 408 4114 propter
423 4033 525 4116 ipsius
540 4034 767 4117 proprietates,
780 4033 858 4115 quia
874 4035 971 4097 currit
986 4035 1019 4096 in
1036 4021 1126 4097 mare
1143 4046 1321 4113 mortuum,
1333 4037 1424 4117 quod

273 4147 323 4200 est
345 4138 449 4201 instar
471 4136 596 4216 inferni,
611 4148 645 4201 et
668 4149 804 4219 propter
822 4139 927 4201 multa
950 4140 1024 4201 alia.
1071 4138 1118 4201 Et
1139 4139 1270 4219 Jericho
1293 4159 1425 4203 carnem

273 4241 444 4323 significat,
474 4252 511 4306 ut
537 4241 652 4306 volunt
677 4242 791 4307 sancti.
839 4242 939 4305 Mons
971 4242 1094 4306 Oliveti
1125 4242 1285 4326 significat
1314 4243 1425 4306 excel·

274 4346 409 4410 lentiam
445 4347 534 4410 vitae
570 4347 748 4429 spiritualis
786 4354 923 4429 propter
960 4348 1083 4410 montis
1119 4347 1358 4423 excellentiam,
1392 4357 1426 4409 et

274 4450 481 4515 dulcedinem
524 4452 710 4516 devotionis
752 4462 886 4536 propter
923 4451 1045 4516 Oliveti
1088 4451 1259 4516 rationem.
1320 4450 1426 4513 Vallis

274 4553 437 4637 Josaphat
467 4554 629 4639 significat
659 4556 880 4621 humilitatem
912 4565 1049 4639 propter
1078 4555 1239 4620 rationem
1267 4553 1371 4631 vallis,
1392 4566 1426 4618 et

274 4657 360 4720 viam
382 4678 492 4722 coram
515 4659 619 4724 oculis
639 4659 830 4742 majestatie,
845 4668 983 4742 propter
1001 4658 1064 4721 hoc
1088 4660 1178 4741 quod
1199 4660 1426 4741 interpretatio
