3575 5375
375 607 438 669 274
600 594 756 654 OPERIS
780 594 969 664 MAJORIS
993 594 1108 655 PARS
1133 596 1319 669 QUARTA.

378 774 449 818 esse
476 756 722 839 aequinoctium
749 757 955 842 temporibus
980 757 1048 822 suis
1075 758 1131 822 viii
1156 757 1312 823 calendas
1336 755 1390 822 vel
1416 777 1530 841 prope,

376 859 502 925 scilicet
516 861 571 926 vii.

209 981 296 1031 Hense
422 964 490 1030 Sed
505 969 640 1030 tertium
657 969 889 1033 inconveniens
912 978 963 1032 est
984 968 1082 1052 longe
1102 967 1220 1050 majus.
1266 968 1366 1046 Nam,
1381 976 1418 1032 ut
1439 968 1531 1050 prius

206 1063 321 1176 ἔξω
378 1077 503 1133 tactum
521 1081 581 1146 est,
592 1073 715 1136 veritas
729 1083 788 1151 est,
799 1073 890 1157 quod
906 1073 977 1137 sine
991 1092 1101 1136 errore
1116 1071 1216 1137 debet
1229 1072 1355 1136 Pascha
1371 1072 1528 1137 celebrari

207 1186 364 1256 enonarto
379 1172 432 1237 die
462 1175 630 1240 dominica
660 1187 737 1259 post
760 1178 818 1240 xiv
839 1176 952 1241 lunam
977 1197 1063 1261 quae
1086 1177 1249 1242 invenitur
1269 1176 1323 1241 vel
1353 1177 1387 1240 in
1416 1177 1529 1258 aequi-

206 1243 325 1376 ἓξὲξ
338 1245 368 1294 Οἱ
377 1279 500 1357 noetio,
515 1281 567 1344 vel
584 1291 660 1363 post
676 1281 921 1364 aequinoctium
940 1281 1081 1356 vemale‚
1102 1293 1239 1363 propter
1258 1279 1527 1346 conformitatem

208 1375 302 1427 Easrer.
377 1381 460 1466 legis
498 1384 706 1450 Christianae
749 1387 792 1450 ad
837 1385 947 1468 legem
985 1388 1158 1469 antiquam
1200 1396 1337 1468 propter
1381 1385 1529 1450 Paschae

375 1487 620 1552 solemnitatem
652 1510 747 1573 quae,
764 1491 872 1572 primo
894 1490 956 1553 suit
979 1491 1011 1554 in
1035 1489 1108 1572 lege
1138 1491 1251 1570 veteri,
1285 1501 1320 1555 et
1348 1490 1528 1572 praecessit

374 1592 461 1656 sicut
491 1592 595 1677 figura
625 1594 703 1657 novi
734 1594 890 1660 Paschae.
938 1593 1024 1659 Cum
1064 1596 1165 1678 igitur
1194 1615 1309 1659 verum
1347 1606 1399 1660 est
1435 1596 1526 1678 quod

375 1696 619 1779 aequinoctium
641 1698 683 1762 sit
707 1699 740 1761 iii
764 1699 838 1763 idus
860 1698 984 1777 Martii,
1003 1709 1037 1762 et
1057 1698 1214 1782 possibile
1235 1700 1394 1781 estquod
1418 1698 1464 1762 ibi
1484 1699 1527 1762 sit

374 1799 454 1864 luna
469 1801 536 1878 xiv,
552 1801 675 1866 scilicet
696 1803 728 1866 in
749 1804 807 1867 xiv
821 1823 911 1868 anno
931 1803 1015 1885 cycli
1036 1803 1353 1883 decemnovennalis,
1368 1811 1406 1867 ut
1420 1804 1527 1886 prima

374 1915 586 1986 computetur
607 1907 714 1989 pridie
738 1907 894 1971 calendas
917 1907 1029 1972 Martii
1056 1927 1155 1989 super
1179 1905 1206 1971 C
1229 1906 1371 1984 literam,
1393 1917 1527 1988 oportet

374 2008 463 2091 quod
498 2011 553 2074 die
583 2013 750 2076 dominica
780 2012 934 2094 proxima
967 2022 1045 2096 post
1073 2011 1165 2076 illam
1196 2012 1285 2076 diem
1318 2013 1363 2076 sit
1398 2010 1526 2076 Pascha

372 2116 554 2179 secundum
575 2119 758 2182 veritatem.
805 2116 873 2182 Sed
895 2137 963 2181 non
983 2127 1093 2199 potest
1115 2116 1245 2181 ab-hac
1271 2117 1330 2180 xiv
1354 2117 1433 2180 luna
1452 2117 1525 2180 dies

373 2218 539 2285 dominica
562 2221 707 2305 elongari
732 2221 924 2306 plusquam
948 2223 1117 2304 usquead
1140 2221 1199 2285 xiii
1217 2220 1372 2286 calendas
1386 2219 1526 2303 Aprilis,

372 2332 410 2386 ut
446 2335 540 2406 patet
574 2326 607 2389 in
644 2325 840 2390 calendario.
898 2326 965 2391 Sed
1001 2325 1064 2389 hoc
1101 2335 1152 2389 est
1188 2335 1267 2389 ante
1299 2325 1337 2389 xi
1370 2325 1524 2389 calendas

371 2426 500 2509 Aprilis
535 2431 590 2494 ubi
625 2431 766 2514 primurn
795 2431 924 2494 Pascha
957 2430 1102 2496 celebrat
1134 2429 1282 2494 ecclesia.
1343 2428 1456 2512 Quare
1489 2430 1523 2492 in

373 2530 431 2596 illo
458 2553 546 2597 anno
571 2536 628 2598 xiv
653 2535 738 2616 cycli
765 2535 987 2599 celebrabitur
1011 2534 1138 2598 Pascha
1163 2532 1344 2618 gloriosum
1374 2543 1525 2616 tempore

373 2657 439 2702 non
458 2659 529 2703 suo.
575 2638 621 2703 Et
641 2640 731 2703 idem
749 2639 870 2704 accidit
891 2640 924 2704 in
947 2640 1045 2705 tertio
1067 2659 1155 2704 anno
1175 2639 1269 2722 cycli,
1290 2648 1327 2704 ut
1347 2648 1441 2723 patet
1465 2657 1525 2723 per

370 2764 506 2806 aureum
539 2764 711 2807 numerum
746 2745 778 2806 in
810 2744 957 2808 calendis
991 2743 1114 2810 Martii.
1169 2744 1259 2808 Nam
1292 2744 1339 2807 xii
1368 2744 1525 2808 calendas

372 2846 497 2929 Aprilis
518 2848 570 2911 vel
593 2850 673 2913 citra
696 2849 759 2913 erit
782 2848 919 2913 Pascha.
966 2849 1013 2913 Et
1027 2849 1186 2933 quoniam
1201 2858 1312 2931 potest
1330 2848 1524 2932 contingere

372 2951 441 3015 dies
464 2952 630 3016 dominica
656 2954 689 3016 in
716 2951 768 3015 his
792 2953 888 3017 annis
912 2953 1018 3037 pridie
1044 2955 1117 3017 idus
1143 2953 1267 3031 Martii,
1289 2962 1323 3017 et
1347 2952 1466 3030 idibus,
1488 2964 1524 3017 et

370 3059 418 3122 sic
449 3056 543 3137 ultra,
566 3080 668 3142 usque
696 3060 739 3123 ad
769 3060 817 3122 xii
847 3058 1003 3123 calendas
1033 3059 1171 3142 Aprilis,
1192 3059 1268 3122 ideo
1297 3057 1525 3141 multipliciter

370 3163 471 3227 debet
495 3161 563 3226 fieri
590 3162 715 3228 Pascha
738 3165 770 3227 in
791 3163 854 3226 illis
877 3166 1005 3242 diebus,
1020 3165 1111 3246 quod
1135 3163 1300 3227 observari
1324 3183 1391 3225 non
1410 3172 1523 3245 potest

369 3268 397 3330 si
428 3269 572 3350 primum
604 3268 731 3333 Pascha
761 3270 804 3332 sit
840 3270 877 3332 xi
909 3268 1063 3333 calendas
1094 3266 1231 3349 Aprilis.
1287 3266 1333 3330 Et
1363 3267 1523 3349 quoniam

249 3355 253 3364 ¹
369 3373 614 3456 aequinoctium
630 3393 744 3437 verum
768 3374 919 3437 ascendit
949 3373 1024 3456 plus
1046 3382 1081 3436 et
1103 3372 1186 3454 plus,
1210 3372 1256 3435 ita
1278 3371 1369 3454 quod
1392 3371 1523 3434 circiter

369 3476 578 3541 mcccclxxxi
609 3498 731 3542 annum
763 3480 824 3542 erit
853 3500 875 3541 v
906 3478 979 3542 idus
1012 3478 1133 3553 Martii,
1162 3488 1198 3540 et
1234 3458 1281 3539 sic
1309 3475 1522 3540 ascendendo

370 3579 506 3645 ulterius
526 3602 639 3646 versus
662 3582 859 3666 principium
884 3581 997 3647 Martii
1020 3582 1202 3646 secundum
1235 3580 1522 3662 computationem

369 3683 556 3764 calendarii,
587 3697 622 3751 et
651 3686 738 3751 ultra
771 3686 929 3749 Martium
960 3687 1116 3750 continue
1146 3696 1281 3768 propter
1310 3703 1455 3747 errorem
1477 3684 1521 3747 de

367 3787 511 3853 falsitate
525 3791 612 3867 anni,
628 3810 763 3854 necesse
784 3801 835 3855 est
856 3793 947 3873 quod
964 3790 1091 3854 Pascha
1109 3789 1204 3853 fieret
1219 3790 1306 3853 circa
1321 3788 1520 3870 principium

369 3890 482 3956 Martii
498 3892 550 3956 vel
566 3894 599 3957 in
616 3894 805 3970 Februario,
820 3904 855 3959 et
870 3896 917 3957 sic
940 3916 1073 3976 semper
1089 3893 1317 3958 antecedendo
1337 3892 1520 3956 secundum

367 3997 629 4062 antecessionem
652 3999 858 4081 aequinoctii.
906 3999 973 4064 Sed
996 3998 1061 4063 hoc
1084 4008 1134 4062 est
1157 3997 1388 4061 inconveniens
1410 3998 1520 4059 maxi·

369 4120 460 4165 mum
473 4122 481 4179 ;
516 4101 595 4184 quia
624 4102 670 4164 sic
704 4121 769 4165 non
797 4104 905 4167 solum
937 4103 1079 4179 Pascha,
1102 4103 1160 4166 sed
1190 4101 1455 4185 Quadragesima
1484 4110 1520 4165 et

367 4207 480 4269 omnia
507 4203 592 4271 festa
618 4206 755 4270 mobilia
782 4210 972 4272 recederent
1002 4206 1201 4270 horribiliter
1225 4225 1247 4268 a
1272 4212 1361 4267 statu
1388 4224 1459 4282 suo,
1484 4214 1519 4268 et

366 4311 623 4375 confunderetur
637 4321 727 4374 totus
749 4312 834 4375 ordo
856 4311 1069 4375 ecclesiastici
1089 4309 1198 4373 officii.
1246 4307 1418 4371 Praeterea
1440 4327 1519 4371 cum

366 4416 548 4479 secundum
564 4414 737 4479 veritatem
756 4414 882 4480 Pascha
904 4425 1014 4498 potest
1032 4413 1191 4478 celebrari
1211 4421 1288 4476 ante
1308 4411 1345 4473 xi
1364 4411 1520 4475 calendas

366 4518 493 4602 Aprilis
530 4521 711 4585 secundum
749 4520 1034 4602 aequinoctiorum
1069 4518 1252 4594 veritatem,
1285 4525 1319 4579 et
1356 4514 1420 4578 hoc
1458 4536 1520 4597 per

366 4625 489 4689 multos
512 4627 582 4689 dies
605 4633 638 4689 et
662 4634 746 4709 quot
769 4624 923 4690 volumus
945 4625 1127 4689 secundum
1150 4622 1241 4705 quod
1267 4618 1519 4702 aequinoctium
