3575 5375
191 2895 245 2943 'l'he
254 2894 329 2943 horo·

190 2976 265 3025 scope
278 2959 306 3010 oi

190 3026 231 3075 the
244 3026 309 3075 ruler

190 3092 283 3141 throws

190 3158 255 3220 light
266 3172 298 3207 on
306 3156 348 3207 the

191 3224 271 3273 future
284 3224 314 3272 oi

190 3288 229 3336 his
241 3289 326 3339 renlm.

360 645 420 706 252
583 628 738 687 OPERIS
763 628 952 698 MAJORIS
976 629 1091 687 PARS
1117 628 1300 702 QUARTA.

360 792 533 856 hominum
557 800 590 855 et
612 791 774 856 desideria
797 801 829 856 et
852 791 1142 870 considerationes,
1160 791 1237 855 licet
1259 810 1326 855 non
1350 797 1511 873 cogantur

360 895 418 959 sed
450 895 580 959 fortiter
609 896 814 968 inducantur,
849 905 886 959 ut
916 895 1127 960 manifestum
1167 906 1227 974 est,
1257 904 1336 958 tunc
1366 895 1513 977 prudens

360 1009 570 1064 astronomus
590 1009 704 1082 potest
729 1002 771 1065 de
798 1001 928 1064 actibus
953 1000 1134 1064 moralibus
1156 999 1330 1083 singularis
1351 1018 1513 1080 personae

360 1105 539 1187 prudenter
560 1103 719 1185 judicare,
745 1105 836 1168 salva
865 1113 977 1167 tamen
1004 1105 1160 1168 omnibus
1193 1103 1318 1167 arbitrii
1348 1101 1513 1176 libertate,

359 1218 394 1271 et
415 1208 537 1290 poterit
560 1208 592 1269 in
616 1206 728 1272 multis
750 1208 871 1272 habere
891 1208 1054 1289 judicium
1081 1216 1208 1271 certum
1230 1208 1411 1271 secundum
1437 1226 1514 1289 pos·

359 1311 550 1377 sibilitatem
578 1313 737 1377 materiae
761 1333 862 1396 quam
885 1323 1016 1377 tractat.
1061 1312 1151 1376 Nam
1173 1311 1253 1395 quia
1279 1312 1342 1374 ista
1363 1319 1413 1374 est
1436 1329 1514 1374 con·

360 1419 490 1500 tingens
505 1427 540 1481 et
555 1437 620 1480 non
637 1418 826 1496 necessaria,
838 1437 903 1480 non
915 1426 1027 1500 potest
1038 1415 1146 1480 dicere
1157 1417 1247 1497 quod
1262 1417 1305 1479 de
1318 1415 1515 1478 necessitate

361 1523 555 1603 contingent
576 1521 658 1586 haec
675 1520 728 1584 vel
749 1521 817 1599 illa,
832 1530 945 1603 potest
966 1530 1079 1584 tamen
1099 1520 1209 1585 dicere
1231 1521 1265 1596 in
1287 1519 1402 1583 multis
1422 1520 1513 1601 quod

360 1626 560 1709 contingent,
576 1635 609 1689 et
624 1627 714 1707 quod
730 1625 850 1688 veritas
871 1635 921 1692 est
937 1627 980 1688 de
1000 1625 1121 1702 futuro,
1138 1624 1213 1687 licet
1235 1644 1300 1687 non
1321 1622 1513 1688 necessaria.

360 1725 465 1790 Aliud
481 1726 570 1788 enim
586 1736 636 1789 est
652 1745 724 1788 esse
739 1746 862 1803 verum,
881 1737 916 1790 et
937 1725 1026 1790 aliud
1047 1725 1233 1788 necessario
1251 1722 1420 1788 verificari.
1467 1723 1513 1787 Et

359 1829 424 1892 hoc
451 1839 500 1893 est
524 1829 685 1910 judicium
710 1830 856 1893 medium
883 1830 969 1893 inter
994 1830 1216 1894 necessarium
1241 1837 1275 1891 et
1299 1827 1513 1910 impossibile.

361 1933 406 1996 Et
427 1934 458 1996 in
480 1932 600 2016 quibus
615 1954 682 1997 non
701 1943 812 2017 potest
833 1933 956 1998 habere
977 1933 1169 2015 hujusmodi
1187 1931 1359 2013 judicium,
1374 1932 1513 1995 habebit

359 2038 402 2101 de
423 2037 510 2101 sacili
529 2038 690 2121 judicium
712 2036 905 2113 universale,
921 2048 979 2101 aut
1001 2038 1148 2100 medium
1166 2037 1253 2101 inter
1274 2034 1458 2099 universale
1478 2044 1513 2098 et

358 2141 573 2225 particulare;
596 2163 655 2226 per
667 2142 827 2224 judicium
844 2151 956 2205 tamen
974 2141 1156 2205 universale
1170 2150 1204 2204 et
1225 2141 1405 2204 secundum
1422 2140 1513 2221 quod

358 2246 515 2329 possibile
545 2257 594 2309 est
620 2249 663 2311 de
690 2267 831 2330 persona
858 2247 999 2330 publica,
1021 2256 1059 2309 ut
1085 2245 1234 2327 principe
1265 2254 1299 2307 et
1325 2244 1514 2308 consiliario

360 2351 516 2434 principis
534 2352 566 2414 in
583 2351 718 2416 civitate
732 2350 783 2415 vel
797 2352 930 2434 regione
946 2359 1056 2435 potest
1068 2351 1200 2433 saepius
1214 2349 1338 2412 habere
1351 2348 1513 2430 judicium

360 2455 554 2539 particulare
574 2457 616 2519 de
634 2455 728 2519 lactis
746 2455 968 2538 reipublicae;
991 2455 1079 2536 quia,
1098 2465 1136 2519 ut
1156 2455 1283 2519 dictum
1304 2461 1364 2531 est,
1384 2451 1514 2517 facilius

360 2569 418 2636 est,
439 2559 587 2641 judicare
609 2559 652 2622 de
675 2561 915 2623 communitate
936 2579 1038 2642 quam
1061 2559 1105 2622 de
1127 2558 1281 2641 singulari
1305 2577 1455 2639 persona,
1478 2566 1513 2619 et

359 2664 539 2729 secundum
561 2663 723 2745 judicium
751 2663 907 2747 principis
934 2661 1126 2747 regulantur
1152 2663 1300 2727 civitates
1326 2671 1361 2725 et
1387 2681 1512 2744 regna3

360 2768 450 2850 quod
467 2768 554 2829 enim
571 2768 708 2851 principi
725 2769 843 2851 placet,
857 2767 942 2850 legis
956 2768 1059 2832 habet
1074 2768 1235 2850 vigorem.

406 2871 452 2934 Et
482 2871 558 2934 ideo
584 2892 681 2953 super
711 2872 851 2955 negotiis
878 2873 1049 2935 civitatum
1081 2870 1283 2935 famosarum
1314 2881 1348 2934 et
1378 2868 1512 2950 provin-

361 2977 484 3042 ciarum
509 2986 543 3041 et
571 2997 749 3060 regnorum
777 2987 888 3061 potest
916 2978 1057 3041 multum
1084 2987 1304 3054 astronomus,
1326 2975 1511 3039 dummodo

361 3083 443 3147 sciat
459 3084 542 3147 bene
552 3082 737 3146 dominium
748 3082 833 3147 coeli
846 3083 878 3145 in
890 3084 1110 3165 conceptione
1120 3091 1153 3145 et
1164 3081 1337 3145 nativitate
1346 3078 1512 3163 principis,

361 3201 394 3253 et
406 3188 491 3253 bene
505 3188 588 3252 sciat
604 3189 694 3271 quod
716 3188 908 3271 complexio
926 3188 1073 3252 variatur
1088 3207 1149 3268 per
1169 3187 1242 3263 hoc,
1256 3194 1290 3249 et
1308 3186 1451 3269 qualiter
1468 3183 1511 3247 ad

362 3314 471 3358 mores
494 3293 669 3357 inclinatur
688 3292 789 3373 juxta
811 3292 1049 3374 proprietatem
1073 3290 1325 3373 complexionis.
1364 3289 1410 3354 Et
1434 3299 1513 3353 tunc

361 3409 455 3462 notet
470 3397 606 3481 quando
627 3396 836 3461 constellatio
852 3396 962 3459 veniet
977 3416 1064 3479 quae
1081 3394 1230 3459 stimulet
1245 3392 1511 3478 complexionem

360 3512 394 3567 et
413 3500 567 3565 fortificet
588 3510 625 3564 ut
648 3501 837 3565 stimuletur
860 3510 893 3564 et
916 3501 1081 3564 excitetur
1101 3500 1231 3562 animus
1253 3500 1297 3562 ad
1318 3508 1411 3561 actus
1434 3517 1513 3559 con·

360 3606 504 3682 similes;
527 3614 560 3668 et
576 3605 727 3670 similiter
742 3606 876 3689 quando
892 3606 925 3668 in
941 3604 1141 3668 contrarium
1158 3612 1305 3666 mutatur
1323 3600 1514 3684 complexio

361 3730 421 3793 per
440 3710 640 3773 contrarium
664 3708 747 3773 coeli
766 3709 1033 3790 dispositionem,
1050 3717 1087 3771 ut
1105 3710 1148 3772 ad
1169 3708 1331 3771 contraria
1348 3705 1515 3768 excitetur

361 3814 491 3878 animus
522 3814 687 3895 principis.
743 3812 934 3876 Secundum
965 3813 1054 3876 enim
1091 3812 1280 3893 hujusmodi
1315 3809 1514 3873 variationes

360 3915 652 3982 constellationum
676 3925 710 3980 et
736 3917 1008 3999 complexionum
1033 3925 1067 3979 et
1093 3914 1300 3981 voluntatem
1328 3914 1513 3997 principum

360 4029 394 4084 et
414 4021 638 4103 praelatorum
653 4020 803 4084 oriuntur
825 4022 858 4084 in
878 4020 1004 4103 populo
1024 4020 1223 4084 auctoritate
1243 4018 1404 4103 superiori
1419 4019 1514 4080 inno·

359 4127 511 4189 vationes
544 4125 821 4189 consuetudinum
858 4136 892 4189 et
929 4127 1128 4189 mutationes
1164 4124 1275 4207 legum
1305 4136 1340 4189 et
1371 4144 1514 4188 morum.

361 4229 495 4293 Deinde
510 4230 553 4292 de
571 4228 659 4292 facili
675 4230 826 4293 oriuntur
843 4229 1023 4311 aliquando
1039 4229 1224 4294 discordiae
1243 4239 1276 4292 et
1292 4228 1515 4292 dissensiones

359 4335 404 4398 ad
423 4354 507 4417 quas
525 4344 708 4416 sequuntur
730 4332 825 4407 bella,
843 4333 895 4397 vel
911 4334 1089 4416 aliquando
1110 4342 1246 4416 propter
1266 4332 1377 4417 legum
1396 4333 1515 4397 hones·

360 4448 465 4503 tatem
488 4449 522 4502 et
537 4438 714 4502 utilitatem
738 4438 840 4503 oritur
858 4439 1036 4502 concordia
1058 4439 1179 4503 civium
1201 4449 1234 4503 et
1251 4439 1401 4517 aliorum,
1419 4447 1453 4500 et
1475 4437 1515 4501 fit

360 4559 440 4622 pax.
487 4540 533 4604 Et
553 4540 628 4606 ideo
646 4550 855 4605 astronomus
875 4543 1000 4625 peritus
1015 4553 1127 4623 potest
1144 4543 1187 4606 de
1204 4542 1293 4605 sacili
1308 4541 1456 4623 judicare
1471 4541 1516 4606 de

359 4644 550 4727 hujusmodi
572 4646 711 4729 negotiis
733 4647 965 4711 communibus
987 4647 1158 4712 civitatum
1182 4658 1216 4712 et
1239 4647 1421 4729 regionum,
1436 4645 1516 4729 quia
