3575 5375
382 574 424 653 48
586 578 743 636 OPERIS
767 577 955 647 MAJORIS
979 577 1095 636 PARS
1119 576 1328 637 SECUNDA.

385 758 513 803 morum
548 741 756 806 utilissimam
787 742 964 825 negligere.
1022 741 1153 805 Deinde
1183 742 1309 823 primus
1339 740 1426 806 inter
1452 742 1538 804 viros

385 845 487 908 titulo
502 846 636 927 majoris
652 846 833 929 sapientiae
848 847 966 911 doctor
981 845 1080 910 luisse
1092 846 1292 929 perhibetur,
1302 846 1378 930 quia
1390 847 1539 929 optimus

387 949 568 1032 sapientiae
587 949 804 1034 investigator
819 952 889 1027 suit,
911 949 1126 1015 Prometheus
1137 950 1159 1029 ¹,
1179 970 1277 1034 quem
1295 961 1415 1034 poetae
1429 951 1538 1015 lerunt

387 1057 430 1118 de
452 1054 523 1118 luto
544 1055 703 1118 formasse
725 1055 885 1130 homines,
908 1054 1001 1135 cujus
1023 1054 1133 1131 irater,
1157 1065 1193 1118 ut
1216 1055 1296 1119 dicit
1319 1054 1538 1138 Augustinus,

283 1240 288 1248 ν
386 1156 448 1223 fuit
457 1156 557 1221 Atlas
575 1178 715 1239 magnus
725 1158 932 1242 astrologus;
956 1160 1044 1222 unde
1054 1160 1272 1231 occasionem,
1282 1168 1318 1221 ut
1329 1158 1540 1241 Augustinus

386 1262 614 1340 relert,iabula
630 1264 764 1340 invenit,
773 1263 862 1345 quod
877 1283 954 1326 eum
971 1272 1104 1345 portare
1119 1262 1250 1327 coelum
1268 1264 1411 1341 finxerit,
1421 1284 1540 1345 quam·

386 1367 436 1429 vis
451 1387 547 1430 mons
561 1366 633 1448 ejus
648 1369 783 1431 nomine
799 1376 1009 1450 nuncupatur
1023 1368 1117 1451 cujus
1131 1368 1308 1431 altitudine
1328 1368 1440 1451 potius
1454 1366 1539 1431 coeli

388 1473 532 1553 portatio
555 1470 656 1553 vulgo
678 1472 837 1548 videatur,
862 1473 919 1555 qui
951 1474 985 1535 in
1015 1473 1174 1537 extremis
1202 1472 1335 1537 Africae
1366 1472 1539 1537 maritimis

389 1594 492 1659 prope
512 1574 624 1640 Gades
641 1576 796 1640 Herculis
811 1576 1077 1641 attolliturvelut
1094 1579 1126 1640 in
1146 1577 1283 1642 caelum.
1330 1576 1396 1642 Sed
1415 1578 1541 1661 priores

388 1681 518 1743 luerunt
534 1679 591 1743 filii
611 1682 687 1744 Noe
705 1690 738 1744 et
754 1680 927 1745 Abraham
949 1683 1005 1763 qui
1028 1684 1158 1745 luerunt
1179 1682 1274 1765 periti
1296 1683 1487 1757 astronomi,
1503 1691 1542 1746 ut

389 1784 554 1866 Josephus
581 1793 691 1847 narrat
722 1794 754 1849 et
786 1785 932 1849 lsidorus
964 1786 1062 1849 tertio
1093 1786 1187 1859 libro,
1207 1798 1241 1851 et
1272 1786 1427 1851 Clemens
1458 1786 1542 1850 libro

390 1889 509 1971 primo.
555 1890 643 1952 Nam
670 1889 704 1952 hi
734 1892 914 1954 secundum
939 1890 1164 1973 Augustinum
1192 1890 1380 1967 floruerunt,
1407 1891 1543 1974 quando

392 1993 527 2075 Moyses
542 2002 639 2057 natus
654 2004 714 2058 est.
760 1994 805 2057 Et
823 1996 969 2059 Isidorus
984 1997 1164 2059 concordat
1181 1995 1264 2059 libro
1283 1996 1400 2079 quinto
1420 1997 1543 2072 dicens,

390 2100 480 2181 quod
499 2098 595 2162 Atlas
618 2096 680 2163 suit
702 2099 762 2162 sub
782 2100 938 2163 servitute
960 2097 1101 2163 filiorum
1124 2098 1236 2163 lsrael.
1281 2099 1381 2163 Atlas
1401 2119 1488 2175 vero,
1505 2108 1542 2161 ut

391 2203 472 2266 dicit
502 2202 720 2285 Augustinus
753 2204 814 2267 suit
852 2224 934 2267 avus
971 2214 1140 2267 maternus
1177 2204 1348 2267 Hermetis
1387 2202 1543 2268 Mercurii

392 2307 533 2389 majoris,
549 2308 605 2390 qui
622 2327 815 2390 magnarum
831 2308 953 2372 artium
970 2308 1094 2391 peritus
1110 2306 1220 2372 floruit
1235 2320 1269 2371 et
1284 2328 1340 2371 eas
1356 2308 1545 2371 hominibus

390 2411 536 2489 tradidit,
561 2420 697 2495 propter
730 2415 819 2494 quod
855 2432 932 2475 eum
965 2423 1125 2494 tanquam
1154 2413 1264 2475 Deum
1299 2421 1375 2495 post
1402 2421 1544 2475 mortem

391 2516 536 2579 venerati
561 2525 648 2578 sunt.
695 2516 740 2579 Et
767 2517 828 2594 hic,
854 2526 889 2579 ut
918 2517 997 2581 dicit
1024 2516 1234 2600 Augustinus
1264 2528 1384 2581 octavo
1415 2517 1546 2579 decimo

393 2618 719 2703 libr0,luittempore
730 2640 797 2704 quo
812 2622 948 2704 Moyses
960 2622 1079 2684 eduxit
1095 2620 1315 2698 filioslsrae13
1334 2620 1385 2703 cuj
1391 2642 1426 2684 us
1443 2640 1546 2706 nepos

393 2725 454 2788 luit
480 2724 620 2788 Hermes
644 2725 833 2803 Mercurius,
853 2727 910 2808 qui
934 2727 976 2789 ad
1000 2727 1184 2790 doctrinam
1208 2727 1343 2790 alterius
1364 2737 1416 2790 est
1438 2727 1547 2789 dictus

394 2827 643 2908 Trismegistus‚
657 2830 712 2910 qui
737 2828 882 2892 famosus
904 2831 963 2893 luit
985 2830 1204 2913 philosophus
1220 2828 1383 2914 Aegypti,
1401 2831 1548 2892 maxime

395 2932 429 2995 in
449 2932 638 3011 moralibus,
653 2934 739 2998 sicut
755 2933 966 3015 Augustinus
989 2937 1087 2999 docet
1110 2945 1230 2999 octavo
1247 2938 1289 3000 de
1310 2934 1455 2998 Ciuitate
1471 2933 1547 2996 Dei.

397 3036 443 3101 Et
458 3037 512 3102 hic
527 3038 657 3120 scripsit
671 3038 715 3101 ad
731 3035 937 3121 Asclepium,
950 3039 1034 3103 sicut
1050 3047 1143 3122 patet
1160 3039 1192 3103 in
1208 3039 1292 3102 libro
1307 3039 1348 3102 de
1364 3039 1550 3114 divinitate,

396 3143 452 3225 qui
468 3143 548 3206 satis
562 3140 712 3220 habetur,
728 3143 822 3225 cujus
839 3143 986 3226 Asclepii
1002 3164 1083 3206 avus
1102 3143 1162 3207 luit
1179 3143 1400 3224 Aesculapius
1422 3144 1548 3226 primus

396 3247 579 3311 medicinae
594 3258 712 3310 auctor
725 3250 815 3330 apud
831 3246 988 3310 infideles.
1035 3247 1101 3313 Sed
1122 3257 1235 3310 tamen
1254 3248 1399 3311 Isidorus
1415 3249 1494 3311 dicit
1515 3247 1548 3309 in

395 3354 496 3416 tertio
511 3351 595 3416 libro
611 3353 901 3434 etymologiarum,
913 3353 1003 3435 quod
1020 3351 1147 3435 Apollo
1163 3351 1226 3416 luit
1241 3361 1335 3435 pater
1351 3351 1550 3433 Aesculapii,

396 3457 452 3538 qui
477 3458 601 3538 primus
623 3458 707 3520 inter
727 3456 945 3540 philosophos
966 3455 1114 3519 infideles
1136 3457 1257 3520 dicitur
1276 3456 1426 3520 docuisse
1445 3465 1551 3518 artem

397 3561 589 3625 medicinae.
646 3561 737 3624 Nam
762 3571 797 3626 et
825 3563 910 3643 patri
937 3560 1112 3624 ascribitur
1137 3561 1300 3623 medicina
1324 3570 1484 3642 quantum
1508 3560 1551 3623 ad

397 3666 504 3746 prima
518 3665 740 3740 documenta3
763 3668 822 3728 sed
842 3663 911 3727 filio
933 3666 1047 3748 magis
1064 3667 1121 3747 qui
1142 3663 1227 3727 hanc
1249 3673 1353 3728 artem
1374 3662 1552 3746 applicavit

399 3778 433 3831 et
448 3769 578 3832 certiori
596 3769 698 3832 modo
716 3769 839 3832 docuit.
886 3769 975 3831 Nam
994 3769 1119 3850 Apollo
1140 3790 1199 3852 per
1219 3769 1366 3832 carmina
1387 3779 1421 3832 et
1440 3768 1552 3848 hujus·

400 3873 491 3935 modi
503 3874 647 3936 remedia
657 3873 1051 3955 processit,Aesculapius
1063 3873 1303 3955 perveritatem
1315 3873 1552 3955 experientiae,

383 3976 549 4041 'Isidorus
571 3977 662 4053 dicit,
686 3986 720 4040 et
742 3978 888 4041 creditur
910 3997 982 4042 esse
1003 3977 1128 4061 Apollo
1151 3998 1303 4061 magnus,
1323 3979 1380 4060 qui
1403 3999 1423 4040 a
1446 3977 1555 4059 poetis

402 4079 539 4162 fingitur
556 4101 628 4146 esse
644 4081 729 4146 inter
745 4081 836 4145 Deos
856 4093 891 4146 et
912 4084 991 4146 dare
1013 4101 1170 4164 responsa
1190 4082 1223 4145 in
1246 4081 1372 4164 templo
1387 4079 1555 4164 Apollinis

401 4183 436 4246 in
454 4184 605 4268 Delphis,
621 4187 709 4249 unde
726 4197 864 4250 vocatur
880 4186 1008 4269 Apollo
1032 4184 1225 4267 Delphicus.
1274 4185 1318 4248 Et
1340 4195 1454 4249 tamen
1477 4193 1556 4248 ante

401 4289 483 4352 istos
513 4288 575 4352 luit
606 4289 856 4355 inaestimabilis
886 4291 992 4374 gloria
1029 4291 1221 4363 medicinae,
1251 4290 1432 4354 secundum
1463 4287 1556 4370 quod

402 4392 603 4458 Aristoteles
618 4394 728 4477 tangit
746 4395 779 4457 in
800 4394 883 4457 libro
903 4396 947 4459 de
965 4395 1124 4477 regimine
1144 4394 1232 4458 vitae
1241 4392 1264 4472 ²,
1282 4414 1383 4479 quam
1401 4393 1501 4457 Adae
1521 4402 1556 4458 et

649 4547 658 4576 ¹
674 4547 715 4595 De
726 4547 827 4596 Cebr'tale
837 4548 892 4607 Dei,
905 4547 947 4595 lib.
959 4548 1028 4599 xviii.
1038 4563 1093 4609 cap.
1105 4549 1129 4596 8.

649 4624 659 4654 ¹
673 4625 793 4675 Another
803 4626 858 4675 title
870 4626 911 4674 lor
922 4625 967 4675 the
978 4625 1108 4676 &culum
1119 4623 1282 4676 secretorum.
