3575 5375
350 637 675 697 PHILOSOPHIAE
701 637 792 696 CUM
818 638 1062 697 THEOLOGIA
1090 638 1330 699 AFFINITAS.
1375 654 1413 713 41

263 819 335 864 eam
348 801 529 865 secundum
541 802 771 879 substantiam,
782 800 859 867 licet
870 810 1024 886 operetur
1034 801 1068 866 in
1079 822 1128 866 ea
1152 800 1327 867 Caeterum
1339 823 1416 886 pos·

264 923 380 968 sumus
394 904 491 970 aliter
505 905 593 970 hunc
607 906 718 970 locum
734 906 908 970 consolari.
950 907 1038 971 Nam
1054 906 1255 973 Aristoteles
1275 904 1416 991 quartol

266 1009 483 1091 Physicorum
496 1009 587 1086 dicit,
598 1011 690 1093 quod
701 1020 780 1075 octo
794 1010 886 1075 modi
899 1021 975 1076 sunt
987 1012 1116 1076 essendi
1131 1012 1165 1075 in
1177 1022 1263 1088 actu,
1275 1031 1414 1093 quorum

265 1133 351 1177 unus
371 1125 422 1179 est
446 1125 482 1180 ut
505 1135 643 1179 movens
664 1115 699 1179 in
717 1126 820 1192 moto,
834 1116 914 1199 quia
937 1136 1072 1183 movens
1091 1136 1148 1181 seu
1170 1136 1271 1199 agens
1292 1125 1342 1180 est
1364 1137 1415 1179 se·

264 1218 410 1283 cundum
433 1219 590 1284 virtutem
617 1240 711 1284 suam
735 1220 770 1284 in
792 1220 931 1285 materia
952 1240 1020 1298 sua,
1043 1220 1120 1285 licet
1143 1240 1209 1283 non
1234 1220 1415 1285 secundum

265 1322 494 1387 substantiam.
533 1324 579 1387 Et
593 1324 641 1389 sic
656 1334 707 1389 est
723 1324 755 1386 in
772 1325 863 1388 omni
879 1336 996 1389 natura
1011 1325 1045 1389 in
1061 1346 1127 1408 qua
1141 1334 1306 1408 operatur,
1322 1324 1418 1389 etita

267 1427 300 1490 in
322 1430 454 1505 anima;
477 1439 511 1491 et
533 1428 581 1492 sic
601 1427 692 1492 nullo
711 1428 813 1491 modo
835 1429 986 1511 sequitur
999 1429 1089 1512 quod
1110 1428 1295 1494 intellectus
1315 1449 1417 1512 agens

266 1531 310 1596 sit
332 1551 410 1613 pars
431 1532 571 1608 animae,
587 1544 625 1597 ut
646 1532 765 1615 vulgus
787 1530 904 1616 fingit;
926 1545 962 1599 et
984 1533 1065 1599 haec
1087 1534 1251 1598 sententia
1274 1544 1324 1597 est
1345 1542 1418 1597 tota

268 1633 375 1701 fidelis
390 1646 425 1699 et
439 1658 460 1700 a
475 1636 598 1699 sanctis
613 1635 816 1703 confirmata.
862 1638 908 1702 Et
923 1638 1134 1722 Augustinus
1149 1638 1231 1703 dicit
1252 1638 1285 1701 in
1305 1636 1418 1701 solilo-

266 1740 354 1822 quiis
377 1749 411 1804 et
433 1739 522 1817 alibi,
545 1740 664 1824 ‘Quod
687 1741 750 1805 soli
775 1741 850 1805 Deo
871 1751 922 1805 est
945 1742 1057 1807 anima
1079 1742 1247 1806 rationalis
1269 1740 1419 1824 subjecta

268 1844 302 1908 in
321 1844 620 1910 illuminationibus
642 1854 676 1909 et
698 1844 878 1910 influentiis
897 1846 1052 1911 omnibus
1069 1844 1325 1931 principalibus!
1373 1845 1419 1909 Et

268 1949 421 2032 quamvis
442 1950 550 2033 angeli
574 1960 716 2034 purgent
738 1961 868 2015 mentes
891 1961 1020 2015 nostras
1043 1959 1077 2014 et
1099 1951 1285 2015 illuminent
1305 1959 1339 2014 et
1359 1970 1419 2012 ex·

268 2055 372 2119 citent
388 2054 502 2118 multis
516 2055 632 2132 modis,
642 2065 677 2119 et
691 2066 768 2119 sunt
782 2056 826 2119 ad
841 2055 970 2119 animas
986 2065 1115 2121 nostras
1126 2064 1285 2137 tanquam
1302 2053 1419 2119 stellae

269 2168 421 2243 respectu
451 2158 537 2223 oculi
567 2157 757 2241 corporalis,
783 2168 897 2223 tamen
927 2159 1137 2242 Augustinus
1167 2158 1312 2223 ascribat
1344 2157 1419 2222 Deo

270 2262 474 2327 influentiam
498 2261 734 2347 principalem3
758 2264 820 2327 soli
844 2262 1014 2327 influentia
1038 2261 1170 2325 luminis
1191 2262 1340 2326 cadentis
1361 2280 1421 2344 per

270 2366 446 2433 fenestram
467 2368 651 2442 ascribitur,
667 2378 701 2433 et
716 2366 854 2450 angelus
871 2368 1031 2449 aperienti
1053 2366 1229 2431 fenestram
1249 2385 1420 2447 compara·

270 2481 334 2547 tur,
347 2473 527 2538 secundum
539 2472 775 2555 Augustinum.
810 2472 857 2535 Et
871 2472 961 2555 quod
978 2472 1052 2555 plus
1068 2480 1126 2548 est,
1136 2470 1206 2534 vult
1222 2470 1255 2532 in
1272 2468 1421 2553 pluribus

270 2576 352 2640 locis
368 2578 459 2659 quod
474 2597 539 2641 non
556 2576 787 2658 cognoscimus
802 2575 947 2659 aliquam
963 2576 1136 2640 veritatem
1154 2574 1216 2638 nisi
1232 2576 1265 2637 in
1282 2574 1423 2637 veritate

271 2680 418 2746 increata
432 2692 465 2746 et
481 2682 515 2745 in
532 2682 653 2765 regulis
668 2681 819 2746 aeternis.
861 2679 946 2746 Cum
964 2680 1064 2764 igitur
1080 2680 1172 2744 Deus
1188 2678 1423 2743 illuminaverit

272 2787 401 2850 animas
417 2807 530 2851 eorum
552 2787 586 2849 in
606 2786 825 2871 percipiendis
844 2787 1039 2852 veritatibus
1060 2783 1299 2870 philosophiae,
1317 2783 1422 2846 mani·

273 2891 391 2955 festum
422 2904 471 2956 est
502 2894 592 2974 quod
622 2912 735 2955 eorum
765 2891 861 2956 labor
891 2911 957 2955 non
984 2901 1034 2954 est
1060 2889 1186 2954 alienus
1213 2909 1233 2951 a
1260 2887 1424 2971 sapientia

272 2996 394 3060 divina.

701 3264 928 3330 emmunim
943 3261 1005 3326 VI.

319 3422 434 3487 Tertia
449 3442 558 3499 causa,
569 3431 707 3506 propter
718 3440 818 3504 quam
834 3417 998 3502 sapientia
1013 3414 1245 3501 philosophiae
1261 3413 1427 3478 reducitur
1438 3424 1592 3502 Philosophy

275 3529 317 3592 ad
334 3527 491 3604 divinam,
502 3538 552 3592 est
564 3527 641 3610 quia
657 3546 723 3590 non
740 3524 848 3589 solum
864 3532 994 3588 mentes
1009 3541 1124 3586 eorum
1140 3519 1316 3585 illustravit
1333 3519 1425 3583 Deus
1437 3490 1589 3608 goqrevela-

274 3634 319 3697 ad
339 3631 490 3697 notitiam
512 3632 692 3716 sapientiae
711 3630 962 3713 adquirendam,
978 3629 1036 3692 sed
1056 3626 1099 3691 ab
1115 3646 1156 3692 eo
1174 3626 1282 3709 ipsam
1304 3623 1427 3687 habue-

276 3746 352 3801 runt
367 3746 401 3800 et
416 3757 490 3800 eam
511 3736 575 3801 illis
591 3734 759 3800 revelavit.
804 3734 851 3798 Et
866 3732 1078 3816 Augustinus
1094 3729 1175 3794 dicit
1190 3749 1288 3813 super
1302 3728 1427 3811 Johan-

276 3860 362 3913 nem‚
391 3841 439 3905 eis
472 3839 639 3923 praestitit
671 3839 764 3904 Deus
793 3839 1001 3921 sapientiam.
1048 3833 1250 3899 Aristoteles
1280 3833 1314 3896 in
1344 3832 1428 3896 libro

276 3957 477 4010 secretorum
491 3945 608 4010 asserit
623 3943 801 4008 manifeste
814 3952 921 4007 totam
939 3940 1186 4028 philosophiam
1202 3937 1302 4000 luisse
1316 3958 1337 3999 a
1354 3936 1429 4002 Deo

276 4051 390 4116 datam
406 4061 440 4116 et
456 4049 654 4124 revelatam3
676 4058 710 4112 et
731 4068 816 4112 unus
831 4049 873 4111 de
895 4045 1052 4110 maximis
1072 4041 1290 4128 philosophis,
1305 4041 1430 4104 scilicet

277 4154 407 4220 Tullius
423 4155 456 4218 in
472 4152 725 4238 quaestionibus
737 4150 933 4216 Tusculanis
949 4149 1086 4232 quaerit,
1103 4145 1337 4230 ‘Philosophia
1348 4145 1430 4227 quid

277 4269 329 4324 est
349 4259 412 4322 nisi
428 4260 563 4334 donum,
579 4268 615 4321 ut
631 4277 694 4341 ego
710 4258 817 4333 credo,
833 4257 1001 4320 inventum
1022 4253 1085 4316 Dei
1096 4250 1125 4314 ?'
1173 4251 1273 4315 Unde
1290 4259 1323 4312 et
1339 4249 1429 4324 dicit,

279 4366 387 4448 ‘quod
405 4384 465 4427 nec
481 4375 581 4447 poeta
596 4383 697 4445 grave
712 4360 915 4447 plenumque
931 4379 1063 4423 carmen
1079 4357 1150 4420 sine
1166 4353 1300 4419 coelesti
1317 4352 1430 4436 aliquo

278 4471 437 4535 instinctu
464 4465 623 4533 effundit’
669 4467 716 4532 Et
741 4465 953 4548 Augustinus
977 4473 1097 4527 octavo
1124 4461 1168 4525 de
1193 4459 1337 4524 Ciuitate
1364 4455 1429 4519 Dei

261 4577 376 4656 ,docet
391 4585 425 4640 et
441 4574 607 4658 approbat
627 4573 716 4657 quod
738 4569 892 4636 Socrates
912 4579 1006 4653 pater
1026 4564 1299 4652 philosophorum
1321 4559 1430 4623 firma-

674 4743 683 4774 ¹
700 4743 759 4794 Nat.
772 4741 888 4792 Auscult.
901 4740 934 4791 iv.
947 4755 971 4803 3,
985 4744 998 4800 t
1013 4753 1035 4789 1.
