3575 5375
362 646 712 705 MATHEMATICAE
736 646 786 703 IN
808 609 1012 705 PH'Yslcls
1040 646 1247 705 UTILITAS.
1351 659 1409 722 137

256 810 498 892 dispositiones,
508 818 546 872 ut
556 810 654 874 docet
664 809 844 874 avicenna.
877 809 949 873 Nec
958 819 1009 873 est
1018 810 1157 873 dubium
1170 810 1249 892 quin
1262 808 1354 871 locus
1365 809 1408 871 sit

257 923 470 996 temperatus,
481 916 539 978 sed
550 934 592 976 an
604 914 648 977 sit
658 913 966 994 temperatissimus,
976 933 1044 977 non
1059 914 1207 998 percipio
1218 913 1337 976 adhuc.
1360 913 1407 976 Et

256 1017 332 1080 ideo
342 1038 407 1080 non
418 1027 469 1081 est
478 1016 693 1082 certificatum
703 1039 746 1082 an
756 1017 928 1100 paradisus
939 1016 1061 1081 debeat
1069 1019 1114 1081 ibi
1124 1038 1207 1082 esse.
1240 1016 1407 1099 Quoniam

258 1122 287 1184 si
311 1123 538 1186 eccentricitas
563 1121 645 1185 solis
670 1123 715 1185 sit
741 1132 841 1204 prout
864 1121 1093 1186 mathematici
1119 1130 1257 1205 ponunt,
1282 1123 1407 1205 impos-

256 1224 351 1290 sibile
370 1236 420 1290 est
436 1247 518 1309 pure
536 1236 759 1309 temperatum
775 1246 848 1290 esse
867 1227 929 1289 sub
947 1225 1190 1309 aequinoctiali.
1236 1225 1325 1287 Nam
1341 1245 1408 1288 una

256 1350 332 1412 pars
356 1332 536 1409 eccentrici,
556 1352 642 1413 quae
668 1340 805 1395 vocatur
831 1332 1027 1413 oppositum
1048 1331 1143 1412 augis
1166 1330 1340 1394 descendit
1362 1330 1406 1393 ad

255 1442 376 1498 terram
393 1455 452 1516 per
467 1437 612 1517 quinque
624 1444 735 1517 partes
750 1434 988 1500 semidiametri
1001 1435 1173 1498 eccentrici
1184 1435 1289 1516 magis
1304 1453 1406 1516 quam

255 1537 380 1621 reliqua
395 1559 481 1620 quae
496 1539 617 1603 dicitur
635 1559 701 1603 aux
709 1538 729 1605 1.
768 1539 814 1603 Et
831 1539 905 1603 ideo
921 1540 1054 1620 quando
1070 1538 1120 1603 sol
1135 1540 1225 1602 venit
1240 1539 1284 1601 ad
1300 1558 1407 1620 oppo-

254 1643 354 1705 situm
371 1643 464 1727 augis
479 1645 646 1708 comburit
661 1654 784 1708 terram
801 1644 947 1720 omnin0,
960 1654 996 1707 ut
1012 1643 1091 1706 nihil
1109 1644 1154 1707 ibi
1169 1644 1280 1706 vivere
1292 1643 1407 1724 possit,

255 1757 326 1810 tum
343 1758 479 1829 propter
494 1748 859 1832 appropinquationem,
870 1758 942 1811 turn
957 1761 1094 1831 propter
1108 1768 1221 1813 casum
1238 1747 1406 1810 radiorum

254 1853 297 1914 ad
314 1851 453 1934 angulos
472 1865 590 1928 rectos,
609 1863 680 1916 tum
702 1863 837 1936 propter
857 1851 1087 1917 confusionem
1110 1852 1405 1935 aequidistantium

254 1956 423 2038 inquibus
443 1968 591 2020 moratur
609 1977 709 2038 super
729 1957 868 2020 eandem
886 1958 1052 2039 regionem
1068 1967 1107 2020 ut
1121 1955 1295 2020 comburat
1310 1976 1404 2030 eam;

255 2070 289 2123 et
311 2061 374 2124 hoc
397 2071 448 2125 est
468 2061 602 2142 quando
622 2060 672 2125 sol
693 2072 744 2125 est
762 2062 796 2124 in

255 2163 435 2247 Sagittario
465 2176 498 2229 et
529 2164 732 2248 Capricorno
762 2177 797 2230 et

255 2267 448 2350 Scorpione.
494 2267 584 2333 Nam
605 2272 799 2354 oppositum

253 2374 347 2455 augis
368 2384 419 2438 est
442 2375 474 2437 in
499 2373 692 2456 Sagittario,
706 2385 740 2439 et
765 2376 798 2438 in

254 2478 335 2542 locis
362 2480 554 2562 propinquis
579 2478 610 2542 ei
631 2479 798 2544 comburit

253 2582 405 2647 similiter
424 2593 459 2647 et
480 2585 705 2666 distemperat
752 2583 799 2647 Et

252 2686 329 2751 ideo
361 2688 409 2751 sol
450 2689 702 2771 distemperabit
739 2688 797 2752 Li-

254 2791 346 2854 bram
366 2805 400 2856 et
414 2791 578 2857 Arietem.
624 2793 713 2856 Nam
728 2793 798 2876 jam

253 2895 402 2959 transivit
432 2898 645 2961 medietatem
683 2916 798 2961 eccen-

253 3000 335 3075 trici,
349 3003 482 3082 quando
497 3004 588 3065 venit
603 3001 646 3064 ad
663 3002 796 3065 initium

252 3104 383 3181 Librae,
398 3116 433 3170 et
452 3106 556 3171 Libra
573 3107 653 3171 satis
675 3126 797 3190 appro-

252 3210 424 3291 pinquavit
446 3212 489 3274 ad
512 3211 704 3293 oppositum
726 3212 831 3292 augia,
847 3221 884 3273 ut
906 3208 1135 3292 intemperiem
1157 3207 1277 3271 caloris
1299 3206 1404 3289 possit

252 3332 396 3391 causare,
417 3315 503 3378 sicut
524 3324 618 3397 patet
642 3316 674 3377 in
698 3313 811 3395 ligura
857 3312 925 3378 Sed
954 3321 1094 3388 constat,
1115 3312 1205 3393 quod
1233 3311 1405 3393 paradisus

251 3416 353 3481 habet
380 3417 515 3499 plenum
542 3428 852 3500 temperamentum.
909 3416 1041 3480 Horum
1069 3424 1183 3479 autem
1214 3414 1405 3478 certificatio

252 3540 319 3583 non
334 3536 385 3585 est
401 3522 581 3604 praesentis
595 3521 822 3604 persuasionis.

686 3764 910 3831 Camrucnur
933 3763 976 3827 V.

296 3902 343 3966 Et
365 3902 462 3967 ideo'²
485 3904 585 3969 redeo
608 3905 650 3968 ad
675 3906 881 3989 propositum
904 3904 1017 3969 dicens
1039 3903 1130 3985 quod
1155 3899 1404 3984 complexiones
1417 3917 1542 3968 Influmoe

251 4006 401 4072 locorum
429 4011 546 4073 mundi
572 4010 707 4073 inveniri
734 4030 799 4073 non
824 4020 971 4092 possunt,
995 4008 1057 4071 nisi
1083 4007 1186 4071 homo
1208 4008 1291 4071 sciat
1313 4005 1404 4089 leges
1417 3984 1557 4099 &3⁸¹⁶

283 4151 291 4170 ¹
308 4141 375 4189 Aux
386 4142 408 4189 is
420 4142 465 4191 the
476 4141 590 4191 Arabian
604 4140 669 4191 iorni
682 4141 712 4190 of
720 4142 764 4190 the
775 4142 850 4190 word
861 4142 944 4202 apsis:
962 4140 1027 4189 used
1039 4140 1161 4201 together
1170 4140 1236 4189 with
1247 4140 1293 4189 the
1305 4140 1403 4189 related
1417 4123 1550 4180 lmm‘nl‘

249 4220 406 4282 expression
418 4222 558 4283 oppositum
570 4222 645 4285 augis
657 4230 684 4269 to
697 4222 791 4269 denote
801 4220 846 4267 the
858 4227 914 4268 two
926 4220 1015 4281 points
1024 4218 1091 4267 osan
1100 4218 1167 4267 orbit
1175 4219 1260 4267 which
1270 4234 1315 4267 are
1322 4228 1349 4268 at
1359 4220 1404 4268 the

251 4303 366 4359 greatest
384 4313 415 4346 or
430 4297 496 4347 least
515 4298 630 4347 distance
646 4298 710 4347 frum
728 4298 773 4347 the
790 4304 880 4347 centre
898 4297 928 4345 ol
941 4297 1047 4347 motion.
1081 4297 1112 4346 ln
1128 4297 1237 4346 modern
1251 4303 1405 4359 astronomy

248 4378 293 4426 the
311 4377 433 4438 aphelion
454 4392 485 4426 or
502 4392 603 4440 apogee
623 4378 653 4426 ol
667 4378 712 4426 the
730 4376 826 4425 earth's
844 4392 876 4425 or
898 4376 943 4425 the
962 4376 1063 4425 moon's
1082 4376 1150 4426 orbit
1166 4376 1255 4425 would
1272 4377 1305 4424 be
1321 4376 1404 4425 called

249 4476 355 4509 summa
368 4461 446 4521 apsis,
462 4476 493 4509 or
507 4476 577 4521 uux3
595 4461 640 4509 the
652 4459 797 4522 perihelion
810 4476 841 4510 or
851 4460 956 4523 perigee
968 4460 1055 4509 would
1066 4460 1099 4509 be
1111 4461 1164 4508 ima
1177 4460 1253 4522 apos,
1265 4474 1296 4507 or
1310 4460 1404 4521 oppas-

248 4544 306 4587 tum
319 4537 400 4601 augis.
435 4538 458 4588 lt
471 4540 539 4589 need
552 4540 643 4601 hardly
654 4541 687 4588 be
699 4541 849 4590 mentioned
865 4540 959 4588 thatin
972 4540 1017 4589 the
1030 4538 1207 4601 Hipparchian
1222 4553 1253 4585 or
1264 4538 1404 4587 Ptolemais

250 4618 343 4679 theory
356 4617 401 4665 the
412 4616 484 4667 sun's
496 4618 562 4667 orbit
573 4634 629 4667 was
641 4619 771 4681 supposed
784 4626 812 4667 to
823 4619 855 4666 be
866 4619 994 4667 eccentric
1006 4626 1033 4667 to
1044 4619 1089 4666 the
1101 4617 1178 4666 circle
1189 4616 1218 4665 ol
1226 4617 1270 4665 the
1281 4617 1403 4667 heavens.

281 4694 292 4725 ¹
310 4696 320 4746 l
334 4696 422 4745 follow
435 4696 467 4748 0.
481 4697 509 4745 in
520 4698 623 4760 making
633 4696 685 4747 this
696 4697 741 4747 the
750 4697 893 4759 beginning
902 4696 934 4746 ol
942 4713 957 4746 a
969 4712 1030 4746 new
1040 4696 1155 4759 chapter.
