3575 5375
355 621 397 681 80
578 623 734 682 OPERIS
757 623 950 692 MAJORIS
974 623 1090 683 PARS
1118 623 1285 683 TERTIA.

356 786 534 868 aliquando
550 786 677 869 duplex
692 797 727 851 et
741 786 864 868 triplex
880 787 1072 862 translatio;
1096 796 1129 851 et
1146 807 1211 851 una
1228 786 1331 851 habet
1345 786 1510 851 diversum

355 891 407 954 vel
423 890 604 972 aliquando
619 891 819 953 contrarium
840 890 946 955 alteri.
992 890 1059 955 Sed
1083 891 1192 955 nullus
1208 901 1259 955 est
1274 892 1331 974 qui
1347 912 1446 955 ausus
1460 901 1511 955 est

355 994 605 1060 translationem
623 1014 721 1058 unam
738 995 875 1058 miscere
891 1014 966 1059 cum
982 996 1056 1059 alia.

401 1098 501 1181 Quod
516 1110 629 1163 autem
644 1099 855 1164 ecclesiastici
871 1100 996 1164 habent
1012 1100 1045 1163 in
1062 1099 1204 1183 legendo
1220 1100 1431 1184 negationem
1449 1100 1511 1164 hoc

355 1213 407 1267 est
421 1204 465 1268 de
479 1204 690 1287 corruptione
705 1203 906 1286 exemplaris
921 1205 1012 1285 apud
1027 1206 1199 1269 studentes
1215 1205 1257 1268 ad
1273 1203 1511 1268 ecclesiasticos

355 1309 551 1384 derivatum,
566 1316 600 1371 et
615 1309 659 1372 de
679 1307 827 1389 syllabae
848 1308 1043 1379 mutatione,
1059 1318 1093 1373 et
1114 1314 1172 1391 pe'r
1187 1328 1392 1391 consequens
1407 1308 1511 1372 totius

355 1412 519 1477 dictionis.
564 1411 611 1475 Et
633 1411 828 1494 exemplum
852 1412 1002 1475 mirabile
1025 1422 1075 1475 est
1098 1413 1141 1476 de
1160 1411 1298 1494 Joseph‚
1315 1414 1371 1495 qui
1393 1412 1511 1476 dicitur

357 1516 391 1578 in
406 1516 590 1598 exemplari
601 1515 740 1597 vulgato
754 1516 910 1579 venditus
926 1513 1024 1579 luisse
1040 1516 1176 1597 triginta
1191 1518 1358 1600 argenteis
1374 1528 1511 1599 propter

356 1618 548 1703 exemplum
575 1620 722 1697 Domini,
746 1620 805 1684 sed
832 1622 1015 1683 seeundum
1042 1620 1197 1702 antiquos
1223 1622 1356 1684 codices
1380 1630 1413 1685 et
1441 1620 1509 1683 He·

357 1724 503 1801 braeum‚
519 1734 552 1787 et
574 1723 747 1798 Graecum,
762 1734 796 1787 et
816 1723 1013 1801 Arabicum,
1028 1734 1062 1787 et
1087 1724 1333 1807 Hieronymum
1357 1726 1389 1787 in
1411 1724 1509 1805 origi-

356 1828 432 1903 nali,
455 1838 489 1891 et
511 1826 695 1911 Josephum
719 1828 752 1890 in
777 1828 1013 1909 antiquitatum
1037 1827 1131 1904 libro,
1154 1830 1279 1893 debent
1302 1849 1375 1892 esse
1394 1829 1509 1912 viginti

357 1951 424 1995 non
436 1931 580 2013 triginta.
616 1931 663 1994 Et
678 1932 829 1996 similiter
844 1933 877 1995 in
890 1931 1052 1996 Psalterio
1067 1933 1110 1996 ad
1127 1932 1275 2014 syllabae
1290 1932 1509 1996 mutationem

357 2046 504 2101 mutatur
526 2046 599 2101 tota
622 2036 724 2101 dictio
746 2056 823 2100 cum
846 2035 976 2099 infinito
999 2055 1117 2114 errore,
1135 2056 1211 2100 cum
1235 2037 1363 2113 dicitur,
1379 2035 1517 2100 ‘Sitivit

356 2142 467 2205 anima
491 2162 566 2205 mea
587 2141 629 2204 ad
653 2140 763 2207 Deum
785 2139 910 2203 sontem
927 2138 1057 2204 vivum!
1104 2141 1194 2203 Nam
1217 2161 1292 2205 cum
1317 2140 1454 2205 ecclesia
1477 2141 1510 2203 in

355 2244 428 2309 solo
444 2245 606 2310 Psalterio
621 2254 734 2309 utatur
750 2244 966 2308 translatione
982 2244 1083 2307 LXX
1099 2245 1324 2328 interpretum,
1341 2244 1509 2327 Hierony·

356 2371 431 2414 mus
456 2351 601 2415 correxit
629 2350 716 2413 hanc
742 2349 992 2414 translationem
1021 2347 1079 2425 bis,
1108 2359 1143 2413 et
1171 2350 1280 2432 posuit
1298 2350 1426 2431 sortem
1453 2349 1510 2414 ubi

357 2456 510 2536 ponimus
522 2454 654 2536 fontem
676 2474 736 2538 per
755 2474 900 2517 errorem
923 2462 1057 2537 propter
1077 2453 1326 2517 similitudinem
1347 2453 1510 2529 dictionis,

355 2568 389 2621 et
404 2570 540 2641 propter
558 2558 622 2622 hoc
637 2560 726 2641 quod
748 2558 781 2621 in
803 2558 1013 2641 praecedenti
1029 2578 1124 2621 versu
1144 2557 1181 2620 fit
1197 2558 1323 2622 mentio
1337 2559 1382 2622 de
1395 2557 1509 2633 fonte;

356 2663 415 2726 sed
433 2673 469 2727 ut
483 2662 557 2726 dixi
574 2661 800 2744 Hieronymus
815 2663 961 2727 correxit
969 2663 1107 2745 sortem,
1119 2671 1152 2727 et
1168 2662 1215 2726 ita
1230 2671 1280 2728 est
1295 2662 1327 2724 in
1345 2660 1510 2726 Hebraeis

355 2766 465 2830 bibliis
481 2777 515 2831 et
530 2769 564 2830 in
580 2764 743 2848 psalteriis
758 2767 903 2849 antiquis
919 2767 1116 2831 monasticis.
1152 2766 1240 2831 Nam
1257 2767 1321 2832 hoc
1333 2765 1511 2848 diligenter

355 2869 504 2954 inspexi3
526 2881 560 2934 et
571 2870 709 2933 omnino
721 2879 848 2934 certum
859 2881 910 2935 est
923 2872 1013 2953 quod
1026 2877 1154 2935 nonest
1165 2871 1218 2933 hic
1230 2892 1319 2935 error
1329 2871 1508 2935 vilissimus

356 2985 491 3057 propter
504 2974 736 3038 similitudines
752 2975 950 3057 praedictas.

377 3121 379 3126 -
400 3077 454 3141 De
469 3078 584 3143 literae
596 3079 780 3142 mutatione
793 3088 844 3141 est
855 3079 1049 3161 exemplum
1065 3077 1213 3142 notabile
1225 3078 1508 3161 primoJudicum‚

355 3202 430 3245 cum
453 3183 573 3247 dicitur
599 3183 633 3245 in
655 3193 771 3246 monte
793 3181 888 3258 Ares
914 3183 1004 3263 quod
1034 3183 1267 3266 interpretatur
1292 3193 1448 3260 testaceo,
1471 3193 1509 3248 ut

355 3287 538 3369 penultima
561 3287 655 3352 litera
673 3287 717 3352 sit
737 3307 756 3350 e
777 3307 843 3352 non
866 3288 886 3364 i,
901 3289 959 3351 sed
975 3289 1196 3352 communiter
1213 3288 1355 3352 habetur
1369 3288 1509 3352 testacio

355 3412 414 3473 per
430 3393 450 3470 i,
462 3402 500 3456 ut
514 3393 558 3455 sit
573 3390 796 3456 nominativus
807 3411 910 3468 casus,
920 3400 953 3454 et
970 3392 1058 3456 idem
1074 3393 1164 3474 quod
1181 3391 1369 3456 testificatio
1381 3414 1401 3456 a
1413 3400 1508 3469 teste3

355 3496 413 3559 sed
430 3497 456 3558 si
474 3498 610 3560 deberet
625 3517 698 3560 esse
712 3495 886 3572 ablativus,
899 3496 1067 3558 derivatur
1083 3517 1103 3558 a
1119 3505 1209 3559 testa.
1246 3496 1334 3559 Nam
1352 3495 1386 3558 in
1401 3496 1509 3559 omni-

355 3599 418 3662 bus
443 3602 588 3684 antiquis
613 3600 722 3663 bibliis
748 3609 799 3664 est
826 3609 959 3663 testaceo
985 3620 1044 3682 per
1071 3620 1098 3674 e,
1126 3609 1161 3664 et
1187 3601 1220 3662 in
1248 3598 1386 3677 Graeco,
1410 3609 1444 3663 et
1474 3599 1509 3663 in

358 3701 526 3781 Hebraeo,
549 3705 605 3766 ubi
630 3703 772 3768 habetur
802 3702 908 3782 hares,
935 3703 1164 3785 Hieronymus
1188 3704 1354 3767 transtulit
1382 3713 1510 3779 testam,

355 3805 408 3868 vel
430 3806 555 3889 aliquid
574 3807 756 3870 derivatum
776 3828 798 3871 a
819 3817 920 3882 testa3
943 3827 1021 3871 nam
1042 3807 1139 3871 hares
1161 3807 1194 3870 in
1218 3807 1374 3871 Hebraeo
1393 3816 1509 3871 testam

354 3908 407 3971 vel
430 3908 556 3990 aliquid
579 3911 820 3992 praedictorum
843 3909 1008 3993 significat
1030 3912 1063 3974 in
1084 3911 1217 3975 Latino.
1263 3910 1364 3975 Unde
1388 3913 1508 3976 Hiero-

356 4031 476 4092 nymus
503 4014 535 4075 in
562 4023 662 4078 sexto
687 4012 771 4077 libro
795 4035 894 4097 super
918 4014 1038 4078 Isaiam
1061 4035 1235 4098 exponens
1259 4015 1346 4079 idem
1369 4015 1509 4079 verbum

356 4115 484 4179 decimo
511 4128 610 4181 sexto
635 4118 753 4199 capite,
779 4117 865 4181 ‘His
888 4118 946 4201 qui
968 4117 1135 4182 laetantur
1157 4139 1255 4200 super
1282 4139 1393 4183 muros
1420 4119 1508 4185 cocti

356 4218 487 4294 lateris,’
501 4222 583 4286 dicit
597 4221 694 4286 hares
709 4232 832 4286 testam
848 4223 918 4285 sive
933 4232 1063 4287 coctum
1079 4222 1217 4288 laterem
1232 4222 1409 4306 significat.
1457 4223 1504 4288 Et

356 4325 388 4386 in
412 4325 543 4391 decimo
567 4336 685 4389 octavo
708 4326 792 4389 libro
819 4345 918 4408 super
943 4327 1031 4391 idem
1053 4327 1211 4391 vicesimo
1240 4337 1362 4410 quarto
1390 4327 1509 4404 Isaiae,

356 4429 558 4493 ‘Embescet
583 4429 677 4507 luna'
702 4431 783 4494 dicit
808 4431 900 4512 quod
927 4431 1021 4494 hares
1051 4441 1172 4496 testam
1198 4431 1269 4494 sive
1295 4439 1429 4496 coctum
1455 4430 1510 4495 vel

355 4533 542 4597 ariditatem
570 4542 676 4598 sonat.
723 4533 824 4616 Quod
847 4555 927 4598 vero
955 4535 1121 4598 tricesimo
1147 4535 1255 4618 primo
1281 4543 1314 4598 et
1339 4535 1509 4599 tricesimo

355 4636 501 4700 secundo
536 4637 699 4718 Jeremiae
725 4635 973 4702 confunduntur
1007 4638 1090 4704 haec
1121 4640 1256 4705 nomina
1287 4639 1443 4704 Ananeel
1473 4647 1509 4705 et
