3575 5375
661 576 952 636 GEOGRAPHIA.
1321 593 1379 654 291

231 740 422 825 navigatum
445 754 496 807 est
518 762 539 805 a
561 742 635 806 sinu
656 740 802 808 Arabico
825 763 929 826 usque
951 742 994 805 ad
1018 740 1150 806 Gades:
1175 743 1262 806 unde
1285 742 1382 805 refert

231 846 400 926 quendam
422 845 546 928 fugisse
568 867 588 909 a
611 865 688 928 rege
710 867 771 910 suo
794 867 872 930 prae
894 845 1016 910 timore
1044 857 1079 910 et
1109 847 1243 911 intravit
1273 848 1382 911 sinum

233 949 332 1012 maris
351 949 456 1013 Rubri
477 950 534 1033 qui
553 960 693 1014 vocatur
706 949 882 1028 Arabicus,
901 950 957 1032 qui
976 950 1105 1015 circiter
1124 953 1268 1034 spatium
1294 949 1382 1013 navi·

232 1052 376 1132 gationis
391 1055 541 1118 annualis
556 1055 658 1119 distat
674 1075 694 1116 a
711 1055 793 1118 mari
806 1055 923 1119 Indico
938 1055 1119 1118 secundum
1135 1055 1380 1137 Hieronymum

233 1157 266 1219 in
283 1158 432 1240 epistola,
451 1169 487 1222 ut
503 1157 635 1222 inferius
649 1170 846 1241 exponetur.
892 1159 939 1223 Et
954 1159 1031 1223 ideo
1047 1160 1189 1224 latitudo
1201 1169 1308 1223 terrae
1325 1179 1385 1242 per

234 1281 334 1342 quam
354 1262 497 1327 decurrit
519 1284 608 1326 mare
626 1267 777 1330 Rubrum
800 1273 851 1327 est
867 1283 991 1346 magna
1004 1262 1125 1341 valde;
1147 1285 1191 1327 ex
1211 1285 1278 1346 quo
1293 1271 1387 1345 patet

234 1365 431 1447 principium
464 1368 578 1432 Indiae
601 1370 634 1432 in
663 1370 790 1433 oriente
815 1367 958 1432 multum
980 1387 1000 1429 a
1022 1369 1117 1431 nobis
1140 1369 1264 1432 distare
1285 1376 1320 1432 ct
1343 1366 1386 1429 ab

236 1469 408 1553 Hispania,
424 1483 602 1554 postquam
621 1483 752 1537 tantum
773 1473 875 1536 distat
891 1492 912 1535 a
932 1471 1094 1555 principio
1111 1471 1259 1536 Arabiae
1273 1492 1387 1535 versus

236 1572 377 1637 Indiam.
422 1574 457 1638 A
481 1576 547 1640 fine
571 1575 754 1661 Hispaniae
776 1577 839 1639 sub
861 1583 950 1639 terra
972 1586 1042 1640 tam
1063 1597 1202 1660 parvum
1224 1595 1315 1640 mare
1335 1583 1387 1638 est

235 1678 324 1758 quod
341 1697 407 1741 non
423 1689 535 1762 potest
551 1681 717 1762 cooperire
731 1692 798 1745 tres
813 1689 949 1762 quartas
968 1690 1083 1744 terrae.

280 1780 327 1844 Et
350 1780 414 1846 hoc
435 1803 496 1865 per
515 1785 748 1850 auctoritatem
773 1783 907 1848 alterius
932 1784 1203 1849 considerationis
1218 1784 1385 1868 probatur.
1399 1791 1471 1840 More
1483 1789 1543 1837 than

237 1884 326 1948 Nam
343 1886 489 1952 Esdras1
505 1889 586 1955 dicit
600 1900 720 1972 quarto
739 1888 832 1959 libro,
852 1887 942 1971 quod
966 1908 1029 1950 sex
1047 1896 1157 1971 partes
1178 1900 1286 1954 terrae
1308 1898 1383 1952 sunt
1398 1854 1546 1987 fflihffle

236 1988 407 2055 habitatae
436 2001 470 2056 ct
507 1995 650 2078 septima
679 2004 730 2058 est
766 2003 924 2074 cooperta
952 1993 1058 2072 aquis.
1104 1991 1151 2056 Et
1187 2012 1229 2055 ne
1266 1992 1387 2074 aliquis
1399 1987 1469 2101 ⁸²ng
1481 1987 1514 2101 ig]

237 2092 397 2176 impediat
423 2095 509 2160 hanc
531 2097 775 2175 auctoritatem,
796 2097 911 2159 dicens
932 2096 1022 2177 quod
1049 2094 1132 2158 liber
1155 2094 1209 2158 ille
1231 2104 1282 2159 est
1304 2115 1387 2178 apo-
1400 2054 1434 2104 ha
1452 2060 1487 2102 m
1516 2067 1538 2101 e.

238 2198 383 2279 cryphus
409 2211 444 2263 et
474 2202 609 2282 ignotae
638 2201 853 2277 auctoritatis,
881 2199 1059 2263 dicendum
1087 2209 1138 2263 est
1164 2201 1256 2281 quod
1282 2198 1388 2264 sancti

241 2302 428 2366 habuerunt
443 2302 535 2367 illum
552 2304 671 2369 librum
691 2304 725 2367 in
747 2324 812 2366 usu
829 2312 863 2367 et
883 2302 1079 2368 confirmant
1100 2304 1258 2366 veritates
1276 2323 1388 2367 sacras

239 2425 299 2488 per
329 2406 420 2471 illum
460 2408 590 2473 librum.
637 2409 682 2472 Et
718 2406 840 2493 pluries
878 2408 912 2471 in
949 2405 1060 2471 officio
1097 2408 1210 2472 divino
1250 2418 1389 2472 utuntur

239 2511 492 2576 auctoritatibus
514 2511 601 2578 illius
630 2513 715 2577 libri.
763 2511 808 2576 Et
839 2511 927 2589 ideo,
957 2513 1028 2575 sive
1057 2511 1182 2575 Esdras
1211 2512 1281 2575 sive
1306 2512 1391 2575 alius

241 2615 328 2679 hunc
343 2616 465 2695 lecerit,
477 2617 713 2701 supponendus
729 2626 780 2681 est
796 2637 857 2700 pro
872 2617 1080 2680 auctoritate.
1126 2616 1171 2679 Et
1183 2627 1320 2700 propter
1328 2615 1392 2679 hoc

239 2719 315 2784 dico
330 2721 419 2803 quod
444 2721 520 2786 licet
542 2722 706 2787 habitatio
729 2733 808 2787 nota
832 2721 1026 2786 Ptolemaeo
1048 2731 1081 2785 et
1104 2720 1175 2803 ejus
1196 2721 1393 2803 sequacibus

240 2825 283 2887 sit
304 2834 470 2889 coarctata
492 2825 578 2891 inira
596 2836 749 2910 quartam
769 2845 880 2905 unam,
902 2825 977 2910 plus
996 2834 1109 2890 tamen
1129 2834 1182 2889 est
1201 2826 1394 2890 habitabile.

242 2929 288 2993 Et
313 2928 513 2995 Aristoteles
534 2932 645 3014 potuit
665 2932 740 3015 plus
760 2952 867 3007 nosse,
882 2932 963 3011 qnia
984 2931 1183 2995 anctoritate
1205 2929 1393 2994 Alexandri

242 3034 331 3099 misit
347 3034 415 3099 duo
431 3034 535 3099 millia
549 3034 722 3100 hominum
739 3036 782 3099 ad
799 3034 1064 3119 investigandum
1084 3055 1135 3097 res
1153 3034 1251 3117 hujus
1267 3036 1392 3115 mundi,

241 3140 326 3203 sicut
342 3138 465 3203 Plinius
480 3139 561 3205 dicit
576 3152 696 3204 octauo
713 3138 933 3203 Naturalium.
980 3137 1026 3201 Et
1043 3138 1184 3219 ipsemet
1200 3138 1396 3201 Alexander

242 3243 487 3325 perambulavit
516 3262 620 3325 usque
650 3244 692 3306 ad
724 3243 825 3307 finem
856 3241 1003 3317 orientis,
1032 3252 1067 3305 et
1103 3241 1188 3305 sicut
1219 3250 1314 3323 patet
1350 3262 1396 3305 ex

245 3345 382 3409 historia
399 3345 587 3409 Alexandri
609 3356 703 3410 etex
724 3344 872 3428 epistolis
895 3365 979 3427 quas
992 3344 1169 3410 Aristoteli
1192 3345 1395 3429 conscripsit,
1507 3383 1512 3391 .

244 3469 377 3532 semper
392 3451 562 3513 mandavit
583 3449 613 3513 ei
637 3449 681 3511 de
701 3450 856 3512 omnibus
879 3447 1084 3512 mirabilibus
1105 3458 1139 3512 et
1156 3446 1295 3513 insolitis
1310 3468 1397 3530 quae

249 3552 438 3618 inveniebat
454 3554 488 3615 in
503 3555 640 3617 oriente.
686 3552 732 3615 Et
752 3552 829 3615 ideo
851 3552 962 3633 potuit
983 3551 1183 3616 Aristoteles
1203 3553 1278 3636 plns
1301 3554 1396 3618 certi·

244 3656 343 3722 ficare
372 3678 472 3739 quam
505 3658 722 3722 Ptolemaeus.
769 3656 815 3719 Et
845 3654 973 3721 Seneca
999 3657 1168 3736 similiter3
1198 3658 1277 3741 quia
1308 3658 1398 3722 Nero

245 3762 426 3845 imperator
447 3761 628 3844 discipulus
648 3761 720 3845 ejus
741 3760 894 3825 similiter
914 3760 1004 3825 misit
1026 3769 1064 3825 ut
1084 3760 1273 3843 exploraret
1296 3762 1399 3826 dubia

245 3863 343 3947 hujus
366 3866 490 3945 mundi,
513 3866 598 3932 sicut
624 3864 753 3931 Seneca
779 3874 890 3929 narrat
916 3865 950 3928 in
977 3864 1200 3930 Naturalibus.
1248 3866 1294 3931 Et
1323 3867 1399 3930 ideo

246 3973 428 4034 secundum
443 3970 525 4036 haec
540 3972 710 4053 quantitas
724 3968 916 4035 habitabilis
938 3988 1059 4051 magna
1077 3980 1128 4033 est
1143 3980 1177 4033 et
1200 3971 1289 4051 quod
1311 3990 1400 4052 aqua

247 4075 435 4159 cooperitur
457 4077 626 4139 modicum
650 4075 750 4137 debet
777 4094 856 4138 esse.
902 4072 1029 4136 Versus
1050 4074 1139 4137 enim
1163 4075 1258 4156 polos
1282 4075 1400 4137 mundi

249 4188 381 4261 oportet
397 4180 488 4262 quod
504 4200 592 4263 aqua
606 4178 763 4253 abundet,
780 4178 858 4261 quia
873 4177 946 4243 loca
967 4175 1023 4242 illa
1037 4178 1158 4260 frigida
1172 4186 1249 4243 sunt
1264 4188 1401 4261 propter

279 4382 289 4412 ¹
305 4382 388 4432 What
400 4382 487 4432 Baton
500 4382 563 4432 calls
574 4383 620 4431 the
631 4381 718 4431 fourth
730 4380 798 4430 book
810 4381 841 4430 oi
852 4380 951 4429 Eadm
962 4396 1079 4431 mswers
1090 4390 1118 4431 to
1130 4383 1174 4431 the
1186 4383 1282 4431 second
1293 4382 1363 4430 book
1372 4383 1400 4431 in

248 4463 293 4513 the
309 4460 468 4524 Apocvypha.
503 4462 555 4509 See
571 4461 612 4511 ch.
626 4463 652 4521 6,
665 4476 688 4509 v.
709 4475 748 4520 42,
762 4464 768 4485 ¹
780 4459 858 4522 Upon
875 4460 921 4509 the
938 4460 1007 4508 third
1026 4461 1078 4521 day
1095 4460 1157 4507 thou
1177 4460 1247 4507 didst
1266 4461 1402 4510 command

248 4542 304 4592 that
315 4541 359 4588 the
369 4546 466 4588 watem
478 4540 572 4588 should
587 4539 619 4588 be
631 4540 756 4601 gathered
772 4539 892 4600 together
903 4540 930 4586 in
947 4540 992 4588 the
1007 4539 1115 4588 seventh
1131 4544 1189 4601 part
1204 4538 1234 4586 os
1246 4538 1291 4587 the
1309 4540 1400 4590 earth:

248 4621 290 4671 six
302 4625 373 4683 parts
385 4618 454 4667 didst
466 4619 529 4667 thou
541 4618 590 4681 dry
602 4618 652 4682 up.¹
