3575 5375
697 650 985 713 procreamur.
1355 670 1415 733 347

265 836 363 900 super
376 813 555 898 Jordanem
573 828 623 881 est
646 816 801 880 lthuraea
819 835 875 878 seu
897 814 1080 880 Traconitis
1104 814 1271 892 tetrachia,
1290 816 1325 879 in
1348 837 1415 898 qua
1519 821 1523 826 '

266 930 317 985 est
340 920 456 984 Phiala
479 920 553 985 sons
570 920 735 1001 Jordanis,
750 929 787 983 ut
810 920 901 1002 prius
920 919 1047 984 dictum
1070 928 1131 998 est,
1147 939 1264 1003 parum
1287 921 1414 984 distans

265 1045 285 1088 a
312 1024 485 1105 Caesarea,
508 1035 542 1088 et
569 1022 810 1088 Gerasenorum
835 1025 935 1106 regio,
959 1023 1054 1105 cujus
1075 1035 1177 1108 caput
1196 1031 1247 1087 est
1278 1022 1414 1089 Gerasa.

266 1129 311 1191 Et
333 1128 415 1193 dicit
432 1127 543 1212 glossa
564 1127 669 1191 Marci
688 1129 816 1209 quinto,
836 1125 963 1191 Gerasa
983 1135 1034 1191 est
1055 1127 1134 1190 urbs
1154 1127 1301 1191 Arabiae
1323 1138 1414 1191 trans

264 1233 446 1313 Jordanem
459 1232 575 1315 juncta
595 1233 701 1295 monti
718 1231 846 1295 Galaad
864 1231 897 1293 in
915 1230 1001 1295 tribu
1018 1231 1173 1295 Manasse
1194 1251 1259 1295 non
1281 1231 1380 1315 longe
1395 1253 1416 1295 a

265 1348 385 1420 stagno
400 1337 596 1412 Tiberiadis,
612 1335 647 1399 in
662 1357 729 1419 quo
751 1336 842 1420 porci
866 1335 1074 1419 praecipitati
1097 1346 1185 1398 sunt.
1232 1336 1299 1401 Hic
1316 1337 1416 1418 igitur

265 1439 462 1506 habitabant
479 1438 637 1505 Geraseni
660 1461 718 1504 seu
735 1439 928 1523 Gergaseni,
944 1449 981 1505 ut
1000 1460 1045 1503 ex
1064 1439 1128 1503 hoc
1150 1437 1224 1504 loco
1247 1439 1415 1522 accipitur.

266 1544 396 1608 Deinde
410 1565 523 1608 versus
540 1545 711 1608 meridiem
728 1553 778 1608 est
795 1545 858 1608 alia
879 1565 955 1626 pars
980 1543 1156 1607 lthuraeae
1175 1563 1234 1608 seu
1255 1546 1414 1608 Tracoui-

265 1649 343 1712 tidis
381 1649 537 1731 regionis,
566 1650 610 1712 de
646 1668 714 1731 qua
745 1649 825 1714 dicit
861 1648 1088 1730 Hieronymus
1121 1648 1205 1711 libro
1237 1648 1414 1713 Locorum.

265 1752 452 1818 Traconitis
485 1753 577 1836 regio
608 1754 678 1817 sive
710 1751 874 1826 lthuraea,
905 1753 1000 1835 cujus
1033 1752 1214 1816 tetrarches
1245 1753 1417 1837 Philippus

262 1857 361 1939 juxta
376 1858 585 1941 evangelium
603 1857 723 1936 Lucae,
739 1868 789 1921 est
805 1867 896 1921 trans
917 1855 1055 1920 Bosram
1079 1856 1227 1921 Arabiae
1246 1856 1415 1922 civitatem

265 1962 297 2024 in
327 1961 459 2027 deserto
489 1970 607 2028 contra
635 1961 813 2026 australem
845 1960 988 2042 plagam,
1019 1971 1053 2023 et
1084 1959 1117 2023 in
1155 1962 1414 2042 septentrionem

266 2065 397 2149 respicit
418 2087 531 2130 versus
555 2066 769 2130 Damascum.
817 2064 915 2147 Quae
939 2065 1044 2128 Bosra
1059 2073 1110 2126 est
1126 2065 1159 2126 in
1175 2065 1309 2129 deserto
1325 2075 1415 2128 trans

264 2169 454 2250 Jordanem,
470 2190 556 2251 quae
571 2169 690 2234 cecidit
706 2169 739 2231 in
756 2168 842 2231 tribu
859 2167 980 2231 Ruben
995 2168 1039 2231 ad
1062 2167 1257 2232 orientalem
1280 2166 1414 2250 plagam

264 2273 397 2354 Jericho
433 2283 467 2337 et
511 2273 704 2336 extenditur
747 2292 859 2336 versus
898 2272 1148 2336 Macherontem
1186 2284 1221 2337 et
1257 2274 1415 2337 terminos

266 2376 500 2441 Moabitarum.
546 2375 614 2441 Sed
640 2396 682 2439 ne
704 2374 762 2440 fiat
787 2374 938 2458 quaestio
961 2376 1005 2439 de
1026 2376 1136 2454 Bosra,
1163 2377 1339 2441 dicendum
1365 2389 1415 2441 est

264 2481 355 2562 quod
371 2480 436 2544 alia
453 2491 502 2545 cst
525 2481 640 2545 civitas
661 2483 695 2543 in
717 2481 887 2561 Idumaea,
902 2480 946 2544 de
967 2500 1034 2563 qua
1054 2481 1135 2545 dicit
1154 2480 1279 2544 lsaias:
1310 2480 1414 2564 ‘Quis

264 2595 314 2648 est
330 2582 392 2648 iste
407 2585 464 2668 qui
478 2586 567 2649 venit
588 2586 631 2648 de
655 2585 775 2661 Edom,
792 2585 905 2650 tinctis
925 2584 1072 2648 vestibus
1094 2586 1136 2648 de
1159 2583 1300 2649 Bosrai'
1328 2586 1414 2649 sicut

264 2688 434 2773 distinguit
453 2690 680 2771 Hieronymus
696 2690 781 2754 libro
800 2690 977 2754 Locorum.
1022 2690 1067 2754 Et
1082 2690 1172 2772 quod
1189 2690 1242 2753 hic
1260 2690 1414 2755 lthuraea

265 2797 466 2860 extendatur
490 2814 594 2875 usque
618 2815 720 2878 prope
742 2794 940 2877 Decapolim
962 2804 996 2858 et
1018 2792 1214 2858 Caesaream
1236 2802 1331 2878 patet
1355 2815 1415 2879 per

266 2898 338 2974 hoc,
356 2899 445 2981 quod
463 2899 586 2962 Plinius
600 2899 682 2962 dicit
698 2901 789 2980 quod
808 2899 964 2963 lthuraea
978 2900 1081 2980 cingit
1098 2898 1305 2981 Decapolim.

309 3002 478 3085 Regiones
514 3024 593 3067 vero
630 3004 713 3067 citra
749 3004 933 3085 Jordanem
971 3002 1018 3066 sic
1055 3003 1257 3067 dividuntur.
1326 3004 1414 3067 Nam
1429 3022 1535 3072 Guttae.

264 3109 446 3171 secundum
461 3108 644 3191 Josephum
662 3118 695 3171 et
713 3109 946 3192 Hegesippum
967 3108 1077 3191 primo
1097 3116 1148 3170 est
1169 3117 1241 3171 tota
1259 3107 1416 3183 Galilaea,

264 3232 350 3293 quae
372 3210 474 3276 habet
495 3234 515 3277 a
538 3214 766 3295 septentrione
787 3211 870 3275 lines
892 3212 974 3295 Tyri
997 3222 1031 3277 et
1055 3210 1198 3291 Sidonis,
1223 3211 1267 3274 ab
1297 3232 1415 3275 occasu

266 3314 443 3379 Aconense
458 3317 657 3380 territorium
668 3336 744 3379 cum
763 3326 877 3380 monte
886 3315 1051 3393 Carmelo,
1060 3317 1106 3379 ab
1122 3325 1197 3380 ortu
1208 3316 1415 3398 Decapolim,

264 3441 284 3482 a
314 3419 449 3483 meridie
480 3419 663 3484 Samariam
695 3429 728 3483 et
763 3419 997 3504 Scythopolim
1027 3419 1178 3501 superius
1200 3420 1414 3501 assignatam.

265 3523 403 3607 Duplex
427 3532 538 3587 tamen
562 3533 613 3588 est
637 3523 794 3603 Galilaea,
818 3544 883 3587 una
905 3525 1056 3607 gentium
1084 3534 1119 3587 et
1150 3524 1306 3607 superior,
1328 3545 1415 3607 quae

264 3626 384 3691 finibus
399 3628 481 3710 Tyri
499 3640 532 3693 et
550 3627 683 3692 Sidonis
703 3628 871 3693 adhaeret.
918 3627 1015 3712 Quae
1036 3630 1111 3694 ideo
1131 3629 1252 3691 dicitur
1267 3627 1416 3693 Galilaea

264 3733 424 3815 gentium,
441 3734 519 3815 quia
543 3732 707 3797 Solomon
729 3734 821 3797 dedit
845 3734 878 3796 in
903 3752 942 3797 ea
965 3733 1085 3797 Hiram
1109 3732 1177 3816 regi
1193 3732 1275 3815 Tyri
1296 3733 1414 3816 viginti

264 3838 434 3917 civitates;
458 3848 492 3903 et
510 3838 586 3901 ideo
598 3838 675 3921 quia
687 3848 803 3922 gentes
819 3838 851 3901 in
864 3837 927 3902 hac
939 3836 1088 3903 Galilaea
1104 3839 1230 3901 mixtae
1245 3850 1324 3903 sunt
1339 3860 1414 3903 cum

263 3942 407 4024 ludaeis,
423 3952 456 4006 et
471 3944 549 4025 quia
565 3954 615 4006 est
631 3963 735 4026 prope
750 3943 901 4007 nationes
928 3942 1077 4025 gentium
1093 3963 1113 4005 a
1131 3942 1366 4025 septentrione,
1381 3954 1416 4009 et

267 4058 341 4112 ortu
367 4046 455 4126 solis,
477 4056 510 4110 et
535 4048 715 4124 occidente,
731 4056 869 4111 vocatur
896 4044 1046 4110 Galilaea
1069 4047 1243 4130 gentium;
1274 4057 1307 4111 et
1332 4046 1414 4111 haec

264 4151 459 4215 terminatur
494 4151 581 4215 circa
613 4151 835 4225 Tiberiadem,
866 4160 902 4214 et
937 4149 1019 4214 infra
1058 4170 1213 4233 campum
1255 4171 1414 4235 magnum

265 4255 437 4320 Esdrelon.
484 4255 530 4319 Et
559 4255 591 4318 in
625 4254 688 4317 illis
719 4255 799 4319 locis
830 4254 946 4337 incipit
977 4254 1127 4319 Galilaea
1159 4254 1301 4332 inlerior,
1328 4275 1415 4335 quae

262 4360 383 4423 dicitur
399 4358 546 4423 Galilaea
560 4358 773 4441 Judaeorum,
794 4378 881 4441 quae
896 4369 948 4423 est
969 4359 1002 4423 in
1023 4359 1112 4423 tribu
1137 4356 1299 4421 Zabulon.
1345 4357 1413 4422 Sed

263 4464 315 4525 hic
338 4463 521 4527 cavendum
546 4472 605 4537 est,
626 4483 668 4526 ne
687 4472 820 4547 putetur
841 4484 914 4526 esse
939 4473 1030 4527 trans
1051 4462 1241 4543 Jordanem,
1257 4472 1293 4525 ut
1319 4460 1414 4526 multi

262 4568 519 4632 aestimaverunt
535 4577 672 4650 propter
685 4567 823 4631 verbum
843 4567 948 4631 Isaiae
964 4579 997 4630 et
1017 4566 1224 4650 evangelium
1241 4565 1414 4644 Matthaei,

263 4691 338 4737 cum
354 4670 445 4751 dicit,
461 4674 567 4737 ‘terra
587 4671 737 4737 Zabulon
758 4682 792 4736 et
808 4682 896 4737 terra
918 4670 1112 4755 Nepthalim
1128 4671 1182 4735 via
1203 4672 1304 4735 maris
1323 4679 1415 4735 trans
