3575 5375
197 816 353 868 Cnrnmians

196 882 329 947 destroyed

197 951 231 1015 by
243 947 353 1000 Tartara.

201 2077 293 2128 Russia
309 2077 357 2126 and

202 2143 304 2220 Scandi-

202 2225 283 2260 nam.

207 3738 262 3788 'l'he
272 3735 360 3787 Baltic.

362 630 425 714 358
586 632 741 694 OPERIS
765 631 955 702 MAJORIS
978 629 1094 691 PARS
1117 631 1302 705 QUARTA.

411 796 456 861 Et
486 796 568 861 haec
607 795 778 880 provincia
809 793 963 860 Cassaria
993 793 1096 860 habet
1124 796 1169 860 ab
1198 794 1355 878 aquilone
1387 803 1517 859 vastam

366 901 590 980 solitudinem,
605 919 693 984 quae
707 899 903 965 extenditur
917 919 937 962 a
953 897 1089 962 flumine
1101 898 1206 962 Tanai
1223 899 1256 962 in
1271 899 1398 964 oriente
1413 915 1519 979 usque

367 1007 410 1070 ad
427 1005 619 1070 Danubium
635 1005 669 1067 in
685 1003 866 1080 occidente,
881 1003 995 1067 itinere
1011 1004 1152 1067 duorum
1174 1003 1333 1067 mensium
1360 1002 1520 1067 velociter

367 1110 558 1192 equitando,
572 1109 658 1174 sicut
673 1109 823 1191 equitant
834 1108 964 1174 Tartari
981 1129 989 1186 ;
1012 1118 1046 1172 et
1062 1107 1125 1172 hoc
1139 1117 1189 1172 est
1203 1127 1269 1172 una
1283 1108 1338 1172 die
1353 1117 1518 1190 quantum

368 1225 419 1280 est
444 1215 488 1278 ab
509 1213 699 1279 Aurelianis
724 1213 877 1277 Parisius.
924 1213 1025 1278 Unde
1050 1214 1148 1277 durat
1172 1211 1254 1276 hacc
1279 1223 1367 1278 terra
1390 1213 1521 1277 circiter

368 1329 510 1403 quatuor
525 1339 654 1383 menses
663 1319 842 1384 secundum
853 1319 944 1400 quod
961 1318 1015 1382 alii
1029 1317 1179 1382 homines
1191 1317 1412 1382 communiter
1425 1317 1520 1398 equi·

368 1421 476 1489 tantl.
531 1423 577 1486 Et
600 1423 682 1487 haec
699 1433 787 1488 terra
805 1422 865 1486 suit
889 1433 963 1487 tota
985 1421 1220 1500 Cumanorum,
1243 1423 1300 1505 qui
1324 1420 1521 1486 dicebantur

370 1528 514 1614 Captac;
531 1529 590 1593 sed
603 1527 734 1592 Tartari
745 1528 981 1592 destruxerunt
993 1545 1067 1590 eam
1078 1525 1226 1592 totaliter
1238 1536 1273 1591 et
1284 1525 1520 1590 interfecerunt

371 1633 540 1696 Cumanos
562 1640 694 1715 praeter
716 1641 854 1714 partem,
869 1651 956 1713 quae
976 1629 1059 1714 fugit
1086 1632 1129 1695 ad
1152 1650 1290 1712 regnum
1317 1630 1522 1712 Hungariae,

369 1738 424 1820 qui
437 1745 515 1801 sunt
525 1736 554 1799 ei
565 1735 736 1814 tributarii,
746 1746 781 1801 et
796 1755 817 1800 a
832 1735 1026 1799 Teutonicis
1040 1735 1162 1800 dicitur
1176 1735 1347 1815 Valana,a
1364 1735 1471 1798 Plinio
1486 1743 1519 1797 et

373 1839 501 1904 lsidoro
527 1848 561 1903 et
591 1839 728 1904 caeteris
751 1839 876 1904 Alania
905 1838 1127 1904 occidentalis.
1174 1837 1220 1904 Et
1249 1838 1331 1904 haec
1353 1838 1521 1923 provincia

371 1943 471 2009 habet
488 1942 680 2009 Danubium
695 1953 730 2008 et
746 1944 916 2009 Poloniam
932 1954 967 2008 et
984 1943 1191 2027 Hungariam
1206 1943 1251 2006 ab
1266 1944 1448 2007 occidente.

415 2047 463 2112 Et
484 2049 528 2112 ab
550 2047 705 2131 aquilone
727 2048 821 2113 istius
842 2047 1032 2130 provinciae
1053 2057 1105 2112 est
1136 2047 1256 2111 Russia
1283 2067 1414 2129 magna,
1436 2065 1522 2127 quae

371 2152 521 2218 similiter
541 2172 562 2217 a
586 2153 722 2217 Polonia
746 2155 780 2217 in
805 2172 869 2217 una
890 2161 984 2234 parte
1005 2171 1064 2216 sua
1084 2153 1277 2216 extenditur
1297 2151 1340 2214 ad
1359 2149 1521 2225 Tanaim;

371 2257 429 2322 sed
453 2257 487 2320 in
511 2277 634 2340 magna
650 2257 700 2322 sui
724 2267 817 2343 parte
837 2255 938 2320 habet
958 2255 1158 2320 Leucoviam
1179 2257 1211 2319 in
1230 2255 1414 2332 occidente,
1436 2273 1522 2335 quae

371 2371 422 2426 est
454 2371 542 2426 terra
571 2362 619 2425 ita
649 2381 771 2444 magna
807 2361 892 2425 sicut
922 2360 1131 2424 Alamannia.
1176 2358 1235 2424 Ad
1265 2359 1359 2443 cujus
1393 2367 1522 2441 partem

372 2464 612 2531 occidentalem
628 2474 704 2530 sunt
726 2465 851 2530 multae
871 2476 979 2529 terrae
1000 2465 1033 2530 in
1054 2465 1191 2531 circuitu
1216 2463 1315 2528 maris
1338 2462 1524 2546 cujusdam,

374 2570 464 2652 quod
490 2589 581 2632 mare
601 2569 640 2634 lit
657 2589 717 2652 per
738 2568 844 2633 multa
864 2567 1000 2633 brachia
1022 2569 1121 2632 maris
1137 2567 1261 2642 oceani,
1278 2587 1364 2650 quae
1388 2565 1524 2630 veniunt

373 2696 432 2757 per
448 2675 594 2738 medium
612 2673 756 2750 Daciae3
778 2682 812 2738 et
827 2674 913 2738 ultra
936 2694 1010 2737 eam
1035 2694 1147 2739 versus
1167 2673 1331 2739 orientem·
1350 2670 1471 2735 dilatat
1486 2690 1524 2734 se

372 2781 405 2841 in
439 2798 597 2861 magnum
629 2798 728 2856 mare,
757 2780 847 2860 quod
880 2778 925 2841 ab
954 2779 1127 2843 occidente
1159 2777 1260 2842 habet
1291 2773 1457 2841 Daciam²
1489 2785 1524 2839 et

373 2881 544 2947 Sweciam.
587 2882 655 2946 Sed
684 2880 810 2946 Swecia
832 2892 883 2945 est
906 2883 949 2946 ad
973 2883 1162 2965 aquilonem
1189 2882 1326 2958 Daciae,
1352 2882 1525 2945 declinans

372 2984 614 3067 aliquantulum
652 2985 684 3048 in
722 2986 882 3050 orientem
913 2986 999 3051 ultra
1038 2988 1199 3063 Daciam3
1238 2986 1324 3051 ultra
1360 3006 1442 3068 quas
1479 2986 1523 3050 ad

374 3087 563 3170 aquilonem
586 3100 635 3153 est
667 3090 868 3173 Norguegia.
916 3089 1056 3168 Deinde,
1079 3091 1159 3155 mari
1190 3110 1313 3174 magno
1342 3090 1525 3172 interjecto,

374 3205 451 3258 sunt
479 3193 593 3259 Scotia
617 3205 651 3260 et
674 3193 811 3277 Anglia,
834 3204 868 3259 et
889 3196 971 3258 mari
996 3216 1100 3278 parvo
1121 3197 1326 3277 interposito,
1352 3194 1524 3257 Hibernia.

374 3300 486 3364 Notae
513 3309 591 3363 sunt
625 3300 689 3365 hae
719 3301 878 3384 regiones,
909 3300 967 3363 sed
999 3308 1101 3383 tango
1131 3319 1187 3363 eas
1209 3309 1345 3383 propter
1368 3299 1522 3363 notitiam

375 3404 525 3468 aliarum.
571 3404 608 3469 Si
624 3425 704 3487 ergo
719 3426 740 3469 a
758 3404 879 3467 finibus
900 3403 1162 3469 occidentalibus
1183 3422 1227 3467 ex
1249 3413 1345 3487 parte
1361 3403 1525 3486 aquilonis

376 3510 595 3573 ascendamus
624 3529 737 3573 versus
760 3509 930 3586 orientem,
961 3508 1069 3589 primo
1098 3518 1150 3571 est
1183 3506 1353 3583 Hibernia,
1380 3509 1525 3571 secundo

375 3612 545 3677 Britannia
570 3614 685 3695 major,
706 3633 794 3695 quae
810 3613 959 3677 continet
986 3612 1147 3694 Angliam
1171 3620 1204 3674 et
1228 3610 1386 3688 Scotiam‚
1405 3612 1526 3675 deinde

377 3716 579 3801 Norguegia,
603 3716 737 3795 Swecia,
762 3717 877 3782 Dacia.
939 3717 984 3780 Et
1015 3726 1132 3798 postea
1155 3716 1316 3781 orientem
1339 3736 1452 3780 versus
1475 3726 1526 3780 est

376 3840 532 3903 magnum
550 3840 640 3883 mare
655 3822 872 3902 praedictum,
887 3822 977 3901 quod
998 3830 1136 3884 vocatur
1156 3840 1246 3885 mare
1264 3818 1432 3899 orientale,
1448 3821 1526 3902 quia

410 4024 417 4051 ¹
433 4023 490 4071 The
507 4022 624 4071 distance
636 4024 700 4072 from
712 4024 825 4073 Orleans
835 4030 862 4073 to
876 4024 950 4073 Paris
966 4024 987 4073 is
999 4032 1110 4087 severity
1121 4024 1211 4082 miles;
1229 4025 1300 4086 eight
1314 4024 1405 4073 weelrs
1419 4024 1449 4073 ol
1461 4027 1525 4075 such

374 4102 459 4163 riding
470 4102 557 4149 would
569 4101 643 4149 malie
655 4102 699 4150 the
707 4102 824 4151 distance
836 4103 900 4151 lrom
913 4104 958 4152 the
971 4103 1029 4151 Don
1042 4110 1069 4151 to
1081 4103 1125 4152 the
1138 4103 1247 4151 Danube
1256 4118 1332 4163 4,ooo
1343 4104 1432 4164 miles;
1449 4104 1527 4153 about

375 4182 433 4229 lour
444 4182 519 4229 times
532 4181 576 4228 tlre
588 4180 641 4228 real
658 4181 773 4230 distance
788 4182 908 4230 between
923 4182 995 4230 Buda
1008 4180 1086 4229 Pesth
1103 4182 1154 4230 and
1171 4182 1216 4230 the
1228 4181 1342 4243 easterly
1353 4182 1420 4230 bend
1439 4182 1468 4230 ol
1481 4183 1527 4232 the

374 4260 442 4309 Don.
478 4259 622 4329 obviously
633 4260 678 4308 the
689 4260 788 4308 unitos
798 4268 989 4309 measurement
1004 4260 1025 4309 is
1040 4259 1184 4321 extremely
1195 4260 1245 4309 lax.
1282 4258 1376 4308 Butes.
1390 4276 1414 4322 p.
1429 4262 1486 4321 366,
1500 4262 1526 4310 in

374 4339 460 4388 which
472 4340 517 4388 the
529 4339 639 4388 Cumani
650 4354 694 4389 are
706 4339 841 4389 described
856 4356 886 4389 as
904 4339 1047 4401 extending
1059 4340 1190 4388 eastward
1206 4339 1243 4387 lar
1260 4338 1314 4387 into
1331 4338 1437 4388 Central
1453 4340 1527 4398 Asia,

375 4419 446 4481 prior
457 4428 485 4468 to
498 4421 542 4468 the
553 4418 645 4468 Tartar
655 4426 804 4481 conquesta.

407 4498 513 4547 'Dua'a
535 4499 557 4547 is
577 4498 648 4547 osten
670 4499 748 4547 found
768 4498 869 4547 instead
889 4496 920 4545 οἰ
938 4496 1024 4545 Dam'o
1043 4497 1069 4545 in
1093 4496 1233 4545 mediaeval
1253 4511 1336 4558 mapa,
1360 4512 1414 4558 eg.
1435 4496 1460 4544 in
1483 4495 1527 4545 the

375 4577 481 4625 Catalan
499 4592 558 4639 mnp
570 4577 600 4626 os
611 4579 674 4641 1378
685 4577 761 4640 given
774 4578 800 4625 in
813 4575 950 4625 Lelewel's
962 4575 1045 4638 Atlas,
1058 4574 1130 4625 Plate
1141 4576 1204 4623 xxix
1217 4574 1383 4639 (Gebgmpln'e
1392 4574 1427 4623 du
1440 4571 1528 4635 Μογιπ

374 4655 440 4719 Age,
452 4656 493 4705 ed.
508 4656 592 4719 1850).
