3575 5375
400 602 461 662 292
624 587 780 646 OPERIS
804 586 993 656 MAJORIS
1017 587 1132 646 PARS
1157 588 1343 661 QUARTA.

398 748 643 833 elongationem
667 772 687 816 a
709 750 790 828 sole,
803 752 863 817 sed
886 751 990 835 frigus
1011 749 1211 834 multiplicat
1233 751 1407 825 humores3
1430 758 1465 813 et
1480 749 1558 813 ideo

400 854 513 936 apolo
537 855 568 917 in
594 854 707 938 polum
733 856 876 921 decurrit
897 875 986 938 aqua
1008 855 1041 918 in
1061 875 1181 937 corpus
1196 856 1296 918 maris
1311 866 1345 919 et
1361 854 1557 919 extenditur

401 958 487 1022 inter
502 958 600 1023 finem
618 960 802 1043 Hispaniae
817 971 851 1024 et
866 961 952 1026 inter
968 960 1163 1042 principium
1181 959 1297 1024 Indiae
1316 980 1382 1023 non
1414 977 1557 1040 magnae

401 1061 596 1141 latitudinis,
615 1074 649 1130 et
668 1075 806 1130 vocatur
827 1064 1002 1142 Oceanus3
1025 1074 1063 1129 ut
1086 1065 1282 1146 principium
1309 1064 1425 1126 Indiae
1447 1061 1556 1144 possit

400 1188 472 1232 esse
487 1167 628 1232 multum
645 1169 731 1233 ultra
747 1170 963 1234 medietatem
985 1169 1235 1251 aequinoctialis
1255 1167 1367 1236 circuli
1386 1167 1449 1232 sub
1466 1176 1556 1230 terra

400 1275 561 1338 accedens
581 1273 679 1338 valde
698 1274 741 1338 ad
763 1273 864 1338 finem
888 1274 1082 1356 Hispaniae.
1129 1273 1197 1339 Sed
1221 1293 1396 1337 neverum
1416 1271 1470 1335 hic
1493 1290 1555 1344 pro

401 1375 484 1441 salso
498 1377 682 1450 damnetur,
702 1388 835 1461 oportet
857 1398 918 1443 nos
936 1380 1019 1443 scire
1039 1380 1129 1462 quod
1153 1378 1316 1462 Hispania
1339 1380 1373 1442 in
1390 1377 1454 1440 hoc
1479 1377 1555 1439 loco

400 1481 561 1563 accipitur
581 1503 647 1545 non
667 1502 729 1565 pro
752 1483 892 1546 citeriori
911 1483 971 1546 sed
991 1503 1053 1566 pro
1073 1483 1228 1558 ulteriori,
1244 1484 1287 1546 de
1309 1503 1376 1565 quo
1404 1489 1556 1545 auctores

402 1586 483 1650 certi
497 1585 686 1669 loquuntur,
703 1596 740 1652 ut
757 1585 904 1650 Plinius¹
920 1589 954 1650 in
972 1587 1188 1652 Naturalibus
1203 1598 1237 1651 et
1249 1588 1408 1650 Merlinus
1426 1586 1460 1648 in
1477 1604 1554 1667 pro·

401 1690 515 1773 phetia
529 1711 598 1768 sua,
613 1700 647 1754 et
666 1690 804 1756 Orosius
820 1692 853 1754 in
868 1691 955 1755 libro
977 1693 1019 1756 de
1034 1691 1191 1757 Ormesta
1212 1692 1341 1771 Mundi,
1356 1699 1391 1755 et
1408 1691 1555 1754 Isidorus

401 1794 533 1859 decimo
547 1805 666 1877 quarto
687 1795 772 1860 libro
789 1796 1110 1880 Etymologicorum.
1165 1795 1336 1880 Quoniam
1351 1796 1449 1859 docet
1465 1793 1557 1877 quod

401 1900 486 1964 inter
507 1900 704 1982 Hispaniam
726 1921 812 1984 quae
829 1922 915 1966 nunc
938 1911 1075 1966 vocatur
1096 1910 1131 1965 et
1149 1900 1298 1966 Africam
1318 1920 1405 1964 nunc
1429 1900 1555 1964 dictam

401 2023 468 2067 non
484 2003 545 2067 luit
559 2025 646 2088 aqua
665 2004 850 2082 decurrens,
866 2005 924 2068 sed
949 2014 1035 2069 terra
1057 2006 1216 2070 continua
1235 2006 1279 2068 ab
1298 2004 1443 2086 antiquis
1468 2011 1555 2066 tem·

401 2107 546 2190 poribus,
563 2109 621 2172 sed
642 2119 760 2191 postea
782 2129 925 2174 oceanus
946 2110 1039 2174 irruit
1060 2110 1094 2175 in
1111 2111 1275 2194 profunda
1295 2120 1402 2174 terrae
1425 2116 1460 2172 et
1475 2128 1556 2172 con·

399 2211 512 2295 junxit
528 2233 564 2276 se
579 2213 662 2277 mari
679 2213 861 2296 Tyrrheno,
877 2215 968 2297 quod
989 2215 1135 2279 decurrit
1156 2236 1216 2297 per
1238 2215 1332 2279 littus
1347 2213 1557 2296 Arragoniae

403 2319 591 2399 provinciae
613 2329 648 2383 et
674 2318 801 2383 ltaliae.
848 2319 989 2384 Citerior
1015 2321 1115 2404 igitur
1145 2321 1310 2402 Hispania
1340 2341 1360 2383 a
1391 2319 1558 2382 Pirenaeis

403 2423 571 2488 montibus
602 2443 707 2505 usque
744 2424 788 2487 ad
818 2422 1055 2507 Carthaginem
1095 2425 1294 2509 porrigitur:
1331 2425 1390 2489 sed
1420 2423 1557 2487 ulterior

401 2527 520 2590 transit
539 2525 743 2591 Gaditanum
760 2527 877 2592 fretum
896 2531 1048 2612 usquein
1065 2530 1248 2613 provincias
1263 2528 1406 2592 Africae.
1455 2527 1558 2592 Unde

402 2631 596 2695 extenditur
611 2631 696 2697 ultra
714 2631 826 2697 Gades
844 2633 998 2698 Herculis
1012 2644 1046 2697 et
1061 2635 1195 2717 attingit
1208 2643 1353 2698 montem
1367 2631 1555 2697 Atlantem.

403 2734 500 2799 Haec
523 2738 707 2801 necessario
732 2738 867 2801 recitavi
889 2740 1070 2803 secundum
1089 2749 1241 2804 auctores
1261 2739 1378 2818 dictos,
1399 2758 1442 2801 ne
1458 2736 1557 2801 Aris·

401 2837 522 2903 toteles
566 2850 600 2905 et
637 2863 716 2905 suus
760 2852 1001 2907 commentator
1038 2864 1098 2926 per
1134 2844 1353 2928 ignorantiam
1392 2841 1559 2906 ulterioris

402 2942 587 3027 Hispaniae
609 2946 842 3023 deriderentur,
865 2967 942 3009 cum
965 2949 1080 3011 dicunt
1110 2949 1153 3011 ad
1185 2948 1417 3030 probationem
1447 2946 1557 3029 parvi·

399 3050 478 3113 tatis
497 3050 596 3113 maris
617 3051 703 3115 inter
722 3052 920 3133 Hispaniam
941 3063 976 3117 et
999 3053 1128 3117 Indiam
1151 3054 1240 3136 quod
1263 3052 1456 3136 elephantes
1476 3061 1555 3114 sunt

399 3160 529 3217 tanturn
561 3156 594 3217 in
624 3154 686 3217 illis
715 3156 846 3220 duobus
875 3155 965 3221 locis.
1010 3156 1135 3221 Verum
1158 3159 1247 3221 enirn
1278 3168 1330 3221 est
1353 3158 1444 3240 quod
1467 3156 1553 3218 circa

401 3268 548 3322 montem
564 3258 740 3324 Atlantem
755 3259 928 3324 abundant
948 3260 1152 3345 elephantes,
1167 3271 1205 3325 ut
1220 3260 1345 3324 Plinius
1363 3261 1452 3333 dicit,
1468 3260 1555 3324 sicut

400 3372 434 3426 et
462 3362 672 3443 Aristoteles,
701 3376 736 3428 et
765 3364 917 3428 similiter
949 3366 983 3428 in
1023 3364 1129 3444 India,
1159 3375 1193 3429 et
1224 3366 1300 3429 ideo
1334 3366 1368 3428 in
1409 3363 1556 3430 ulteriori

402 3465 565 3550 Hispania
588 3476 640 3532 est
660 3469 843 3552 frequentia
864 3469 1139 3552 elephantorum
1166 3470 1225 3533 sed
1249 3467 1449 3534 Aristoteles
1477 3468 1560 3531 dicit

401 3573 492 3653 quod
520 3571 713 3654 elephantes
740 3573 773 3636 in
795 3573 858 3638 illis
880 3574 960 3637 locis
983 3594 1055 3639 esse
1086 3593 1153 3637 non
1184 3583 1323 3657 possunt
1353 3573 1415 3637 nisi
1445 3579 1558 3636 essent

401 3674 517 3737 similis
528 3676 775 3758 complexionis,
788 3678 858 3741 etsi
868 3687 977 3741 essent
988 3677 1129 3742 multum
1142 3679 1304 3741 distantes
1316 3698 1383 3741 non
1394 3676 1557 3741 haberent

402 3776 543 3841 similem
559 3779 836 3862 complexionem,
852 3788 887 3843 et
907 3781 984 3844 ideo
1009 3801 1070 3844 nec
1094 3779 1288 3864 elephantes
1309 3790 1420 3845 essent
1442 3778 1557 3841 inillis

401 3879 480 3945 locis
502 3892 641 3946 tanturn.
687 3881 900 3966 Quapropter
921 3886 1091 3948 concludit
1115 3886 1196 3949 haec
1217 3885 1291 3948 loca
1322 3904 1395 3948 esse
1418 3883 1556 3966 propin-

353 4043 383 4060 „
402 3986 528 4068 quiora,
543 3997 578 4050 et
593 3987 667 4051 ideo
682 3998 816 4069 oportet
831 3990 922 4069 quod
938 4009 1029 4053 mare
1043 3990 1086 4054 sit
1103 4009 1243 4070 parvum
1260 3990 1346 4051 inter
1361 4008 1410 4052 ea

233 4096 341 4147 Thesea
359 4124 364 4163 :
448 4091 526 4154 Non
541 4090 639 4173 igitur
655 4111 746 4157 mare
761 4092 932 4174 cooperiet
946 4103 1014 4157 tres
1025 4102 1161 4177 quartas
1175 4105 1292 4170 terrae,
1303 4103 1341 4156 ut
1351 4092 1557 4157 aestimatur.

233 4177 356 4279 {QZ
405 4194 495 4259 Nam
511 4196 555 4257 sit
576 4195 735 4261 medietas
756 4209 864 4262 terrae
883 4198 1033 4280 superior
1047 4218 1070 4261 a
1084 4196 1103 4261 b
1116 4220 1133 4261 c
1146 4196 1178 4275 d,
1194 4198 1227 4261 in
1242 4198 1336 4280 cujus
1349 4216 1415 4260 una
1431 4206 1559 4278 quarta,

233 4294 345 4409 affine
357 4358 386 4408 ot
404 4300 527 4365 scilicet
542 4299 592 4364 ab
602 4321 627 4379 c,
637 4311 688 4364 est
703 4301 866 4366 habitatio
879 4302 976 4367 nobis
988 4314 1078 4366 nota.
1122 4302 1199 4383 Jam
1210 4310 1304 4385 patet
1314 4301 1404 4384 quod
1415 4299 1559 4365 multurn

232 4424 379 4541 {ussfffiffi
436 4468 444 4498 ¹
463 4470 539 4533 Pliny
550 4471 645 4533 speaks
656 4471 686 4520 ol
695 4473 739 4521 the
751 4472 874 4522 tradition
886 4473 944 4522 that
955 4472 1037 4535 Spain
1048 4488 1104 4522 was
1116 4472 1253 4535 originally
1264 4473 1420 4521 continuous
1430 4471 1496 4520 with
1513 4472 1560 4520 the

403 4550 520 4611 opposite
531 4549 636 4599 African
647 4558 720 4601 coast
732 4551 787 4611 (lib.
801 4552 838 4612 iii,
850 4551 1013 4614 proemium).
1049 4550 1100 4600 But
1111 4552 1146 4601 he
1158 4566 1240 4601 never
1250 4551 1347 4614 speaks
1358 4550 1387 4599 oi
1395 4565 1449 4613 any
1460 4557 1520 4612 part
1532 4549 1564 4600 oi

403 4626 490 4677 Africa
502 4644 531 4677 as
543 4628 671 4691 Hispania
683 4628 797 4681 ulterior.
