3575 5375
401 629 458 690 188
621 633 776 692 OPERIS
801 632 988 702 MAJORIS
1013 632 1127 689 PARS
1152 631 1336 703 QUARTA.

397 794 516 878 ipsum,
533 806 569 860 ut
590 795 674 860 alius
697 794 865 879 legislator
886 815 952 859 non
973 804 1177 876 expectetur,
1193 795 1252 857 sed
1272 793 1362 876 quod
1385 790 1439 854 ille
1461 789 1551 852 solus

397 899 441 963 sit
456 899 601 964 salvator
614 901 728 964 mundi
741 920 799 983 per
810 920 904 962 suam
918 900 1025 983 legem
1038 923 1046 973 3
1069 909 1233 982 quatenus
1246 897 1550 978 errorJudaeorum

398 1015 574 1068 evacuetur
594 1005 637 1068 de
658 1005 890 1088 expectatione
906 1004 1068 1082 Messiae3
1091 1013 1124 1066 et
1143 1023 1232 1066 error
1247 1002 1489 1066 Saracenorum
1507 999 1551 1060 de

400 1107 596 1171 Mahometo
626 1109 683 1191 qui
710 1119 841 1172 secutus
868 1118 918 1172 est
944 1107 1136 1185 Christum;
1169 1119 1202 1170 et
1232 1127 1321 1169 error
1349 1123 1464 1168 eorum
1494 1103 1550 1184 qui

399 1212 626 1277 adhaerebunt
652 1213 761 1276 adhuc
783 1212 864 1296 legis
888 1212 983 1278 latori
1006 1211 1148 1276 nefariae
1170 1212 1226 1294 qui
1249 1221 1409 1274 venturus
1430 1219 1490 1285 est,
1514 1219 1550 1270 ut

399 1315 606 1381 Albumazar
634 1319 734 1381 docet
764 1317 848 1380 libro
877 1316 1167 1398 conjunctionum,
1189 1317 1246 1398 qui
1272 1317 1305 1378 in
1328 1315 1466 1378 veritate
1487 1313 1551 1376 erit

399 1419 646 1484 Antichristus¹
658 1443 665 1500 ;
684 1430 847 1504 quatenus
859 1422 959 1485 etiarn
969 1441 1084 1484 omnes
1093 1431 1204 1485 sectae
1216 1439 1432 1504 paganorum,
1444 1417 1552 1480 idolo·

400 1524 566 1600 latrarum,
577 1524 805 1601 Tartarorum,
817 1525 1068 1603 haereticorum,
1083 1535 1117 1589 et
1131 1536 1337 1589 caeterorum
1354 1523 1551 1596 infidelium,

399 1629 454 1710 qui
471 1649 529 1711 per
545 1630 704 1693 mundum
720 1631 857 1712 dispersi
875 1640 953 1694 sunt
973 1650 1032 1711 per
1051 1640 1158 1693 sectas
1180 1650 1263 1711 pene
1284 1627 1552 1705 innumerabiles,

399 1730 572 1796 deleantur
592 1754 649 1815 per
670 1733 937 1798 certificationem
957 1735 1126 1817 temporis'
1137 1734 1317 1808 salvatoris,
1333 1743 1371 1796 ut
1390 1752 1451 1795 nec
1472 1740 1551 1793 ante

400 1856 476 1899 eum
500 1857 560 1900 nec
583 1848 659 1920 post
681 1838 799 1920 aliquis
821 1839 907 1902 alius
927 1848 1086 1913 teneatur,
1104 1859 1162 1920 per
1182 1858 1282 1921 quem
1305 1837 1394 1901 salus
1412 1835 1550 1898 humani

400 1941 527 2024 generis
542 1942 713 2006 habeatur.
759 1942 827 2008 Sed
843 1943 951 2006 nullus
967 1953 1079 2026 potest
1091 1942 1271 2007 certificare
1282 1944 1325 2006 de
1336 1940 1551 2023 temporibus,

401 2045 461 2110 nisi
483 2057 702 2123 astronomus,
725 2067 786 2113 nec
808 2047 920 2131 aliqua
941 2048 1079 2111 scientia
1108 2047 1209 2112 habet
1232 2049 1275 2111 de
1298 2047 1349 2109 his
1371 2045 1552 2110 certificare

399 2153 459 2219 uisi
476 2155 687 2218 astronomia.
733 2155 859 2218 Omnes
875 2154 963 2218 enirn
979 2154 1169 2218 mendicant
1183 2153 1338 2234 reliquias
1352 2152 1423 2233 ejus
1438 2152 1471 2214 in
1486 2152 1552 2214 hac

234 2263 373 2313 tteuueuon
400 2266 505 2340 parte,
527 2268 563 2323 ut
594 2259 804 2323 manifestum
836 2268 897 2322 est.
942 2258 989 2321 Et
1015 2259 1043 2322 si
1070 2258 1317 2322 consideremus
1348 2257 1552 2320 inveniemus

232 2329 260 2379 ol
268 2330 303 2380 all

232 2395 368 2444 &pm
399 2363 512 2426 multis
535 2366 642 2428 modis
661 2365 833 2446 quomodo
854 2350 1058 2428 astronomia
1080 2373 1130 2427 est
1149 2364 1204 2428 hic
1224 2362 1416 2427 necessaria.
1461 2362 1551 2424 Nam

230 2461 386 2511 1⁰Ch¹l⁵flss¹¹
399 2478 552 2551 tempora
563 2469 636 2547 ista,
645 2471 808 2551 quaedam
821 2479 900 2532 sunt
910 2468 1050 2544 lunaria,
1059 2468 1223 2550 quaedam
1237 2467 1357 2532 solaria
1369 2477 1403 2530 et
1415 2465 1552 2540 lunaria,

231 2528 355 2576 standard.

398 2573 563 2654 quaedam
586 2573 709 2638 habent
733 2574 928 2656 principium
947 2575 1215 2652 determinatum,
1234 2583 1270 2637 ut
1292 2574 1383 2653 apud
1403 2570 1552 2651 Judaeos

399 2689 615 2742 astronomos
649 2677 816 2761 Incipiunt
832 2678 919 2742 enim
934 2700 955 2741 a
970 2678 1142 2742 lunatione
1154 2676 1313 2742 Octobris
1327 2697 1462 2751 annum,
1472 2676 1552 2757 quia

400 2792 477 2845 sunt
500 2783 549 2844 usi
571 2783 614 2845 ab
639 2783 777 2865 antiquo
803 2782 927 2848 tabulis
953 2793 986 2847 et
1013 2784 1194 2847 canonibus
1220 2784 1263 2846 ad
1294 2802 1448 2846 occasum
1471 2781 1551 2845 solis

401 2885 545 2949 civitatis
560 2885 753 2966 Jerusalem.
798 2886 865 2951 Sed
881 2888 990 2952 adhuc
1006 2889 1152 2969 gaudent
1164 2888 1212 2951 uti
1224 2887 1272 2950 eis
1284 2896 1418 2970 propter
1428 2896 1551 2949 terram

401 3010 487 3073 quae
508 2991 588 3055 data
607 2990 667 3054 luit
688 2992 735 3054 eis
750 3012 770 3054 a
787 2991 872 3055 Deo.
918 2991 1093 3075 Quaedam
1109 3013 1189 3055 vero
1209 2991 1336 3055 habent
1355 2990 1553 3074 principium

402 3095 702 3172 indeterminatum,
718 3104 755 3157 ut
774 3106 929 3177 tempora
944 3095 1192 3160 solemnitatum
1207 3097 1297 3177 apud
1314 3094 1499 3171 Hebraeos,
1516 3105 1551 3157 et

402 3210 554 3282 tempora
571 3199 732 3278 Arabum,
748 3210 782 3263 et
798 3200 861 3265 hoc
877 3201 1067 3264 differenter
1083 3199 1234 3263 multum.
1281 3199 1456 3282 Quaedam
1471 3219 1552 3261 vero

402 3316 555 3387 tempora
581 3315 657 3369 sunt
680 3305 807 3382 solaria,
829 3315 863 3369 et
885 3305 1002 3370 horum
1027 3307 1192 3387 quaedam
1214 3324 1345 3387 semper
1366 3303 1553 3367 habuerunt

402 3420 555 3492 quartum
577 3410 662 3473 ultra
677 3410 748 3474 dies
770 3409 926 3493 integros,
942 3418 980 3472 ut
995 3419 1129 3493 tempus
1145 3408 1346 3474 Graecorum
1363 3417 1397 3471 et
1413 3391 1552 3470 Latino-

404 3534 497 3592 rum;
529 3515 694 3595 quaedam
718 3534 897 3596 nunquam,
921 3524 958 3577 ut
980 3525 1132 3596 tempora
1157 3514 1351 3587 Persarum3
1384 3514 1553 3595 quaedam

402 3618 582 3700 aliquando
605 3619 651 3681 sic
675 3618 855 3701 aliquando
878 3638 956 3697 non,
975 3627 1012 3682 ut
1035 3628 1186 3699 tempora
1205 3617 1460 3701 Aegyptiorum
1508 3616 1555 3679 Et

402 3722 561 3806 principia
584 3742 744 3785 annorum
763 3724 930 3787 varlantur
952 3724 1041 3806 apud
1065 3724 1163 3805 ipsos,
1179 3723 1262 3786 sicut
1284 3742 1427 3785 canones
1449 3731 1556 3785 astro-

403 3826 535 3889 nomiae
557 3827 679 3889 docent
701 3836 735 3889 et
758 3825 958 3909 Almagesti,
981 3836 1016 3889 et
1038 3826 1103 3891 alia
1127 3827 1241 3890 multa.
1288 3824 1376 3889 Cum
1398 3826 1499 3907 igitur
1522 3826 1555 3887 in

404 3930 563 4012 scriptura
578 3931 811 3994 contineantur
826 3932 902 3994 anni
919 3931 1048 3994 lunares
1064 3941 1098 3997 et
1112 3931 1236 3996 solares
1251 3940 1286 3995 et
1301 3930 1504 3994 Graecorum
1521 3938 1556 3992 et

405 4033 601 4098 Latinorum
617 4043 651 4098 et
666 4033 865 4117 hujusmodi,
880 4045 915 4099 et
928 4036 1080 4099 volumus
1097 4036 1209 4100 omnia
1229 4046 1381 4118 tempora
1401 4035 1557 4097 reducere

405 4139 448 4201 ad
464 4158 568 4201 annos
584 4136 716 4212 solares,
726 4150 760 4202 et
775 4140 818 4202 ad
834 4160 939 4203 annos
956 4139 1161 4217 Latinorum,
1171 4139 1227 4221 qui
1240 4147 1316 4202 sunt
1331 4139 1406 4202 anni
1423 4136 1557 4213 Christi,

405 4264 538 4308 necesse
568 4252 618 4307 est
645 4244 741 4307 nobis
771 4244 805 4306 in
831 4264 923 4308 sacra
948 4244 1086 4308 historia
1111 4245 1194 4308 scire
1220 4244 1340 4307 horum
1366 4254 1556 4323 temporum

405 4348 640 4426 diversitatem,
666 4357 699 4412 et
732 4359 768 4413 ut
796 4350 938 4413 sciamus
967 4349 1047 4431 quid
1078 4360 1128 4413 est
1158 4349 1326 4433 proprium
1358 4344 1492 4409 cuilibet
1523 4355 1557 4407 et

404 4454 576 4538 quomodo
592 4463 774 4535 aequantur
788 4454 832 4517 ad
847 4454 998 4529 invicem,
1013 4463 1049 4518 et
1062 4455 1233 4535 quomodo
1253 4470 1429 4535 possumus
1444 4459 1558 4513 extra·

535 4678 543 4705 ¹
562 4674 643 4725 What
655 4674 758 4725 l'ollows
769 4683 796 4724 to
808 4676 853 4724 the
866 4675 917 4723 end
930 4673 960 4723 ol
968 4674 1012 4722 the
1023 4674 1169 4737 paragraph
1181 4673 1203 4722 is
1214 4672 1323 4722 omitted
1333 4673 1360 4721 in
1372 4672 1403 4723 Ο.
