3575 5375
189 2582 276 2630 Errors
286 2582 316 2630 ol

189 2649 300 2698 ancients

188 2715 236 2762 due
247 2723 274 2762 tu

189 2781 321 2842 ignorauoe

189 2847 218 2893 ol
227 2845 323 2908 foreign

188 2911 332 2974 lauguages.

362 619 404 680 26
595 621 751 681 OPERIS
774 620 965 690 MAIORIS
988 620 1103 679 PARS
1128 620 1276 679 PRIMA.

362 802 398 857 tu
415 792 569 855 nominas
583 792 806 875 quaestiones,
820 791 878 857 sed
900 811 963 874 ego
984 790 1091 855 sentio
1107 811 1256 855 meorum
1277 790 1514 873 opusculorum

361 895 633 978 reprehensiones
659 896 840 960 continuas.
887 896 1117 959 Praetermitto
1143 895 1368 972 salutationes,
1393 895 1515 977 quibus

362 1020 473 1063 meum
492 999 661 1065 demulces
682 1009 801 1084 caput3
823 1008 920 1063 taceo
940 999 983 1062 de
1003 998 1179 1075 blanditiis,
1200 1000 1320 1082 quibus
1341 999 1516 1083 reprehen-

360 1106 487 1167 sionem
512 1123 622 1167 meam
646 1104 760 1167 niteris
786 1102 957 1176 consolari,
980 1112 1017 1166 ut
1039 1103 1081 1166 ad
1107 1103 1196 1186 ipsas
1221 1122 1336 1167 causas
1362 1104 1515 1180 veniam;

360 1208 527 1273 observari
544 1208 627 1290 legis
642 1208 847 1273 ceremonias
860 1227 927 1271 non
944 1216 1055 1289 potest
1070 1224 1143 1271 esse
1163 1207 1365 1283 indifferens,
1380 1208 1438 1271 sed
1457 1216 1515 1271 aut

360 1314 487 1377 bonum
503 1323 562 1376 aut
578 1310 725 1387 malum3
747 1321 785 1376 tu
800 1332 880 1375 vero
901 1312 1036 1388 bonurn,
1051 1329 1117 1392 ego
1135 1312 1258 1375 malum
1277 1331 1409 1388 assero;
1433 1312 1514 1375 dum

360 1416 449 1479 aliud
465 1417 561 1491 vitas,
573 1416 617 1480 ad
631 1416 722 1480 aliud
737 1416 924 1479 devolveris
937 1436 945 1493 ;
967 1416 1048 1479 dum
1061 1416 1147 1479 enim
1162 1415 1281 1479 metuis
1293 1414 1514 1498 Porphyrium

360 1517 672 1602 blasphemantem¹
691 1520 831 1584 Ebionis
845 1519 1001 1601 haeretici
1018 1519 1155 1602 laqueos
1170 1516 1327 1582 incurris.’
1374 1519 1420 1582 Et
1435 1520 1516 1583 talia

360 1624 611 1689 innumerabilia
640 1624 840 1707 colliguntur
869 1646 914 1688 ex
946 1622 1034 1687 libris
1063 1632 1262 1699 sanctorum,
1291 1624 1348 1705 qui
1379 1634 1449 1687 tarn
1481 1624 1515 1686 in

362 1729 459 1793 rebus
480 1729 523 1792 de
542 1729 663 1811 quibus
681 1738 732 1793 est
752 1729 922 1793 contentio
942 1748 1043 1810 quam
1062 1729 1095 1791 in
1117 1728 1218 1793 modo
1242 1727 1515 1810 reprehensionis,

361 1832 504 1897 multum
517 1834 551 1896 in
561 1832 709 1898 scientiis
720 1833 885 1897 humanae
897 1832 1084 1915 fragilitatis
1096 1834 1284 1908 ostendunt,
1293 1852 1361 1915 qua
1372 1832 1514 1895 affirma·

360 1938 441 2001 bant
461 1938 552 2019 quod
568 1957 636 2003 non
650 1938 828 2003 debebant.
874 1936 942 2002 Sed
963 1946 1104 2014 constat,
1119 1958 1184 2001 non
1207 1957 1251 2001 ex
1267 1947 1358 2001 certa
1377 1936 1516 2001 scientia

359 2040 424 2105 hoc
444 2040 609 2119 lecemnt;
631 2063 712 2127 ergo
727 2063 772 2105 ex
789 2043 976 2123 apparenti,
991 2050 1024 2105 et
1039 2042 1215 2106 aestimata
1230 2040 1464 2105 laboraverunt
1481 2041 1514 2104 in

359 2144 422 2209 hac
438 2156 541 2229 parte.

762 2404 989 2471 Cnmrunun
1015 2404 1114 2469 Xlll.

407 2560 584 2624 Caeterum
609 2581 677 2625 non
704 2561 813 2626 solum
839 2582 884 2625 ex
911 2560 1009 2642 hujus
1033 2560 1245 2625 mortalitatis
1268 2560 1518 2645 imperfectione

363 2664 469 2729 multa
489 2665 677 2748 reprobant,
692 2667 814 2750 quibus
834 2686 895 2730 nos
916 2686 983 2730 uon
1003 2674 1136 2749 oportet
1151 2666 1319 2731 obstinate
1339 2666 1516 2743 inhaerere,

363 2771 467 2833 immo
491 2772 598 2854 magis
617 2770 661 2834 ad
680 2791 795 2835 eorum
814 2771 956 2835 honores
977 2772 1030 2854 pie
1049 2781 1085 2835 et
1102 2781 1288 2835 reverenter
1308 2772 1516 2854 interpretari

361 2874 545 2938 secundum
560 2875 652 2958 leges
664 2876 833 2952 veritatis3
849 2874 956 2938 multa
968 2876 1069 2939 etiarn
1085 2885 1120 2939 et
1135 2877 1286 2939 maxima
1297 2876 1518 2958 neglexerunt

361 3001 406 3042 ex
435 2980 544 3041 causis
574 2980 682 3044 certis.
728 2979 807 3045 Una
835 2989 898 3057 est,
928 2981 1006 3062 quia
1034 3000 1101 3044 non
1132 2979 1265 3043 fuemnt
1293 2981 1455 3044 translata
1482 2981 1517 3043 in

360 3083 509 3165 linguam
528 3083 676 3161 latinam,
691 3103 753 3148 nec
768 3084 812 3148 ab
832 3083 945 3166 aliquo
961 3083 1154 3148 Latinorum
1174 3087 1369 3167 composita,
1385 3095 1420 3148 et
1439 3086 1517 3148 ideo

359 3207 426 3251 non
443 3187 506 3251 luit
522 3189 642 3252 mirum
658 3189 686 3252 si
702 3188 834 3252 illorum
850 3208 918 3252 non
930 3189 1151 3253 aestimabant
1167 3189 1323 3253 valorem.
1369 3189 1517 3252 Platonis

358 3293 448 3356 enim
478 3291 581 3356 libros
605 3293 761 3356 doctores
793 3312 912 3356 omnes
940 3293 1153 3356 assumebant
1182 3294 1215 3355 in
1246 3294 1409 3369 manibus,
1436 3293 1517 3375 quia

358 3395 511 3461 translati
531 3395 683 3472 fuerunt3
706 3397 766 3461 sed
785 3396 861 3462 libri
876 3396 1156 3472 Aristotelisnon
1176 3395 1305 3461 luemnt
1327 3408 1408 3461 tunc
1429 3409 1516 3460 tem·

359 3503 450 3582 poris
486 3502 650 3564 translati.
696 3502 786 3566 Nam
823 3503 1037 3584 Augustinus
1074 3499 1135 3564 luit
1173 3502 1299 3583 primus
1336 3501 1518 3566 translator

359 3604 556 3668 Aristotelis
569 3616 604 3668 et
618 3606 801 3687 expositor,
815 3606 875 3669 sed
896 3607 929 3668 in
944 3605 1083 3668 minimo
1099 3617 1133 3668 et
1149 3607 1182 3668 iu
1203 3608 1312 3687 primo
1327 3605 1515 3669 libellomm

359 3728 506 3784 suorum,
534 3708 690 3772 videlicet
720 3710 754 3772 in
785 3709 1082 3791 praedicamentis:
1121 3730 1181 3775 nec
1210 3710 1272 3774 luit
1302 3709 1517 3794 philosophia

358 3811 553 3874 Aristotelis
589 3821 669 3876 tunc
711 3813 872 3893 temporis
910 3811 1046 3876 Graecis
1082 3814 1288 3898 philosophis
1326 3825 1418 3892 nota,
1454 3835 1516 3877 nec

359 3912 524 3988 Arabicis,
541 3915 628 3978 sicut
643 3916 734 3997 prius
753 3926 880 3978 tactum
894 3926 955 3979 est.
1000 3916 1046 3981 Et
1066 3918 1143 3981 ideo
1162 3919 1279 3994 sancti,
1294 3919 1380 3983 sicut
1399 3918 1515 3992 etalii,

361 4018 580 4099 neglexerunt
615 4018 860 4101 philosophiam
890 4019 1092 4098 Aristotelis,
1116 4020 1299 4086 laudabant
1329 4023 1516 4087 Platonem.

361 4121 408 4184 Et
425 4123 504 4202 quia
524 4121 760 4186 intellexenrnt
777 4124 869 4203 quod
883 4123 1084 4188 Aristoteles
1104 4137 1296 4208 persecutus
1315 4137 1366 4191 est
1381 4138 1515 4190 senten·

359 4225 424 4290 tias
454 4224 650 4300 Platonicas,
675 4226 893 4289 Aristotelem
919 4227 954 4290 in
984 4227 1096 4292 multis
1125 4229 1313 4310 reprobant,
1341 4241 1374 4294 et
1400 4231 1517 4294 dicunt

361 4330 525 4392 rationem
560 4327 713 4394 haereses
739 4349 981 4412 congregasse3
1014 4333 1099 4394 sicut
1128 4333 1340 4414 Augustinus
1370 4336 1452 4399 dicit
1482 4335 1517 4398 in

361 4431 448 4496 libro
475 4433 520 4495 de
546 4430 692 4496 Ciuitate
717 4432 783 4496 Dei
810 4434 929 4516 ipsum,
955 4434 1064 4498 adhuc
1094 4437 1254 4518 magistro
1281 4458 1345 4502 suo
1376 4439 1518 4503 Platone

393 4584 401 4613 ¹
420 4587 642 4647 blasphemantem
658 4601 710 4635 orn.
725 4587 753 4635 iu
769 4586 795 4646 J.
828 4585 887 4635 'l‘lre
904 4602 1014 4650 passage
1031 4603 1124 4638 occurs
1141 4590 1167 4638 in
1186 4589 1232 4652 Ep.
1253 4592 1314 4642 cxii.
1333 4595 1346 4651 ς
1369 4595 1406 4647 ι6,
1427 4591 1479 4640 rol.
1501 4593 1517 4641 i.

360 4679 385 4726 p.
398 4679 447 4725 902
458 4664 490 4713 ot
498 4663 608 4727 lignes
618 4665 660 4714 ed.
