3575 5375
384 625 404 667 2
620 612 774 672 OPERIS
798 614 987 686 MAJORIS
1012 616 1126 677 PARS
1151 619 1299 678 PRIMA.

383 781 629 860 persuasionem
661 786 703 847 ad
735 805 890 867 praesens
916 786 1058 850 Vestrae
1089 787 1289 853 Beatitudini
1321 800 1534 872 praesentare

383 884 536 949 conabor.
576 886 741 969 Quoniam
763 899 874 953 autem
897 889 961 967 illa,
977 891 1155 972 dequibus
1171 894 1289 977 agitur,
1303 903 1381 958 sunt
1395 897 1535 977 grandia

383 996 417 1051 et
433 988 574 1071 insolita,
588 993 728 1078 gratiam
745 1004 779 1058 et
799 994 944 1058 savorem
964 994 1130 1061 humanae
1150 997 1336 1079 fragilitatis
1352 1000 1532 1081 requirunt.
1553 1069 1556 1077 ,

382 1091 472 1156 Nam
494 1098 674 1161 secundum
693 1098 931 1181 Philosophum
950 1100 1094 1182 septimo
1111 1100 1372 1185 Metaphysicae,
1387 1123 1427 1166 ea
1448 1124 1534 1185 quae

381 1207 457 1261 sunt
474 1202 641 1266 maximae
662 1203 858 1286 cognitionis
876 1205 1059 1267 secundum
1079 1225 1124 1281 se,
1139 1216 1217 1270 sunt
1236 1206 1393 1270 minimae
1413 1228 1533 1291 appre-

381 1300 549 1369 hensionis
564 1307 675 1389 quoad
692 1327 761 1370 nos.
796 1308 950 1373 Involuta
966 1308 1054 1371 enim
1070 1310 1193 1373 veritas
1212 1310 1243 1373 in
1259 1309 1328 1373 alto
1347 1309 1428 1375 latet
1445 1320 1479 1374 et
1500 1312 1532 1374 in

380 1408 546 1487 profundo
569 1412 679 1493 posita
705 1421 763 1487 est,
790 1423 827 1477 ut
853 1414 932 1475 dicit
960 1410 1088 1476 Seneca
1114 1413 1258 1495 septimo
1286 1413 1329 1477 de
1355 1414 1531 1489 beneficiis,

379 1520 413 1575 et
428 1523 547 1595 quarto
563 1516 782 1581 Naturalium.
831 1517 876 1580 Et
893 1516 1026 1581 Marcus
1041 1516 1170 1580 Tullius
1191 1517 1224 1579 in
1242 1517 1423 1582 Hortensio
1441 1518 1531 1595 dicit,
1640 1569 1647 1579 .

377 1618 468 1698 quod
485 1622 592 1705 omnis
609 1632 722 1684 noster
737 1621 922 1686 intellectus
944 1620 1055 1683 multis
1074 1621 1256 1685 obstruitur
1270 1620 1529 1695 difficultatibus,

376 1724 534 1803 quoniam
552 1725 622 1808 ipse
636 1745 672 1788 se
686 1725 788 1790 habet
803 1727 846 1789 ad
863 1725 1169 1789 manifestissimum
1183 1726 1214 1788 in
1227 1746 1286 1790 sua
1302 1736 1431 1803 natura,
1442 1727 1528 1790 sicut

376 1826 493 1890 oculus
508 1839 649 1893 noctuae
665 1838 699 1893 et
714 1829 954 1913 vespertilionis
969 1830 1012 1893 ad
1029 1830 1136 1893 lucem
1154 1830 1241 1907 solis,
1254 1842 1290 1894 ut
1307 1828 1528 1913 Philosophus

375 1929 455 1994 dicit
478 1934 624 1997 secundo
649 1932 912 2017 Metaphysicae,
934 1946 968 1999 et
990 1934 1081 1997 velut
1103 1934 1223 1997 surdus
1246 1953 1266 1997 a
1289 1933 1461 1998 nativitate
1484 1936 1527 1998 ad

374 2033 630 2100 delectationem
647 2037 883 2116 harmonicam,
896 2038 981 2101 sicut
994 2038 1170 2101 undecimo
1184 2036 1435 2120 Metaphysicae
1448 2037 1527 2103 dicit

371 2136 556 2205 Avicenna.
602 2139 815 2225 Quapropter
834 2142 955 2205 sufficit
977 2141 1071 2205 nobis
1093 2140 1125 2204 in
1149 2141 1361 2224 inquisitione
1379 2142 1526 2205 veritatis

372 2244 494 2326 proprii
519 2244 704 2312 intellectus
727 2245 944 2321 imbecillitas,
967 2256 1004 2309 ut
1026 2255 1187 2328 quantum
1210 2264 1387 2328 possumus
1409 2264 1525 2309 causas

372 2358 406 2411 et
433 2349 623 2414 occasiones
649 2351 769 2415 erroris
797 2359 976 2415 extraneas
1007 2350 1137 2434 longius
1163 2370 1184 2413 a
1210 2349 1382 2413 debilitate
1410 2368 1525 2413 sensus

372 2452 476 2515 nostri
499 2452 693 2537 relegemus.

203 2568 360 2621 roure-auses
418 2554 572 2637 Quatuor
599 2578 679 2621 vero
716 2568 792 2623 sunt
830 2560 981 2623 maxima
1014 2556 1347 2640 comprehendendae
1376 2556 1525 2621 veritatis

200 2634 335 2766 ffssffij,
373 2658 580 2738 offendicula,
594 2681 680 2744 quae
703 2683 836 2727 omnem
859 2682 1105 2748 quemcumque
1124 2660 1306 2744 sapientem
1330 2660 1524 2744 impediunt,

200 2776 306 2825 eunom,
371 2773 406 2828 et
434 2765 494 2828 vix
531 2765 676 2849 aliquem
714 2768 912 2850 permittunt
949 2768 993 2833 ad
1023 2786 1138 2831 verum
1169 2764 1302 2828 titulum
1340 2765 1524 2850 sapientiae

199 2831 333 2962 ξῗξξὲἷζο,
371 2870 550 2950 pervenire,
577 2871 731 2936 videlicet
761 2871 887 2955 fragilis
916 2882 950 2936 et
980 2871 1136 2955 indignae
1167 2867 1374 2932 auctoritatis
1405 2890 1522 2933 exem-

198 2980 326 3080 gffis
369 2971 472 3056 plum,
503 2976 752 3038 consuetudinis
788 2977 998 3054 diuturnitas,
1027 2973 1117 3055 vulgi
1151 2991 1267 3034 sensus
1299 2971 1455 3051 imperiti,
1488 2987 1523 3040 et

196 3095 353 3164 knowledge,
367 3078 522 3161 propriae
548 3078 755 3163 ignorantiae
780 3080 959 3146 occultatio
983 3099 1059 3144 cum
1087 3074 1312 3140 ostentatione
1337 3075 1521 3158 sapientiae

364 3183 567 3266 apparentis.
614 3183 677 3248 His
699 3184 808 3248 omnis
831 3185 934 3248 homo
958 3181 1143 3252 involvitur,
1163 3177 1269 3240 omnis
1291 3187 1399 3242 status
1421 3201 1520 3246 occu·

363 3295 468 3371 patur.
515 3285 605 3350 Nam
632 3287 774 3371 quilibet
800 3289 832 3352 in
861 3287 1000 3374 singulis
1030 3283 1156 3349 artibus
1178 3282 1267 3345 vitae
1293 3291 1327 3346 et
1353 3283 1455 3346 studii
1484 3295 1519 3350 et

361 3393 472 3457 omnis
493 3393 617 3476 negotii
638 3393 744 3457 tribus
762 3392 915 3476 pessimis
935 3393 978 3457 ad
994 3390 1136 3455 eandem
1152 3385 1395 3451 conclusionem
1415 3389 1520 3453 utitur

361 3497 574 3578 argumentis,
603 3497 739 3575 scilicet,
768 3496 834 3562 hoc
866 3493 1153 3579 exemplificatum
1187 3500 1238 3554 est
1271 3510 1331 3573 per
1367 3491 1518 3573 majores,

362 3599 426 3664 hoc
446 3610 642 3665 consuetum
663 3609 723 3678 est,
740 3601 804 3666 hoc
818 3602 994 3684 vulgatum
1015 3609 1086 3676 est;
1109 3616 1189 3680 ergo
1212 3595 1401 3660 tenendum.
1447 3596 1516 3661 Sed

360 3705 552 3786 oppositum
572 3704 794 3770 conclusionis
816 3705 917 3789 longe
940 3703 1057 3767 melius
1079 3701 1228 3784 sequitur
1248 3719 1293 3761 ex
1315 3701 1516 3781 praemissis,

360 3806 447 3873 sicut
471 3827 531 3892 per
555 3809 788 3874 auctoritatem
816 3819 851 3874 et
876 3808 1120 3892 experientiam
1147 3813 1182 3868 et
1212 3803 1373 3867 rationem
1405 3803 1515 3869 multi-

357 3995 425 4042 quae
435 3981 469 4030 nd
484 3981 692 4044 opinationem
707 3999 795 4034 amm
811 3984 922 4033 dilectus
938 3981 1007 4030 filius
1022 3979 1053 4030 G.
1067 3979 1151 4028 dietus
1164 3977 1285 4026 &necor
1297 3977 1370 4026 miles
1381 3979 1440 4026 viva
1450 3995 1514 4030 uoce

358 4059 434 4108 nobis
450 4062 585 4122 proposuit
601 4069 652 4110 tam
670 4063 782 4112 tidenter
798 4079 875 4126 qum
892 4062 1042 4126 prudenter.
1077 4059 1148 4107 Sane
1165 4065 1193 4105 ut
1213 4056 1305 4105 melius
1325 4057 1400 4105 nobis
1418 4057 1513 4118 liqueat

357 4137 419 4198 quid
435 4138 556 4188 intendas
572 4141 690 4190 volumus
708 4149 736 4190 et
753 4141 799 4191 tibi
815 4157 863 4205 per
879 4139 1033 4204 Apostolics
1049 4137 1145 4200 scripta
1162 4135 1345 4198 praecipiendo
1362 4137 1513 4186 mandamus

355 4223 493 4276 quatmus,
505 4233 557 4266 non
569 4219 690 4268 obstme
700 4229 841 4283 praecepto
854 4217 962 4281 praelati
978 4218 1153 4277 cujuscunque
1167 4214 1298 4262 contrario
1309 4213 1350 4261 vel
1364 4214 1402 4261 tui
1414 4215 1512 4265 ordinis

355 4295 540 4345 constitutione
551 4313 714 4361 quecunque,
725 4315 792 4362 opus
804 4299 867 4347 illud
877 4298 948 4360 quod
960 4305 986 4346 te
999 4295 1095 4344 dilecto
1105 4293 1158 4342 lilio
1171 4291 1327 4352 Ray-mundo
1339 4292 1373 4340 de
1385 4292 1512 4343 lauduno

353 4373 543 4422 communicare
560 4376 705 4438 mgavimus
723 4379 751 4426 in
771 4377 873 4426 minore
892 4374 977 4423 officio
997 4372 1131 4422 constituti
1151 4371 1275 4432 scriptum
1296 4371 1329 4418 de
1349 4371 1417 4418 bona
1437 4371 1511 4420 litera

353 4449 430 4498 nobis
440 4451 543 4502 mittere
554 4468 631 4515 qum
641 4455 718 4504 ἀίω
731 4456 833 4518 poteris
847 4469 902 4502 non
913 4453 1027 4512 enims,
1036 4459 1064 4499 et
1078 4465 1127 4513 per
1137 4457 1195 4498 tuas
1207 4449 1281 4497 nobes
1292 4448 1410 4497 declares
1421 4449 1510 4498 literas

352 4541 419 4588 quae
436 4528 483 4578 tibi
499 4531 620 4580 videnter
635 4533 785 4582 adhibenda
806 4547 867 4581 esse
889 4531 1006 4579 remedia
1025 4529 1093 4578 eim
1112 4528 1157 4575 illa
1175 4542 1243 4588 quae
1265 4541 1349 4589 nuper
1365 4541 1425 4576 me
1445 4530 1510 4580 tanti

351 4604 508 4657 discriminis
525 4608 657 4670 intimasti,
675 4619 702 4660 et
719 4612 770 4660 boc
788 4616 888 4672 qanto
907 4607 1035 4657 madiis
1052 4605 1151 4668 poteris
1167 4605 1246 4654 latin
1265 4604 1381 4655 mu„
1415 4606 1509 4656 Datum

350 4679 461 4732 viterbii
470 4699 489 4732 ι
500 4685 604 4736 Kalend
614 4688 678 4748 Jutii
688 4705 760 4738 anno
771 4689 807 4738 it·
839 4686 993 4751 (wedding,
1005 4685 1122 4734 Annales
1132 4681 1272 4740 Μ
1284 4684 1332 4732 vol.
1345 4685 1379 4744 iv,
1392 4700 1417 4746 p.
1430 4687 1499 4750 ἡ.)
