3575 5375
713 638 995 704 ASTROLOGIA.
1369 659 1431 720 379

277 825 378 872 onum
401 825 543 885 suarum,
566 817 601 872 et
624 826 727 890 penes
750 816 839 873 totas
863 805 1090 873 revolutiones.
1136 807 1225 871 Nam
1248 807 1430 872 secundum

276 913 367 996 quod
383 923 555 978 transeunt
569 922 723 995 quartam
738 913 821 976 coeli
842 923 877 977 et
901 913 1114 977 medietatem
1137 922 1171 977 et
1194 919 1260 975 tres
1284 919 1430 995 quartas,

278 1027 311 1081 et
329 1027 438 1082 toturn
463 1017 632 1095 circulum,
651 1015 774 1081 habent
801 1017 972 1082 sensibiles
993 1017 1170 1082 varietates
1193 1015 1226 1080 in
1249 1014 1430 1081 effectibus.

279 1121 326 1185 Et
337 1141 403 1186 non
416 1119 522 1185 solum
534 1121 588 1199 sic,
600 1122 659 1186 sed
670 1141 772 1204 penes
783 1122 965 1203 quamlibet
978 1121 1219 1187 revolutionum
1231 1119 1429 1185 determina·

278 1235 407 1302 tarum3
433 1225 518 1289 sicut
542 1224 713 1302 Saturnus,
734 1226 911 1309 completis
932 1226 1049 1290 decem
1072 1225 1332 1291 revolutionibus
1352 1223 1431 1301 suis,

279 1329 404 1394 inducit
419 1347 574 1412 magnam
591 1330 704 1394 mundi
721 1331 963 1405 alterationem,
978 1331 1063 1395 sicut
1079 1331 1169 1414 prius
1183 1339 1310 1393 tactum
1324 1338 1376 1392 est
1397 1327 1429 1390 in

279 1433 388 1498 sectis.
445 1433 575 1498 Domus
605 1435 704 1498 etiam
735 1433 922 1508 duodecim,
949 1435 982 1498 in
1017 1454 1100 1516 quas
1130 1432 1287 1497 dividitur
1321 1440 1430 1496 totum

280 1535 419 1612 coelum,
449 1557 535 1620 quae
571 1537 719 1621 superius
752 1549 859 1602 tactae
889 1549 977 1616 sunt,
1007 1537 1153 1601 maxime
1181 1535 1433 1601 considerantur

281 1653 431 1725 respectu
446 1644 606 1708 virtutum
621 1642 838 1726 planetarum.
878 1644 967 1707 Nam
982 1644 1091 1709 varias
1105 1650 1288 1727 potestates
1302 1649 1433 1706 contra·

282 1746 367 1811 hunt
390 1745 543 1829 planetae
565 1767 609 1811 ex
632 1749 689 1827 eis,
707 1758 742 1812 et
763 1747 853 1813 varia
877 1767 937 1830 per
957 1748 1095 1812 virtutes
1118 1746 1234 1810 harum
1257 1746 1432 1810 domomm

282 1862 460 1933 operantur
499 1851 652 1933 planetae
694 1851 726 1916 in
763 1853 827 1916 hoc
862 1852 1006 1916 mundo:
1038 1862 1072 1916 et
1108 1850 1183 1915 ideo
1221 1851 1282 1914 has
1316 1851 1434 1915 domos

282 1955 490 2019 considerare
513 1957 659 2020 maxime
681 1958 804 2021 docent
828 1953 1062 2019 mathematici.
1117 1954 1213 2018 Haec
1236 1955 1336 2036 igitur
1357 1963 1435 2018 sunt

283 2059 411 2124 radices
426 2060 622 2143 principales
638 2059 670 2122 in
687 2060 871 2124 actionibus
886 2059 1066 2136 stellarum,
1081 2079 1166 2141 quae
1180 2059 1307 2123 habent
1325 2078 1435 2122 ramos

282 2172 317 2226 et
332 2161 440 2238 flores,
456 2173 490 2227 et
506 2162 630 2227 fructus
646 2161 800 2226 infinitos.
831 2162 926 2228 Haec
942 2162 1043 2245 igitur
1057 2172 1107 2226 est
1122 2161 1260 2225 intentio
1275 2169 1435 2225 tractatus

283 2285 383 2348 quem
408 2268 440 2330 in
460 2266 524 2329 hoc
539 2286 640 2349 opere
655 2267 762 2331 iacere
777 2267 936 2351 proposui
950 2267 994 2330 de
1007 2265 1183 2329 virtutibus
1200 2275 1235 2330 et
1251 2264 1436 2330 actionibus

282 2367 463 2434 stellarum.

328 2473 444 2538 Tertio
476 2474 751 2539 considerandum
789 2483 841 2539 est
875 2473 1046 2557 quomodo
1082 2472 1154 2537 loca
1185 2472 1299 2540 mundi
1324 2483 1359 2538 et
1385 2492 1437 2536 res
1450 2487 1505 2537 The
1523 2486 1606 2538 effects

284 2577 465 2642 alterantur
481 2579 513 2642 in
529 2578 814 2662 complexionibus
830 2599 888 2662 per
901 2578 972 2661 jam
990 2578 1097 2643 dictas
1111 2578 1247 2641 radices
1289 2575 1436 2660 Quidam
1448 2551 1596 2670 {352⁶ss⁸

285 2693 398 2748 autem
425 2682 622 2748 universales
646 2704 812 2749 sermones
838 2683 918 2749 lacti
946 2692 1023 2748 sunt
1056 2681 1099 2747 de
1132 2680 1194 2746 hac
1233 2681 1373 2747 materia
1403 2681 1436 2746 in
1450 2684 1583 2765 repatriat

286 2788 461 2871 prioribus
476 2799 514 2853 ut
529 2790 685 2872 oportuit,
701 2790 759 2854 sed
781 2788 814 2852 in
835 2788 899 2853 hac
918 2799 1014 2871 parte
1034 2787 1143 2871 operis
1162 2786 1320 2851 deberent
1343 2785 1438 2869 plura
1450 2752 1541 2817 mg*

286 2891 456 2957 certificari
473 2893 506 2955 in
522 2893 718 2976 particulari.
758 2894 804 2958 Et
821 2902 948 2957 certum
964 2901 1015 2956 est
1031 2912 1090 2975 per
1104 2890 1333 2968 Aristotelem,
1347 2891 1438 2973 quod

286 2995 416 3061 coelum
452 3017 517 3061 non
550 2998 657 3062 solum
686 3008 737 3062 est
771 3018 870 3063 causa
906 2995 1105 3075 universalis,
1135 2995 1194 3060 sed
1224 2995 1439 3079 particularis,

286 3101 433 3165 omnium
448 3122 557 3165 rerum
574 3101 771 3166 inferiorum.
803 3102 891 3166 Nam
907 3100 1106 3167 Aristoteles
1120 3100 1201 3165 dicit
1212 3099 1378 3165 secundo¹
1395 3101 1439 3165 de

287 3204 509 3270 Generatione
520 3208 610 3289 quod
623 3208 786 3271 elementa
801 3205 942 3271 debilius
956 3214 1060 3291 agunt
1075 3213 1224 3289 respectu
1240 3203 1323 3268 coeli
1338 3224 1439 3286 quam

287 3329 412 3393 organa
442 3320 592 3391 respectu
623 3310 768 3387 artificia,
799 3323 836 3375 ut
865 3310 988 3375 securis
1017 3318 1052 3373 et
1081 3309 1256 3373 dolabrum
1287 3316 1440 3392 respectu

290 3414 547 3495 carpentatoris3
579 3422 613 3479 et
636 3414 712 3479 ideo
735 3414 812 3479 licet
836 3434 896 3498 per
916 3414 1096 3497 qualitates
1118 3412 1333 3476 elementares
1356 3412 1439 3478 fiant

288 3518 398 3581 omnia
416 3516 468 3582 hic
490 3516 632 3594 inferius,
652 3530 833 3584 nonerunt
854 3529 966 3583 tamen
989 3526 1139 3602 respectu
1164 3516 1248 3581 coeli
1268 3518 1330 3580 nisi
1353 3517 1440 3581 sicut

289 3620 510 3686 instrumenta
531 3633 684 3706 respectu
706 3622 849 3687 artificis.
896 3622 942 3686 Et
964 3623 1040 3686 ideo
1062 3622 1090 3685 si
1112 3619 1235 3685 artifex
1261 3631 1311 3685 est
1335 3642 1439 3705 agens

289 3725 469 3810 principale
498 3726 680 3791 universale
713 3736 748 3791 et
778 3727 977 3810 particulare
1007 3734 1157 3810 respectu
1187 3726 1306 3809 operis,
1333 3724 1440 3790 multo

289 3830 394 3913 magis
410 3829 538 3895 coelum
555 3842 704 3916 respectu
720 3830 766 3894 rei
781 3834 999 3916 generandae.
1045 3830 1092 3896 Et
1114 3829 1281 3895 Averroes
1303 3831 1382 3896 dicit
1406 3830 1439 3894 in

290 3936 435 4018 septimo
452 3935 704 4019 Metaphysicae
721 3938 813 4018 quod
829 3936 918 3999 idem
935 3935 1014 3999 facit
1029 3934 1133 4000 virtus
1150 3934 1232 3999 coeli
1255 3933 1288 3997 in
1303 3934 1441 3999 materia

292 4037 460 4121 putrefica,
491 4040 581 4120 quod
613 4040 717 4102 virtus
751 4038 853 4123 patris
885 4040 920 4103 in
955 4038 1134 4103 seminibus
1146 4061 1154 4117 ;
1185 4048 1219 4101 et
1249 4039 1325 4102 ideo
1355 4058 1441 4120 quae

290 4153 488 4224 generantur
502 4161 562 4225 per
577 4141 863 4225 putrefactionem,
878 4143 957 4208 licet
970 4153 1046 4207 sunt
1061 4142 1215 4219 animata,
1232 4140 1315 4205 fiunt
1329 4152 1441 4207 tamen

292 4246 485 4311 immediate
504 4267 525 4310 a
547 4246 649 4320 coelo,
669 4255 703 4310 et
722 4247 827 4311 multo
844 4246 961 4312 fortius
982 4246 1046 4311 alia
1069 4246 1256 4310 inanimata.
1302 4245 1349 4311 Et
1374 4266 1441 4310 non

291 4350 398 4414 solum
423 4352 456 4414 in
489 4352 541 4415 his
566 4353 624 4416 sed
649 4352 682 4415 in
705 4351 871 4435 generatis
894 4352 1076 4416 secundum
1101 4350 1376 4434 propagationem
1406 4350 1441 4415 in

325 4516 335 4550 ¹
352 4516 392 4566 De
403 4518 569 4578 (immuunt,
579 4518 602 4567 ii.
611 4536 634 4582 o
673 4519 702 4567 ln
715 4520 766 4568 this
777 4520 886 4581 chapter
896 4516 1021 4567 Aristode
1032 4517 1122 4567 shows
1133 4516 1188 4566 that
1200 4516 1245 4565 tlte
1257 4517 1383 4566 elementa
1394 4518 1442 4567 len

292 4607 321 4648 to
332 4596 491 4647 themselves
504 4612 550 4646 are
561 4598 613 4647 like
630 4598 698 4647 tools
709 4599 822 4647 without
839 4614 854 4648 a
867 4599 1017 4655 mortuam
1035 4597 1061 4645 iu
1079 4596 1124 4645 tlte
1134 4596 1270 4659 following
1280 4598 1387 4659 chapter
1396 4599 1441 4647 the

292 4675 435 4727 revolution
448 4676 479 4725 oi
486 4677 530 4726 the
542 4678 656 4727 heavens
668 4678 690 4727 is
702 4678 830 4728 indicated
842 4693 871 4727 as
881 4678 926 4727 the
937 4677 1049 4727 efficient
1058 4691 1135 4726 cause
1147 4676 1178 4726 ol
1184 4677 1345 4739 generatiou.
