3575 5375
381 633 442 697 228
606 635 762 694 OPERIS
786 634 975 705 MAJORIS
998 634 1114 693 PARS
1138 631 1323 707 QUARTA.

382 799 466 863 tudo
483 797 695 881 propinquior
717 807 767 862 est
784 795 975 876 28,847,ooo
997 796 1158 875 milliaria,
1173 797 1264 880 quod
1287 805 1339 860 est
1360 793 1538 877 longitudo

382 901 511 986 longior
525 902 615 966 orbis
627 901 755 979 Martis
769 901 863 985 cujus
878 902 1053 987 longitudo
1069 900 1285 986 propinquior
1299 909 1350 964 est
1365 899 1538 984 3965000

382 1007 541 1084 milliaria,
550 1007 641 1090 quod
657 1015 708 1070 est
720 1006 893 1089 longitudo
906 1007 1037 1088 longior
1046 1007 1136 1072 orbis
1151 1005 1239 1084 solis,
1250 1005 1346 1087 cujus
1360 1002 1536 1087 longitudo

380 1107 598 1191 propinquior
613 1115 664 1172 est
679 1105 861 1190 3,64o‚ooo‚
876 1108 967 1189 quod
985 1118 1035 1171 est
1050 1105 1225 1188 longitudo
1242 1106 1371 1188 longior
1385 1104 1536 1176 Veneris,

380 1210 472 1293 cujus
495 1211 667 1294 longitudo
690 1211 906 1295 propinquior
927 1219 979 1275 est
1001 1225 1151 1294 542,57o,
1170 1210 1262 1293 quod
1286 1219 1336 1274 est
1358 1208 1536 1292 longitudo

380 1315 508 1397 longior
530 1315 695 1389 Mercurii,
713 1313 807 1397 cujus
828 1313 1004 1399 longitudo
1026 1315 1242 1399 propinquior
1263 1324 1314 1380 est
1338 1313 1474 1394 208,541
1499 1321 1536 1378 et

378 1421 465 1484 duae
486 1420 603 1484 tertiae
625 1417 776 1494 milliarii,
792 1429 826 1483 et
848 1418 912 1484 hoc
933 1429 986 1484 est
1010 1420 1104 1494 2,666
1126 1419 1230 1484 cubiti
1252 1429 1287 1483 et
1307 1419 1394 1483 duae
1415 1419 1535 1483 tertiae

380 1524 492 1598 cubiti,
516 1533 550 1587 et
573 1522 655 1586 haec
678 1533 730 1587 est
753 1522 928 1605 longitudo
943 1522 1073 1606 longior
1093 1523 1217 1603 Lunae,
1232 1534 1267 1589 et
1287 1523 1378 1597 baec,
1394 1531 1430 1586 nt
1451 1522 1534 1587 dicit

379 1627 588 1710 Alfraganus‚
604 1637 655 1691 est
671 1629 713 1702 64
731 1628 858 1692 vicibus
876 1638 1024 1692 etsexta
1038 1628 1119 1692 vicis
1135 1629 1230 1693 unius
1245 1627 1392 1711 aequalis
1407 1628 1532 1691 medie-

377 1733 439 1795 tati
455 1732 607 1797 diametri
623 1741 740 1807 terrae,
751 1742 784 1796 et
795 1731 968 1816 longitudo
980 1733 1196 1816 propinquior
1205 1732 1320 1797 Lunae
1329 1742 1380 1797 est
1394 1746 1531 1814 109,037

376 1847 411 1901 et
421 1837 581 1900 medietas
597 1835 746 1913 milliarii,
762 1836 824 1900 boc
839 1848 899 1911 est,
913 1855 1007 1907 2,ooo
1019 1838 1131 1914 cubiti,
1141 1848 1175 1901 et
1186 1837 1269 1902 haec
1283 1845 1334 1900 est
1353 1853 1394 1919 33
1405 1836 1533 1900 vicibus

378 1952 411 2003 et
427 1942 526 2005 semis
545 1951 579 2004 et
595 1940 775 2004 medietate
790 1941 949 2019 decimae,
961 1942 995 2005 id
1011 1952 1151 2018 estona
1166 1941 1322 2006 vicesima
1340 1942 1435 2005 unius
1449 1940 1533 2004 vicis

376 2044 521 2128 aequalis
544 2046 715 2110 medietati
739 2045 892 2110 diametri
915 2056 1030 2111 terrae.
1070 2046 1234 2110 Diametri
1258 2046 1394 2128 quidem
1416 2045 1531 2125 singu·

376 2148 482 2212 lorum
501 2149 632 2214 orbium
648 2151 812 2214 habentur
828 2170 887 2232 per
902 2149 1042 2232 duplum
1063 2151 1321 2227 semidiametri;
1343 2149 1531 2214 rotunditas

376 2253 552 2336 cujuslibet
572 2254 712 2319 habetur
732 2275 793 2338 per
812 2255 1069 2339 triplicationem
1089 2256 1243 2319 diametri
1264 2275 1339 2321 cum
1359 2255 1533 2319 additione

375 2359 537 2442 septimae
552 2359 664 2441 partis,
679 2368 714 2423 et
728 2369 803 2424 tota
817 2360 1006 2442 superficies
1022 2359 1197 2442 cujuslibet
1212 2360 1300 2424 orbis
1315 2359 1457 2423 habetur
1471 2380 1532 2441 per

374 2462 512 2527 ductum
524 2463 676 2528 diametri
688 2485 769 2528 suae
781 2465 813 2527 in
826 2464 1064 2529 rotunditatem
1079 2485 1183 2542 suam,
1195 2475 1232 2528 ut
1244 2463 1530 2546 exemplificatum

374 2569 470 2631 estin
489 2577 575 2632 terra
587 2578 621 2632 et
633 2567 666 2632 in
677 2569 757 2632 orbe
769 2567 911 2633 stellato.
943 2568 988 2633 Et
1004 2569 1143 2652 quilibet
1158 2579 1271 2652 potest
1285 2567 1368 2632 haec
1383 2567 1529 2648 experiri

374 2693 434 2754 per
449 2673 744 2754 computationem,
760 2682 794 2738 et
809 2673 886 2738 ideo
903 2673 1023 2738 omitto
1038 2673 1122 2740 haec
1140 2683 1276 2759 propter
1290 2672 1529 2757 prolixitatem.

374 2775 545 2859 Quoniam
579 2798 657 2840 vero
691 2779 861 2842 subtracta
893 2777 1102 2861 longitudine
1134 2779 1288 2863 propiore
1324 2799 1345 2842 a
1379 2777 1531 2859 longiore

374 2889 522 2944 remanet
548 2882 730 2963 spissitudo
755 2881 856 2961 orbis,
882 2883 959 2947 ideo
986 2894 1088 2967 patet,
1115 2885 1205 2965 quod
1233 2883 1413 2967 spissitudo
1437 2882 1529 2946 orbis

373 2983 491 3047 Lunae
509 2994 559 3048 est
582 2999 698 3067 99,504
718 2984 880 3061 milliaria,
897 2998 932 3051 et
953 2987 1135 3070 spissitudo
1155 2987 1311 3050 Mercurii
1327 3004 1478 3070 334‚209,
1492 2996 1528 3049 et

371 3088 511 3153 Veneris
535 3102 716 3172 3,097,n50,
738 3099 771 3152 et
796 3089 883 3154 Solis
906 3104 1056 3173 325,000,
1076 3101 1110 3155 et
1134 3091 1253 3154 Martis
1277 3088 1475 3168 24,882,ooo‚
1491 3100 1528 3153 et

371 3192 464 3275 Jovis
489 3192 691 3275 17,q69,250‚
711 3203 745 3257 et
769 3192 905 3259 Saturni
930 3194 1131 3275 18,541‚250.
1178 3195 1272 3260 Haec
1294 3216 1339 3259 ex
1361 3194 1526 3258 radicibus

370 3297 547 3383 Alfragani
564 3307 597 3361 et
614 3297 794 3362 Ptolemaei
809 3300 842 3363 in
857 3298 1045 3383 Almagesti
1061 3310 1244 3364 sumuntur.

416 3402 595 3468 Sciendum
615 3424 692 3467 vero
707 3405 798 3486 quod
817 3404 849 3467 in
870 3406 1022 3469 omnibus
1044 3405 1116 3470 istis
1135 3403 1366 3469 altitudinibus
1383 3405 1527 3468 sumitur

370 3507 531 3571 distantia
560 3527 581 3570 a
611 3517 726 3570 centro
756 3518 873 3572 terrae.
919 3508 1019 3574 Unde
1049 3508 1126 3573 licet
1150 3509 1316 3592 sapientes
1345 3509 1525 3591 aliquando

371 3611 483 3675 dicant
505 3611 729 3694 longitudines
751 3611 811 3675 has
834 3612 906 3676 fieri
928 3634 949 3676 a
970 3622 1069 3690 terra,
1084 3613 1274 3695 intelligunt
1296 3623 1408 3677 tamen
1432 3613 1524 3696 quod

369 3733 389 3775 a
421 3723 535 3777 centro
567 3724 681 3790 terrae,
708 3716 785 3797 quia
817 3717 978 3780 medietas
1002 3727 1111 3781 terrae
1140 3717 1219 3780 nihil
1250 3718 1329 3782 iacit
1359 3717 1523 3781 sensibile.

371 3816 456 3881 Cum
473 3837 553 3900 ergo
568 3815 743 3900 longitudo
762 3820 980 3903 propinquior
995 3822 1084 3885 orbis
1099 3821 1219 3885 Lunae
1233 3822 1277 3885 sit
1301 3839 1432 3905 109‚037
1449 3821 1523 3884 mil-

368 3919 462 3984 liaria
474 3931 507 3985 et
523 3922 685 3986 medietas
698 3920 852 3999 milliaris,
864 3924 1035 3990 subtracta
1050 3926 1229 3989 medietate
1241 3926 1393 3990 diametri
1404 3937 1522 3999 terrae,

369 4026 460 4107 quod
477 4032 527 4089 est
543 4040 682 4108 31501
705 4046 842 4092 numero
863 4028 1034 4110 praedicto
1056 4029 1261 4112 integrorum
1284 4030 1521 4101 milliariorum,

367 4129 492 4195 scilicet
518 4145 662 4213 109,037,
686 4128 799 4196 relicta
822 4133 1011 4210 medietate,
1034 4134 1203 4198 residuum
1227 4134 1406 4198 distantiae
1433 4133 1523 4198 orbis

368 4234 484 4298 Lunae
508 4256 530 4299 a
556 4245 643 4299 terra
669 4236 732 4300 erit
760 4234 906 4318 105,787.
953 4237 998 4300 Et
1026 4246 1190 4320 ponantur
1215 4256 1255 4300 20
1281 4237 1433 4302 milliaria
1458 4259 1521 4320 pro

366 4339 466 4404 dieta.
507 4339 599 4423 Ergo
617 4340 643 4403 si
664 4340 724 4403 iste
746 4360 903 4405 numerus
920 4341 1090 4407 dividatur
1105 4362 1165 4426 per
1182 4361 1223 4408 20
1240 4343 1347 4407 exibit
1363 4364 1520 4407 numerus

366 4444 531 4508 dictarum
547 4442 654 4527 5,289,
669 4454 703 4509 et
719 4454 843 4509 restant
860 4460 878 4525 7
897 4445 1057 4509 milliaria.
1105 4446 1150 4508 Et
1166 4446 1193 4510 si
1213 4447 1296 4509 istae
1309 4448 1421 4511 dietae
1435 4448 1520 4510 divi-

365 4546 487 4611 dantur
510 4568 568 4629 per
591 4548 654 4631 365
678 4547 748 4611 dies
772 4548 868 4610 unius
892 4548 977 4626 anni,
1000 4550 1141 4613 exibunt
1162 4551 1238 4613 anni
1264 4568 1313 4627 14,
1336 4560 1371 4615 et
1394 4559 1520 4615 restant

363 4652 474 4714 dietae
500 4665 571 4735 179,
594 4671 680 4735 quae
702 4652 730 4715 si
752 4651 945 4717 dividantur
965 4673 1025 4736 per
1040 4671 1083 4737 30
1104 4675 1190 4737 quae
1212 4664 1290 4718 sunt
1304 4654 1375 4719 dies
1398 4655 1520 4719 mensis
