3575 5375
723 561 1004 627 Asmotocm.
1381 563 1442 646 385

290 729 404 793 Lunae
420 729 452 792 in
469 729 657 808 novilunio;
681 749 757 792 nam
772 729 848 794 talis
869 730 969 794 debet
985 749 1056 792 esse
1074 727 1306 810 dispositionis,
1321 727 1441 794 saltem

288 834 394 916 prima
419 834 606 918 septimana
627 834 679 898 vel
707 835 879 917 quindena,
904 845 938 897 et
959 832 1157 915 aliquotiens
1179 842 1270 897 totus
1297 833 1420 896 mensis
1432 853 1441 911 ;

288 938 390 1020 igitur
415 938 448 1001 in
475 937 633 1021 principio
659 939 822 1003 secundae
847 939 1062 1020 septimanae,
1085 937 1209 1013 tertiae,
1232 948 1266 1000 et
1292 947 1441 1019 quartae,

289 1043 390 1107 currit
407 1044 524 1106 eadem
545 1043 742 1108 observatio.
790 1044 879 1106 Nam
899 1043 1019 1106 inistis
1039 1042 1247 1124 quadraturis
1263 1040 1441 1106 fortissima

289 1147 440 1228 operatio
464 1147 580 1211 Lunae
605 1156 666 1226 est,
686 1156 723 1212 ut
749 1146 894 1211 Galenus
920 1147 952 1210 in
978 1147 1062 1209 libro
1085 1145 1128 1209 de
1154 1145 1236 1209 Crisi
1264 1154 1298 1209 et
1322 1146 1442 1210 criticis

290 1250 416 1324 diebus,
434 1253 616 1316 secundum
631 1253 722 1334 quod
738 1252 855 1316 transit
870 1261 1007 1334 quartas
1022 1250 1073 1314 sui
1088 1249 1210 1315 circuli.
1246 1250 1320 1315 Nec
1335 1248 1443 1314 solum

289 1355 503 1438 septimanae,
514 1357 572 1420 sed
589 1376 719 1420 menses
734 1356 852 1440 integri
867 1355 1034 1419 variantur
1048 1355 1225 1438 praecipue
1240 1375 1299 1437 per
1314 1364 1443 1418 motum

291 1460 369 1524 solis
395 1461 429 1522 in
454 1460 592 1545 singulis
618 1461 729 1543 signis,
754 1462 936 1525 secundum
962 1461 1052 1543 quod
1077 1459 1201 1523 recedit
1226 1480 1247 1522 a
1270 1458 1367 1523 nobis
1390 1458 1443 1522 vel

291 1565 421 1629 accedit
450 1565 493 1628 ad
520 1585 591 1630 nos.
636 1565 704 1630 Sed
734 1575 873 1647 quartae
902 1565 981 1629 anni
1011 1573 1181 1628 mutantur
1207 1561 1381 1627 manifeste
1410 1563 1443 1627 in

292 1668 579 1752 complexionibus
601 1670 677 1746 suis,
695 1690 797 1752 quum
819 1691 863 1733 ex
884 1669 936 1732 his
958 1669 1176 1733 communiter
1196 1669 1343 1732 oriuntur
1363 1688 1445 1750 qua·

292 1785 368 1838 tuor
392 1773 640 1858 complexiones
663 1773 869 1857 principales,
892 1783 929 1837 ut
956 1773 1064 1837 calida
1090 1782 1124 1837 et
1146 1771 1281 1836 humida
1305 1773 1336 1836 in
1359 1760 1444 1849 vere,

292 1877 399 1943 calida
420 1887 454 1943 et
473 1879 560 1944 sicca
578 1879 610 1942 in
631 1887 766 1955 aestate,
781 1877 900 1963 frigida
921 1888 956 1942 et
976 1878 1063 1941 sicca
1084 1877 1117 1939 in
1137 1886 1309 1954 autumno,
1325 1876 1446 1960 frigida

293 1990 326 2045 et
345 1982 481 2048 humida
501 1983 534 2046 in
555 1982 685 2064 hyeme.
730 1982 818 2045 Nam
840 1981 1017 2046 fortissima
1039 1992 1090 2045 est
1113 1981 1254 2044 mutatio
1276 1979 1445 2043 stellarum

294 2087 327 2149 in
360 2087 568 2169 quadraturis
603 2106 737 2151 suorum
774 2085 979 2161 circulorum,
1009 2095 1046 2149 ut
1080 2094 1232 2149 auctores
1262 2086 1383 2149 docent
1412 2093 1446 2148 et

292 2193 499 2274 experientia
518 2190 686 2256 certificat.

338 2294 512 2360 Annorum
529 2316 606 2359 vero
624 2296 766 2360 mutatio
781 2303 831 2360 est
846 2295 954 2378 major
968 2316 1026 2379 per
1041 2295 1102 2360 hos
1122 2305 1270 2360 caeteros
1285 2294 1444 2378 planetas,
1458 2308 1620 2385 Influenceqf

294 2399 350 2480 qui
366 2402 549 2464 secundum
569 2419 647 2463 suas
667 2400 887 2464 revolutiones
908 2401 941 2462 in
961 2399 1170 2483 quadraturis
1189 2419 1322 2463 suorum
1343 2399 1445 2463 circu·
1458 2376 1615 2440 Mm,Jup1-

1496 2480 1502 2499 ,
1545 2442 1563 2490 d

295 2502 401 2567 lorum
417 2504 493 2575 etin
505 2503 607 2567 totius
622 2502 733 2568 circuli
750 2504 951 2568 revolutione
967 2513 1096 2567 mutant
1111 2524 1230 2578 ann0s;
1252 2513 1285 2566 et
1301 2503 1447 2566 maxime
1458 2451 1558 2560 tseltuarh.

295 2614 362 2667 tres
377 2603 569 2684 superiores
584 2603 708 2668 scilicet
725 2602 899 2681 Saturnus,
913 2603 1042 2688 Jupiter
1059 2613 1094 2668 et
1110 2602 1222 2678 Mars;
1244 2614 1280 2666 ut
1298 2603 1331 2666 in
1351 2602 1448 2665 rebus

296 2708 460 2785 maximis,
469 2728 556 2791 quae
570 2708 665 2773 tarde
676 2708 821 2787 veniunt,
833 2709 912 2791 quia
927 2708 959 2771 hi
973 2708 1127 2790 planetae
1142 2717 1220 2773 sunt
1231 2709 1316 2771 tardi
1331 2718 1449 2783 motus,

296 2822 330 2877 et
364 2813 441 2876 ideo
471 2812 608 2877 effectus
639 2833 754 2876 eorum
790 2833 857 2876 non
894 2823 973 2876 sunt
1010 2812 1195 2895 quotidiani
1227 2812 1278 2877 vel
1311 2812 1450 2876 mensivi

295 2918 380 2981 sicut
413 2917 530 2981 Lunae
566 2916 618 2981 vel
656 2915 753 2981 Solis.
818 2916 1024 2997 Hujusmodi
1058 2928 1170 2980 autem
1202 2915 1339 2981 effectus
1370 2927 1450 2981 sunt

296 3021 428 3098 diluvia,
445 3031 550 3085 terrae
572 3033 691 3099 motus,
709 3029 743 3084 et
766 3021 963 3103 pestilentia,
980 3020 1084 3085 sames
1106 3021 1226 3098 valida,
1244 3030 1448 3085 cometarum

297 3137 332 3190 et
346 3136 551 3189 caeterorum
567 3126 691 3207 ignium
707 3126 740 3189 in
755 3144 830 3189 aere
845 3126 1020 3208 apparitio,
1031 3126 1116 3190 sicut
1132 3127 1230 3189 docet
1244 3124 1451 3189 Albumazar

297 3230 331 3293 in
348 3228 654 3312 Conjunctionibus,
670 3240 704 3293 et
719 3249 835 3293 omnes
850 3229 1018 3313 sapientes
1030 3229 1252 3306 concordant;
1275 3229 1364 3292 unde
1375 3249 1450 3293 cum

297 3354 383 3397 anno
400 3334 536 3396 Domini
550 3334 634 3410 1264
643 3354 756 3397 mense
766 3332 845 3415 Julti
858 3334 920 3397 suit
935 3332 1098 3418 apparitio
1113 3344 1262 3399 cometae
1276 3332 1451 3411 horribilis,

298 3457 357 3520 per
371 3436 525 3500 virtutem
542 3438 661 3502 Martis
676 3436 777 3502 luisse
797 3448 974 3521 generatus
993 3436 1205 3521 approbatur.
1252 3436 1341 3499 Nam
1358 3435 1450 3499 Mars

297 3562 372 3605 cum
393 3540 489 3605 suerit
507 3550 588 3606 tunc
611 3542 644 3604 in
663 3542 775 3606 Tauro
797 3551 831 3606 et
852 3551 983 3607 cometa
1003 3551 1096 3605 ortus
1117 3541 1160 3605 sit
1178 3542 1211 3604 in
1231 3539 1368 3620 Cancro,
1380 3560 1451 3613 ,non

298 3646 437 3711 cessavit
463 3647 633 3709 decurrere
659 3647 702 3709 ad
730 3666 823 3710 suam
850 3666 993 3722 causam,
1018 3644 1144 3710 scilicet
1171 3646 1335 3721 Martem3
1367 3645 1452 3710 sicut

298 3750 418 3815 ferrum
434 3750 535 3814 currit
549 3750 593 3814 ad
608 3758 806 3833 magnetem·
839 3749 935 3814 Sicut
950 3750 1038 3814 enim
1056 3770 1191 3834 magnes
1205 3750 1307 3814 trahit
1323 3748 1452 3828 ferrum,

298 3855 346 3918 sic
358 3854 500 3936 planeta,
510 3853 602 3935 cujus
612 3854 734 3918 virtute
749 3853 945 3918 sublimatur
957 3875 1060 3938 vapor
1072 3854 1192 3937 ignitus
1207 3864 1241 3918 et
1252 3851 1452 3918 assimilatur

298 3957 433 4023 coelesti
460 3970 605 4036 naturae,
623 3957 760 4021 attrahit
786 3965 963 4035 cometam,
981 3967 1016 4021 et
1040 3958 1115 4022 ideo
1138 3979 1214 4024 cum
1239 3960 1284 4022 ad
1307 3957 1452 4021 Martem

300 4072 410 4126 motus
433 4071 491 4137 est,
509 4071 543 4125 et
567 4062 612 4125 ibi
635 4062 774 4134 delituit,
794 4081 928 4125 necesse
951 4059 1011 4125 suit
1035 4082 1111 4126 eum
1137 4083 1157 4126 a
1181 4062 1291 4125 Marte
1317 4062 1452 4129 causari.

301 4167 432 4230 Deinde
455 4186 529 4230 cum
554 4175 670 4230 natura
692 4166 810 4229 Martis
831 4166 873 4230 sit
894 4165 1001 4247 ignea,
1017 4166 1111 4248 cujus
1133 4176 1251 4229 natura
1273 4175 1324 4229 est
1343 4166 1452 4229 multi-

300 4269 421 4352 plicare
441 4269 616 4341 choleram,
632 4279 665 4332 et
682 4290 740 4351 per
753 4290 957 4351 consequens
975 4272 1121 4335 excitare
1141 4269 1292 4333 homines
1312 4271 1354 4333 ad
1371 4270 1453 4333 iram

300 4374 498 4440 discordiam
520 4382 554 4437 et
569 4373 666 4448 bella,
682 4374 757 4437 ideo
777 4374 896 4439 accidit
917 4375 1006 4455 quod
1029 4383 1158 4438 cometa
1178 4374 1225 4436 ita
1245 4372 1454 4455 significabat

300 4498 399 4561 super
425 4478 488 4540 iras
518 4486 553 4541 et
579 4478 760 4541 discordias
789 4476 963 4541 hominum
993 4485 1027 4540 et
1058 4476 1154 4553 bella,
1175 4476 1260 4540 sicut
1289 4476 1455 4559 sapientes

299 4582 480 4647 astronomi
511 4582 642 4647 docent.
698 4579 766 4645 Sed
793 4582 902 4645 verius
931 4580 1138 4666 experientia
1166 4579 1269 4644 totius
1298 4578 1455 4643 ecclesiae

344 4698 462 4749 V0L01.
847 4696 868 4747 C
885 4704 904 4747 c
