3575 5375
706 626 987 687 ASTROLOGIA.
1361 643 1423 706 393

274 788 416 854 millibus
431 799 633 855 armatorum
650 791 811 854 mundum
832 809 996 874 superare.
1045 789 1078 853 ls
1092 809 1168 852 cum
1185 789 1218 853 in
1234 789 1321 854 lecto
1336 808 1422 854 mor-

272 895 331 956 tali
350 893 492 976 jacebat,
508 904 542 959 et
561 895 631 977 jam
654 904 741 959 esset
762 895 795 958 in
814 895 923 977 januis
945 894 1069 972 mortis,
1083 894 1250 959 civitatem
1272 915 1366 959 suam
1388 905 1423 960 et

272 999 440 1080 regionem
462 999 506 1062 ab
527 999 662 1062 inimicis
684 998 812 1081 eripuit.
859 1000 913 1062 De
934 998 1041 1081 primo
1063 999 1153 1063 facto
1174 1009 1292 1063 notum
1314 1010 1364 1064 est
1388 999 1422 1064 in

270 1101 373 1184 gestis
390 1101 586 1182 Alexandri,
601 1105 644 1168 de
662 1105 807 1167 secundo
827 1103 858 1166 in
871 1103 1006 1167 Valerio
1024 1103 1183 1182 Maximo,
1199 1103 1281 1167 libro
1296 1105 1421 1187 quinto.

274 1204 342 1270 Sed
363 1218 491 1273 constat
512 1228 587 1272 eum
610 1229 676 1271 non
696 1228 794 1292 posse
809 1207 873 1272 hoc
889 1206 1002 1272 secisse
1016 1207 1165 1292 potentia
1180 1208 1348 1291 corporali,
1364 1209 1422 1272 sed

273 1329 394 1394 magna
416 1313 597 1393 sapientiae
616 1311 747 1391 virtute,
769 1333 870 1394 quam
893 1312 926 1376 in
948 1313 1037 1378 libris
1060 1312 1269 1377 Secretorurn
1292 1313 1423 1396 reliquit

273 1415 380 1480 solum
410 1417 655 1500 sapientissimis
676 1417 911 1500 indagandam.
967 1418 1110 1483 Etcum
1134 1427 1270 1500 propter
1291 1419 1423 1500 pondus

272 1522 459 1603 senectutis,
474 1523 604 1587 devicto
621 1522 731 1602 Dari0,
749 1524 908 1587 mundum
925 1524 1059 1588 tradidit
1075 1523 1279 1602 Alexandro,
1291 1524 1423 1587 recessit

272 1626 305 1690 in
328 1636 450 1691 terram
474 1648 578 1700 suam,
602 1627 753 1710 dixitque
776 1627 974 1691 Alexandro
996 1630 1085 1710 quod
1108 1628 1138 1692 ei
1161 1628 1315 1692 scriberet
1337 1649 1423 1711 quae

273 1730 381 1812 vellet,
408 1733 536 1816 etipse
559 1732 731 1799 consilium
756 1734 850 1797 daret
873 1743 1107 1816 opportunum.
1152 1733 1294 1798 Etcum
1315 1733 1422 1797 Alex-

273 1839 374 1901 ander
408 1837 531 1902 invenit
570 1849 688 1921 gentes
723 1837 885 1903 habentes
925 1857 1033 1901 mores
1070 1838 1238 1920 pessimos,
1279 1840 1424 1903 scribens

274 1940 446 2006 Aristoteli
467 1943 545 2024 quid
566 1943 687 2007 faceret
706 1945 749 2007 de
771 1943 825 2022 eis,
855 1943 927 2024 ipse
949 1943 1100 2026 princeps
1122 1941 1350 2025 philosophiae
1374 1965 1424 2007 re-

272 2046 415 2129 spondit,
431 2046 468 2111 Si
483 2057 578 2131 potes
598 2047 739 2111 alterare
756 2067 867 2110 aerem
884 2046 1041 2130 ipsorum,
1056 2047 1210 2130 permitte
1225 2066 1282 2110 eos
1296 2048 1424 2124 vivere3

274 2151 300 2213 si
321 2171 397 2230 non,
413 2150 558 2215 interfice
581 2171 706 2215 omnes
752 2149 783 2215 Ο
806 2169 907 2235 quam
930 2150 1149 2215 occultissima
1172 2151 1340 2232 responsio
1363 2161 1424 2230 est,

273 2256 332 2319 sed
353 2254 453 2338 plena
475 2255 654 2339 sapientiae
675 2256 860 2338 potestate!
907 2255 996 2318 Nam
1016 2253 1178 2319 intellexit
1199 2256 1288 2337 quod
1309 2276 1423 2320 secun·

273 2360 354 2422 dum
396 2359 611 2425 mutationem
650 2360 744 2442 aeris,
781 2359 837 2442 qui
882 2360 1027 2424 continet
1070 2357 1232 2424 coelestes
1276 2359 1423 2440 virtutes,

274 2473 444 2527 mutantur
473 2484 581 2528 mores
610 2463 805 2540 hominum;
841 2484 882 2528 eo
917 2465 1008 2546 quod
1043 2463 1125 2528 alios
1163 2484 1270 2528 mores
1299 2464 1424 2529 habent

275 2566 400 2646 Gallici,
415 2569 497 2632 alios
519 2569 671 2648 Romani,
686 2568 768 2634 alios
787 2568 936 2651 Hispani,
951 2577 985 2632 et
1005 2567 1050 2632 sic
1072 2569 1114 2632 de
1130 2567 1266 2650 singulis
1285 2569 1423 2652 regioni·

274 2673 345 2737 bus.
390 2673 505 2738 Voluit
521 2695 600 2757 ergo
615 2675 704 2757 quod
720 2672 918 2738 Alexander
931 2672 963 2737 in
979 2674 1105 2739 bonurn
1126 2682 1268 2737 mutaret
1284 2673 1424 2757 qualita-

273 2788 342 2842 tem
372 2779 455 2842 aeris
484 2779 612 2843 illarum
638 2778 794 2862 gentium,
822 2790 859 2842 ut
882 2779 1065 2843 secundum
1094 2777 1310 2843 mutationem
1334 2778 1423 2843 illam

275 2892 479 2947 mutarentur
493 2904 610 2962 mores,
625 2893 659 2948 et
679 2884 903 2947 excitarentur
920 2884 962 2947 ad
981 2882 1190 2947 honestatem
1209 2903 1337 2947 morum
1355 2884 1425 2947 sine

273 2988 531 3053 contradictione
545 2987 636 3052 liberi
652 2987 794 3067 arbitrii;
817 2986 901 3051 sicut
912 2988 1081 3070 quaelibet
1096 2988 1187 3052 natio
1202 2988 1365 3053 excitatur
1380 2989 1423 3052 ad

274 3092 422 3175 proprios
466 3113 575 3157 mores
616 3113 675 3175 per
718 3112 827 3157 aerem
862 3092 1031 3176 proprium
1069 3093 1248 3157 habentem
1286 3094 1423 3157 virtutes

272 3197 440 3261 stellarum
456 3206 632 3281 quaesunt
651 3217 749 3278 super
763 3197 872 3280 capita
886 3196 1071 3276 hominum,
1084 3206 1118 3261 et
1135 3197 1316 3261 secundum
1332 3198 1422 3279 quod

275 3302 368 3382 signa
391 3301 442 3365 vel
466 3302 619 3385 planetae
641 3301 854 3366 dominantur
875 3301 1011 3386 singulis
1032 3301 1225 3384 regionibus.
1271 3301 1424 3365 Ostendo

273 3405 406 3471 enimin
427 3415 570 3470 tractatu
592 3426 693 3489 quem
716 3406 812 3469 mitto
824 3403 846 3485 ¹,
867 3408 958 3488 quod
978 3405 1084 3470 induci
1107 3414 1219 3487 potest
1238 3404 1356 3487 aliquis
1379 3405 1421 3468 ad

273 3511 397 3574 bonum
414 3520 447 3574 et
468 3510 600 3588 malurn,
618 3519 687 3573 tarn
709 3510 874 3593 publicum
899 3531 1000 3593 quam
1021 3510 1194 3593 privatum,
1209 3529 1270 3592 per
1286 3510 1423 3574 virtutes

272 3612 440 3679 coelorum
471 3614 540 3677 sine
569 3613 749 3693 coactione,
781 3614 864 3678 sicut
893 3614 1127 3698 exemplariter
1154 3614 1304 3678 videmus
1333 3615 1424 3696 quod

272 3718 422 3782 homines
438 3728 568 3783 mutant
583 3738 660 3783 suas
674 3716 863 3784 voluntates
878 3739 938 3801 per
950 3719 1109 3799 dominos,
1119 3717 1252 3797 amicos,
1263 3727 1296 3782 et
1307 3718 1423 3797 socios,

272 3834 306 3889 et
350 3844 459 3889 rerum
500 3824 718 3907 praesentiam
759 3843 929 3903 novarum,
964 3832 998 3887 et
1039 3822 1172 3887 infinitis
1210 3823 1317 3887 modis
1354 3823 1424 3887 sine

271 3930 452 3994 coactione.
500 3926 600 4011 Quod
616 3930 696 3993 satis
719 3927 866 4009 explano
886 3928 919 3991 in
941 3927 1086 4010 capitulo
1101 3929 1144 3992 de
1159 3935 1325 4011 potestate
1336 3927 1423 4009 judi·

272 4034 367 4098 candi
383 4036 426 4098 de
441 4032 539 4099 rebus
561 4031 712 4098 humanis
730 4051 788 4115 per
807 4030 948 4111 coelum,
961 4031 994 4094 in
1017 4052 1085 4115 quo
1104 4030 1249 4116 capitulo
1268 4041 1319 4096 est
1340 4032 1423 4096 ratio

305 4206 312 4234 ¹
329 4206 394 4253 This
411 4206 476 4253 does
494 4212 540 4254 not
558 4203 627 4253 refer
645 4211 674 4252 to
694 4204 738 4252 the
754 4203 860 4253 treatise
879 4202 920 4251 De
938 4201 1143 4265 Multr'plrbatr'one
1155 4200 1305 4264 Speo'emnt
1322 4205 1422 4252 several

271 4286 347 4333 times
370 4284 520 4333 mentioned
541 4284 566 4331 in
585 4283 631 4331 the
646 4283 718 4345 Opus
733 4282 842 4331 Tertium
857 4297 887 4331 as
900 4282 979 4342 being
994 4288 1054 4329 sent
1071 4281 1192 4343 together
1202 4281 1268 4329 with
1285 4282 1331 4329 the
1350 4282 1424 4344 Opus

270 4361 366 4425 Masirs.
409 4361 466 4409 The
478 4361 578 4422 subject
589 4360 619 4408 os
626 4360 759 4421 astrology
772 4361 794 4409 is
806 4367 852 4408 not
864 4360 935 4408 dealt
946 4361 1010 4408 with
1023 4360 1106 4409 there.
1144 4358 1202 4407 The
1214 4358 1350 4408 reference
1363 4376 1423 4422 may

269 4443 301 4490 be
311 4451 337 4490 to
348 4456 373 4503 p.
381 4454 429 4501 251
442 4445 465 4488 el
474 4456 521 4502 seq.
557 4439 582 4487 ll
595 4455 633 4499 so,
646 4440 691 4487 the
709 4438 759 4487 lact
776 4440 830 4488 that
848 4440 893 4488 the
906 4440 979 4501 Opus
989 4438 1076 4501 Hujus
1092 4438 1186 4487 should
1202 4438 1234 4485 be
1245 4439 1273 4486 in
1285 4438 1336 4487 this
1347 4439 1422 4500 place

270 4521 368 4582 spoken
390 4520 420 4568 ol
433 4535 462 4567 as
479 4535 495 4567 a
516 4519 620 4567 distinct
639 4518 712 4566 work
728 4518 818 4566 shows
833 4519 889 4567 that
905 4519 951 4566 the
962 4517 1049 4565 whole
1060 4516 1156 4565 ortuis
1170 4517 1268 4565 moad
1281 4522 1423 4566 treatment

271 4599 301 4647 ol
313 4599 445 4660 astrology
455 4596 544 4646 would
556 4596 622 4646 have
634 4596 700 4645 been
712 4596 861 4646 elaborated
873 4597 929 4645 into
937 4612 953 4644 a
964 4594 1062 4657 special
1073 4595 1178 4645 treatise
1190 4595 1240 4644 had
1252 4596 1423 4657 opportunity

270 4678 413 4741 permitted.
