3575 5375
696 588 986 647 GEOGRAPHIA.
1351 585 1413 666 369

260 764 310 819 cst
333 775 418 818 nunc
442 753 557 820 civitas
579 754 767 840 imperialis,
789 765 824 819 et
847 756 953 838 major
974 756 1008 817 in
1030 766 1118 819 terra
1141 753 1357 838 imperatoris,
1377 764 1411 816 et

259 869 373 923 tamen
387 879 453 924 non
470 870 521 925 est
536 860 583 925 ita
598 861 694 937 bona,
709 861 794 924 sicut
808 870 942 924 sanctus
958 861 1141 943 Dionysius
1153 860 1252 942 juxta
1268 859 1410 935 Parisius

260 963 292 1025 in
314 964 463 1045 Francia,
478 965 562 1030 sicut
585 965 717 1048 scripsit
740 963 840 1030 irater
862 964 1060 1029 Willielmus
1082 951 1217 1029 domino
1239 965 1316 1049 regi.
1363 961 1411 1026 Et

260 1067 346 1132 ultra
362 1089 485 1151 pascua
500 1069 584 1133 illius
599 1070 728 1133 circiter
742 1068 919 1133 duodecim
935 1069 1043 1134 dietas
1057 1080 1151 1133 erant
1170 1089 1293 1152 pascua
1308 1066 1411 1145 Moal,

259 1173 316 1254 qui
339 1183 433 1238 erant
456 1194 617 1257 pauperes
639 1173 790 1238 homines
812 1184 846 1238 et
867 1173 960 1238 stulti
982 1193 1020 1236 ac
1043 1173 1209 1256 simplices
1230 1174 1301 1236 sine
1324 1171 1409 1253 lege.

259 1276 365 1358 Juxta
393 1299 479 1361 quos
505 1279 635 1344 luerunt
672 1278 727 1342 alii
760 1299 937 1361 pauperes,
963 1276 1022 1360 qui
1046 1277 1250 1342 vocabantur
1271 1275 1412 1350 Tartari,

258 1381 381 1448 similes
401 1384 458 1448 eis.
505 1383 641 1448 Mortuo
657 1384 759 1466 igitur
771 1382 926 1466 Johanne
949 1402 1026 1465 rege
1041 1381 1181 1446 elevavit
1196 1401 1232 1444 se
1249 1381 1282 1444 in
1297 1399 1409 1464 regem

260 1487 338 1551 Une
353 1488 454 1553 frater
467 1489 546 1572 ejus,
558 1499 592 1554 et
607 1489 735 1553 vocavit
750 1509 786 1552 se
802 1487 919 1567 Cham,
929 1488 1018 1551 unde
1031 1485 1108 1551 Une
1119 1484 1225 1551 Cham
1237 1486 1411 1551 dicebatur

258 1591 315 1674 qui
330 1592 420 1656 misit
439 1603 587 1658 armenta
603 1613 662 1658 sua
677 1613 790 1658 versus
803 1593 964 1656 terminos
980 1590 1083 1657 Moat.

305 1696 396 1760 Inter
419 1717 504 1781 quos
519 1697 613 1762 Moal
635 1707 707 1762 erat
727 1696 819 1762 saber
840 1697 978 1779 quidam
993 1697 1130 1759 nomine
1146 1694 1282 1780 Cingis¹
1298 1693 1410 1760 furans
1422 1690 1546 1807 ffliffi

258 1800 413 1866 animalia
450 1811 483 1866 et
519 1802 651 1887 rapiens
688 1803 791 1885 ipsius
821 1801 898 1866 Unc
933 1800 1051 1875 Cham,
1082 1820 1151 1883 quo
1187 1809 1411 1883 congregante
1499 1795 1507 1809 '

257 1905 441 1969 exercitum
465 1903 579 1990 Cingis
604 1905 688 1991 fugit
710 1907 753 1970 ad
777 1905 936 1969 Tartaros
962 1905 1018 1987 qni
1041 1904 1130 1968 dixit
1155 1905 1198 1968 ad
1225 1927 1283 1970 eos
1307 1916 1341 1969 et
1365 1905 1410 1969 ad

261 2009 362 2088 Moal,
378 2009 466 2093 Quia
485 2031 599 2076 sumus
619 2013 690 2075 sine
705 2011 790 2075 duce
806 2009 882 2074 ideo
896 2010 994 2072 vicini
1014 2010 1117 2072 nostri
1131 2010 1325 2090 opprimunt
1341 2031 1408 2075 nos.

260 2113 305 2178 Et
327 2113 432 2178 sactus
448 2125 498 2179 est
514 2117 585 2180 dux
603 2135 738 2191 eorum3
765 2124 799 2178 et
819 2122 1022 2197 congregato
1041 2113 1188 2177 exercitu
1204 2113 1295 2177 irruit
1311 2135 1412 2198 super

259 2216 335 2282 Une
359 2217 465 2282 Cham
491 2229 525 2282 et
550 2218 626 2283 vicit
650 2238 735 2292 eum,
758 2229 792 2282 et
817 2217 923 2282 sactus
949 2227 1000 2282 est
1026 2218 1179 2301 princeps
1202 2218 1235 2280 in
1261 2229 1358 2295 terra,
1374 2229 1410 2283 et

257 2320 388 2385 vocavit
410 2341 446 2384 se
469 2320 582 2405 Cingis
604 2321 720 2400 Cham,
737 2333 771 2386 et
793 2322 921 2406 aceepit
943 2322 1044 2386 tiliam
1064 2321 1141 2387 Une
1163 2332 1198 2386 et
1219 2323 1312 2386 dedit
1335 2343 1409 2388 eam

258 2421 326 2486 filio
354 2445 416 2489 suo
446 2426 479 2488 in
510 2446 658 2508 uxorem,
682 2447 727 2491 ex
756 2447 822 2510 qua
852 2435 951 2490 natus
980 2434 1032 2490 eat
1059 2426 1186 2510 Mangu
1215 2425 1322 2490 Cham
1351 2428 1410 2509 qui

257 2547 394 2612 regnum
415 2530 527 2596 divisit
543 2531 614 2595 istis
634 2531 837 2616 principibus
853 2531 1077 2605 Tartarorum,
1091 2531 1149 2613 qui
1164 2550 1251 2594 nunc
1271 2542 1409 2613 regnant

257 2643 292 2698 et
312 2634 502 2701 discordant
522 2635 566 2700 ab
586 2635 735 2701 invicem.
779 2636 838 2702 Ad
858 2635 947 2701 hunc
966 2635 1055 2700 enim
1071 2634 1199 2719 Mangu
1221 2633 1326 2699 Cham
1347 2633 1409 2701 luit

258 2737 359 2803 irater
388 2739 585 2805 Willielmus
621 2742 747 2807 missus.
802 2742 848 2805 Et
885 2742 957 2824 ipse
991 2740 1106 2824 Cingis
1140 2738 1247 2806 Cham
1284 2743 1409 2825 ubique

257 2844 492 2928 praemittebat
513 2845 671 2911 Tartaros
693 2847 726 2910 in
749 2866 870 2930 pugna,
890 2847 980 2910 unde
1002 2847 1118 2911 exibat
1140 2845 1228 2909 lama
1250 2844 1409 2911 Tartaro·

258 2969 339 3025 rum,
359 2949 416 3033 qui
436 2948 503 3013 sere
525 2949 626 3015 deleti
649 2960 726 3015 sunt
748 2971 807 3034 per
828 2951 941 3015 erebra
963 2949 1059 3015 bella.
1106 2949 1153 3015 Et
1175 2949 1251 3014 lieet
1274 2960 1409 3034 propter
1456 2961 1459 2967 “

256 3053 342 3118 hanc
362 3074 495 3119 causam
517 3076 578 3119 nos
599 3056 695 3120 istam
715 3066 848 3140 gentem
864 3076 1020 3121 vocemus
1035 3056 1194 3120 Tartaros
1213 3056 1303 3137 apud
1323 3074 1409 3137 quos

257 3167 307 3221 est
330 3158 503 3241 imperium
528 3170 561 3223 et
583 3159 779 3236 dominium,
801 3170 913 3223 tamen
938 3179 1069 3242 semper
1093 3168 1170 3222 sunt
1193 3158 1409 3241 imperatores

256 3272 289 3324 et
313 3262 476 3347 principes
498 3264 540 3327 de
561 3274 662 3346 gente
686 3263 788 3327 Moal.
835 3262 907 3326 Nee
928 3263 1044 3325 volunt
1064 3262 1173 3327 vocari
1192 3261 1330 3339 Tartari,
1348 3262 1409 3325 sed

257 3365 371 3443 Moal;
403 3366 481 3447 quia
507 3367 633 3449 primus
659 3387 773 3430 eorum
796 3367 984 3451 imperator,
1005 3366 1129 3430 scilieet
1153 3364 1266 3448 Cingis
1290 3363 1408 3445 Cham,

256 3468 317 3533 luit
344 3470 479 3534 natione
504 3469 607 3535 Moal,
653 3470 754 3535 Unde
779 3491 846 3534 non
874 3470 1061 3534 habuerunt
1086 3468 1196 3534 adhuc
1221 3478 1300 3533 ante
1327 3470 1408 3534 istos

288 3607 296 3636 ¹
315 3607 413 3669 Cingis,
425 3624 456 3656 or
470 3608 605 3671 Chinghis,
621 3624 677 3658 was
693 3608 757 3657 born
776 3606 801 3655 in
821 3620 892 3668 1155.
930 3605 980 3654 His
997 3605 1105 3667 original
1123 3621 1198 3654 name
1212 3622 1268 3655 was
1279 3606 1407 3668 Temrijin.

254 3685 311 3735 The
329 3686 504 3737 resemblance
524 3686 555 3736 ol
571 3688 616 3737 the
635 3702 710 3736 name
726 3696 754 3735 to
772 3686 891 3746 Temurji,
910 3684 956 3734 the
970 3684 1082 3733 Turkish
1099 3684 1174 3733 word
1191 3684 1232 3733 lor
1246 3684 1407 3743 blaeksmith,

256 3765 382 3827 probably
393 3780 459 3827 gave
470 3766 521 3815 riae
536 3774 564 3815 to
577 3766 623 3815 the
634 3764 729 3828 legend
741 3764 771 3815 ol
778 3765 820 3813 his
827 3765 910 3827 origin
919 3764 1019 3823 (Marco
1032 3762 1104 3823 Polo,
1112 3764 1153 3813 ed
1161 3762 1239 3822 Yule,
1248 3764 1263 3812 i.
1271 3766 1340 3826 234).
1376 3764 1408 3815 ln

254 3844 298 3893 the
311 3844 353 3893 list
365 3844 395 3893 or
403 3844 509 3907 Mongol
520 3846 672 3906 sovereigus
685 3844 783 3901 Bacon,
792 3844 926 3904 following
935 3841 1091 3903 Rubnrquis,
1102 3842 1178 3890 omits
1187 3840 1337 3904 Cbinghis's
1347 3858 1407 3904 son,

255 3920 382 3983 Olrlrodai,
394 3922 456 3971 who
467 3924 611 3973 succeeded
621 3923 684 3973 him.
718 3922 836 3971 Olalrodai
846 3937 903 3970 was
920 3920 1065 3969 sueceeded
1081 3919 1116 3981 by
1128 3920 1170 3969 his
1181 3934 1230 3969 son
1243 3919 1347 3983 Kuyuk,
1361 3923 1407 3971 the

256 4002 315 4051 Keu
328 4001 359 4051 oi
366 4002 531 4064 Rubruquis;
550 4002 647 4064 Kuyuk
659 4002 695 4063 by
712 4001 753 4051 his
770 4001 859 4050 cousin
877 4000 982 4061 Mangu,
995 4015 1010 4047 a
1022 4014 1071 4048 son
1089 3998 1119 4047 oi
1130 3998 1197 4055 Tuli,
1209 4000 1261 4048 and
1276 4001 1407 4061 grandson

255 4080 286 4128 ol
293 4080 427 4142 Chinghis.
466 4081 560 4143 hlangu
572 4096 628 4129 was
640 4080 760 4129 followed
772 4080 807 4141 by
820 4080 861 4128 his
872 4078 981 4127 brother
990 4076 1093 4139 Kublai,
1101 4077 1128 4125 in
1141 4079 1234 4126 whose
1247 4078 1310 4126 time
1321 4078 1409 4129 hlareo

257 4156 322 4208 Polo
333 4160 426 4210 visited
443 4161 487 4209 the
502 4160 594 4209 Tartar
610 4166 691 4210 court.
735 4157 856 4207 Another
875 4158 1007 4220 grandson
1030 4156 1062 4205 oi
1081 4155 1216 4219 Chinghis,
1231 4154 1299 4205 Bato
1315 4172 1363 4205 son
1381 4157 1414 4207 ol

252 4238 315 4299 Jufi,
338 4238 398 4287 held
421 4239 554 4287 dominion
576 4239 697 4287 between
721 4238 765 4287 the
787 4236 871 4298 Volga
892 4236 945 4285 and
962 4236 1007 4284 the
1030 4234 1090 4285 non
1113 4242 1140 4284 at
1162 4235 1207 4283 the
1229 4234 1291 4283 time
1313 4233 1344 4283 ol
1362 4236 1408 4285 the

254 4316 275 4365 F
277 4318 410 4366 ranciscan
423 4316 548 4375 mission;
565 4318 598 4365 he
610 4318 660 4366 had
675 4317 718 4366 led
737 4317 781 4365 the
796 4324 868 4378 great
888 4314 994 4377 hlongol
1008 4314 1125 4363 invadosa
1139 4312 1170 4362 ol
1183 4313 1286 4376 Europe
1303 4329 1408 4375 ruo-a.

256 4394 279 4443 lt
303 4397 370 4444 need
393 4396 486 4458 hardly
508 4395 541 4443 be
559 4394 614 4444 said
632 4395 687 4445 that
706 4394 775 4443 hloal
796 4394 818 4442 is
838 4390 950 4443 Racon’s
969 4394 1087 4455 reading,
1105 4391 1173 4441 alter
1191 4390 1348 4454 Rubruquis,
1366 4394 1409 4445 ior

254 4472 368 4535 Uongol.

287 4552 343 4600 The
355 4568 412 4600 war
424 4552 545 4601 between
559 4552 685 4615 Chinghis
695 4552 746 4601 and
760 4550 822 4613 Ung
837 4550 920 4599 Charra
933 4550 955 4599 is
966 4548 1102 4599 dasenbed
1112 4554 1140 4598 at
1150 4549 1294 4599 somewhat
1305 4558 1409 4613 mater

253 4630 342 4691 length
353 4630 389 4691 by
401 4630 489 4681 Marco
497 4630 568 4680 Polo.
1290 4632 1298 4645 “

296 4722 380 4777 von.
397 4724 420 4775 1.
803 4708 863 4774 ab
