<?xml version="1.0" encoding="UTF-8"?>
<!DOCTYPE html PUBLIC "-//W3C//DTD XHTML 1.0 Transitional//EN"
    "http://www.w3.org/TR/xhtml1/DTD/xhtml1-transitional.dtd">
<html xmlns="http://www.w3.org/1999/xhtml" xml:lang="en" lang="en">
 <head>
  <title>
</title>
<meta http-equiv="Content-Type" content="text/html;charset=utf-8" />
  <meta name='ocr-system' content='tesseract 3.04.00' />
  <meta name='ocr-capabilities' content='ocr_page ocr_carea ocr_par ocr_line ocrx_word'/>
</head>
<body>
  <div class='ocr_page' id='page_1' title='image "./opusmajusrogerb01bridgoog/opusmajusrogerb01bridgoog_0286.png"; bbox 0 0 3575 5375; ppageno 0'>
   <div class='ocr_carea' id='block_1_1' title="bbox 572 628 1397 707">
    <p class='ocr_par' dir='ltr' id='par_1_1' title="bbox 572 628 1397 707">
     <span class='ocr_line' id='line_1_1' title="bbox 572 628 1397 707; baseline -0.002 -16"><span class='ocrx_word' id='word_1_1' title='bbox 572 634 834 693; x_wconf 82' lang='lat' dir='ltr'><em>LINGUARUM</em></span> <span class='ocrx_word' id='word_1_2' title='bbox 858 633 1068 693; x_wconf 84' lang='lat' dir='ltr'><em>COGNITIO.</em></span> <span class='ocrx_word' id='word_1_3' title='bbox 1356 628 1397 707; x_wconf 88' lang='lat'>89</span> 
     </span>
    </p>
   </div>
   <div class='ocr_carea' id='block_1_2' title="bbox 238 793 1566 2651">
    <p class='ocr_par' dir='ltr' id='par_1_2' title="bbox 238 793 1400 2422">
     <span class='ocr_line' id='line_1_2' title="bbox 238 793 1398 879; baseline -0.003 -19"><span class='ocrx_word' id='word_1_4' title='bbox 238 795 348 878; x_wconf 84' lang='lat' dir='ltr'>funis,</span> <span class='ocrx_word' id='word_1_5' title='bbox 371 806 458 861; x_wconf 90' lang='lat' dir='ltr'>esset</span> <span class='ocrx_word' id='word_1_6' title='bbox 485 796 573 860; x_wconf 91' lang='lat' dir='ltr'>idem</span> <span class='ocrx_word' id='word_1_7' title='bbox 596 816 705 879; x_wconf 87' lang='lat' dir='ltr'>aquo</span> <span class='ocrx_word' id='word_1_8' title='bbox 727 816 849 859; x_wconf 88' lang='lat' dir='ltr'>nomen</span> <span class='ocrx_word' id='word_1_9' title='bbox 872 795 1046 860; x_wconf 89' lang='lat' dir='ltr'>derivatur.</span> <span class='ocrx_word' id='word_1_10' title='bbox 1092 794 1158 859; x_wconf 84' lang='lat' dir='ltr'>Sed</span> <span class='ocrx_word' id='word_1_11' title='bbox 1184 793 1276 859; x_wconf 90' lang='lat' dir='ltr'>Beda</span> <span class='ocrx_word' id='word_1_12' title='bbox 1298 794 1398 858; x_wconf 89' lang='lat' dir='ltr'>docet</span> 
     </span>
     <span class='ocr_line' id='line_1_3' title="bbox 248 898 1397 984; baseline -0.005 -18"><span class='ocrx_word' id='word_1_13' title='bbox 248 902 448 966; x_wconf 88' lang='lat' dir='ltr'>contrarium</span> <span class='ocrx_word' id='word_1_14' title='bbox 464 902 578 965; x_wconf 91' lang='lat' dir='ltr'>volens</span> <span class='ocrx_word' id='word_1_15' title='bbox 598 902 689 984; x_wconf 90' lang='lat' dir='ltr'>quod</span> <span class='ocrx_word' id='word_1_16' title='bbox 708 923 728 965; x_wconf 98' lang='lat' dir='ltr'>a</span> <span class='ocrx_word' id='word_1_17' title='bbox 743 921 841 964; x_wconf 88' lang='lat' dir='ltr'>scena</span> <span class='ocrx_word' id='word_1_18' title='bbox 861 900 1037 977; x_wconf 88' lang='lat' dir='ltr'>derivatur,</span> <span class='ocrx_word' id='word_1_19' title='bbox 1052 908 1087 961; x_wconf 91' lang='lat' dir='ltr'>et</span> <span class='ocrx_word' id='word_1_20' title='bbox 1107 900 1170 963; x_wconf 93' lang='lat' dir='ltr'>hoc</span> <span class='ocrx_word' id='word_1_21' title='bbox 1188 898 1397 963; x_wconf 79' lang='lat' dir='ltr'>manifestum</span> 
     </span>
     <span class='ocr_line' id='line_1_4' title="bbox 248 1002 1398 1088; baseline -0.003 -20"><span class='ocrx_word' id='word_1_22' title='bbox 248 1014 298 1069; x_wconf 92' lang='lat' dir='ltr'>est</span> <span class='ocrx_word' id='word_1_23' title='bbox 313 1024 373 1087; x_wconf 92' lang='lat' dir='ltr'>per</span> <span class='ocrx_word' id='word_1_24' title='bbox 387 1006 583 1088; x_wconf 84' lang='lat' dir='ltr'><strong>scripturam</strong></span> <span class='ocrx_word' id='word_1_25' title='bbox 597 1005 761 1069; x_wconf 90' lang='lat' dir='ltr'>vocabuli.</span> <span class='ocrx_word' id='word_1_26' title='bbox 807 1002 962 1068; x_wconf 88' lang='lat' dir='ltr'>Scilicet¹</span> <span class='ocrx_word' id='word_1_27' title='bbox 979 1003 1186 1086; x_wconf 81' lang='lat' dir='ltr'>ignoratione</span> <span class='ocrx_word' id='word_1_28' title='bbox 1202 1002 1348 1066; x_wconf 90' lang='lat' dir='ltr'>Actuum</span> <span class='ocrx_word' id='word_1_29' title='bbox 1365 1002 1398 1065; x_wconf 93' lang='lat' dir='ltr'>in</span> 
     </span>
     <span class='ocr_line' id='line_1_5' title="bbox 250 1106 1398 1192; baseline -0.003 -20"><span class='ocrx_word' id='word_1_30' title='bbox 250 1108 377 1173; x_wconf 88' lang='lat' dir='ltr'>Graeco</span> <span class='ocrx_word' id='word_1_31' title='bbox 414 1120 511 1175; x_wconf 84' lang='lat' dir='ltr'>textu</span> <span class='ocrx_word' id='word_1_32' title='bbox 541 1110 695 1173; x_wconf 87' lang='lat' dir='ltr'>scribitur</span> <span class='ocrx_word' id='word_1_33' title='bbox 727 1108 925 1172; x_wconf 88' lang='lat' dir='ltr'>vocabulum</span> <span class='ocrx_word' id='word_1_34' title='bbox 956 1106 1140 1192; x_wconf 91' lang='lat' dir='ltr'>penultima</span> <span class='ocrx_word' id='word_1_35' title='bbox 1168 1106 1297 1189; x_wconf 83' lang='lat' dir='ltr'>syllaba</span> <span class='ocrx_word' id='word_1_36' title='bbox 1327 1106 1398 1170; x_wconf 90' lang='lat' dir='ltr'>sine</span> 
     </span>
     <span class='ocr_line' id='line_1_6' title="bbox 248 1211 1398 1296; baseline -0.002 -21"><span class='ocrx_word' id='word_1_37' title='bbox 248 1213 447 1296; x_wconf 86' lang='lat' dir='ltr'>aspiratione</span> <span class='ocrx_word' id='word_1_38' title='bbox 458 1224 491 1277; x_wconf 93' lang='lat' dir='ltr'>et</span> <span class='ocrx_word' id='word_1_39' title='bbox 507 1234 567 1295; x_wconf 91' lang='lat' dir='ltr'>per</span> <span class='ocrx_word' id='word_1_40' title='bbox 577 1214 726 1277; x_wconf 84' lang='lat' dir='ltr'><strong>vocalem</strong></span> <span class='ocrx_word' id='word_1_41' title='bbox 742 1233 828 1295; x_wconf 91' lang='lat' dir='ltr'>quae</span> <span class='ocrx_word' id='word_1_42' title='bbox 843 1222 980 1277; x_wconf 92' lang='lat' dir='ltr'>vocatur</span> <span class='ocrx_word' id='word_1_43' title='bbox 992 1214 1048 1287; x_wconf 88' lang='lat' dir='ltr'>ito,</span> <span class='ocrx_word' id='word_1_44' title='bbox 1060 1211 1150 1294; x_wconf 90' lang='lat' dir='ltr'>quod</span> <span class='ocrx_word' id='word_1_45' title='bbox 1163 1220 1213 1275; x_wconf 93' lang='lat' dir='ltr'>est</span> <span class='ocrx_word' id='word_1_46' title='bbox 1229 1212 1398 1295; x_wconf 88' lang='lat' dir='ltr'>ilongum,</span> 
     </span>
     <span class='ocr_line' id='line_1_7' title="bbox 249 1315 1399 1400; baseline -0.003 -20"><span class='ocrx_word' id='word_1_47' title='bbox 249 1327 283 1380; x_wconf 88' lang='lat' dir='ltr'>et</span> <span class='ocrx_word' id='word_1_48' title='bbox 308 1316 353 1381; x_wconf 93' lang='lat' dir='ltr'>sic</span> <span class='ocrx_word' id='word_1_49' title='bbox 375 1316 528 1380; x_wconf 89' lang='lat' dir='ltr'>scribitur</span> <span class='ocrx_word' id='word_1_50' title='bbox 547 1338 642 1381; x_wconf 84' lang='lat' dir='ltr'>sceno</span> <span class='ocrx_word' id='word_1_51' title='bbox 664 1339 725 1400; x_wconf 92' lang='lat' dir='ltr'>pro</span> <span class='ocrx_word' id='word_1_52' title='bbox 748 1316 969 1395; x_wconf 75' lang='lat' dir='ltr'>tabernamlo;</span> <span class='ocrx_word' id='word_1_53' title='bbox 1000 1316 1058 1380; x_wconf 90' lang='lat' dir='ltr'>sed</span> <span class='ocrx_word' id='word_1_54' title='bbox 1084 1316 1212 1380; x_wconf 76' lang='lat' dir='ltr'>seltener</span> <span class='ocrx_word' id='word_1_55' title='bbox 1237 1336 1297 1398; x_wconf 90' lang='lat' dir='ltr'>pro</span> <span class='ocrx_word' id='word_1_56' title='bbox 1311 1315 1399 1397; x_wconf 80' lang='lat' dir='ltr'>fune</span> 
     </span>
     <span class='ocr_line' id='line_1_8' title="bbox 249 1420 1398 1506; baseline -0.002 -23"><span class='ocrx_word' id='word_1_57' title='bbox 249 1422 402 1485; x_wconf 91' lang='lat' dir='ltr'>scribitur</span> <span class='ocrx_word' id='word_1_58' title='bbox 427 1442 487 1503; x_wconf 88' lang='lat' dir='ltr'>per</span> <span class='ocrx_word' id='word_1_59' title='bbox 515 1442 565 1489; x_wconf 81' lang='lat' dir='ltr'>oe,</span> <span class='ocrx_word' id='word_1_60' title='bbox 581 1421 826 1506; x_wconf 87' lang='lat' dir='ltr'>diphthongum</span> <span class='ocrx_word' id='word_1_61' title='bbox 853 1430 888 1485; x_wconf 93' lang='lat' dir='ltr'>et</span> <span class='ocrx_word' id='word_1_62' title='bbox 911 1441 970 1503; x_wconf 90' lang='lat' dir='ltr'>per</span> <span class='ocrx_word' id='word_1_63' title='bbox 992 1421 1237 1502; x_wconf 86' lang='lat' dir='ltr'>aspirationem.</span> <span class='ocrx_word' id='word_1_64' title='bbox 1284 1420 1329 1483; x_wconf 90' lang='lat' dir='ltr'>Et</span> <span class='ocrx_word' id='word_1_65' title='bbox 1351 1421 1398 1482; x_wconf 90' lang='lat' dir='ltr'>sic</span> 
     </span>
     <span class='ocr_line' id='line_1_9' title="bbox 248 1523 1399 1606; baseline -0.001 -19"><span class='ocrx_word' id='word_1_66' title='bbox 248 1526 419 1589; x_wconf 93' lang='lat' dir='ltr'>contentio</span> <span class='ocrx_word' id='word_1_67' title='bbox 442 1536 492 1589; x_wconf 88' lang='lat' dir='ltr'>est</span> <span class='ocrx_word' id='word_1_68' title='bbox 514 1526 599 1590; x_wconf 91' lang='lat' dir='ltr'>inter</span> <span class='ocrx_word' id='word_1_69' title='bbox 622 1528 774 1590; x_wconf 91' lang='lat' dir='ltr'>doctores</span> <span class='ocrx_word' id='word_1_70' title='bbox 796 1526 839 1589; x_wconf 91' lang='lat' dir='ltr'>de</span> <span class='ocrx_word' id='word_1_71' title='bbox 860 1527 1002 1590; x_wconf 82' lang='lat' dir='ltr'>cinomia</span> <span class='ocrx_word' id='word_1_72' title='bbox 1023 1526 1120 1590; x_wconf 90' lang='lat' dir='ltr'>etde</span> <span class='ocrx_word' id='word_1_73' title='bbox 1143 1523 1281 1589; x_wconf 88' lang='lat' dir='ltr'>caeteris</span> <span class='ocrx_word' id='word_1_74' title='bbox 1304 1544 1399 1606; x_wconf 91' lang='lat' dir='ltr'>prae-</span> 
     </span>
     <span class='ocr_line' id='line_1_10' title="bbox 250 1628 1399 1712; baseline -0.002 -21"><span class='ocrx_word' id='word_1_75' title='bbox 250 1628 354 1692; x_wconf 89' lang='lat' dir='ltr'>dictis.</span> <span class='ocrx_word' id='word_1_76' title='bbox 402 1629 502 1694; x_wconf 86' lang='lat' dir='ltr'>Unde</span> <span class='ocrx_word' id='word_1_77' title='bbox 521 1630 564 1693; x_wconf 91' lang='lat' dir='ltr'>de</span> <span class='ocrx_word' id='word_1_78' title='bbox 583 1631 689 1694; x_wconf 82' lang='lat' dir='ltr'>xeniis</span> <span class='ocrx_word' id='word_1_79' title='bbox 706 1631 811 1694; x_wconf 92' lang='lat' dir='ltr'>credit</span> <span class='ocrx_word' id='word_1_80' title='bbox 833 1628 951 1712; x_wconf 89' lang='lat' dir='ltr'>vulgus</span> <span class='ocrx_word' id='word_1_81' title='bbox 971 1630 1061 1711; x_wconf 91' lang='lat' dir='ltr'>quod</span> <span class='ocrx_word' id='word_1_82' title='bbox 1079 1628 1156 1691; x_wconf 93' lang='lat' dir='ltr'>nihil</span> <span class='ocrx_word' id='word_1_83' title='bbox 1177 1629 1228 1703; x_wconf 90' lang='lat' dir='ltr'>sit,</span> <span class='ocrx_word' id='word_1_84' title='bbox 1245 1638 1277 1691; x_wconf 90' lang='lat' dir='ltr'>et</span> <span class='ocrx_word' id='word_1_85' title='bbox 1299 1628 1399 1691; x_wconf 89' lang='lat' dir='ltr'>corri-</span> 
     </span>
     <span class='ocr_line' id='line_1_11' title="bbox 249 1732 1400 1815; baseline -0.001 -19"><span class='ocrx_word' id='word_1_86' title='bbox 249 1741 333 1815; x_wconf 87' lang='lat' dir='ltr'>gunt</span> <span class='ocrx_word' id='word_1_87' title='bbox 353 1733 385 1795; x_wconf 94' lang='lat' dir='ltr'>in</span> <span class='ocrx_word' id='word_1_88' title='bbox 402 1743 498 1797; x_wconf 89' lang='lat' dir='ltr'>textu</span> <span class='ocrx_word' id='word_1_89' title='bbox 516 1734 638 1799; x_wconf 93' lang='lat' dir='ltr'>Latino</span> <span class='ocrx_word' id='word_1_90' title='bbox 652 1735 799 1799; x_wconf 75' lang='lat' dir='ltr'>dicentes</span> <span class='ocrx_word' id='word_1_91' title='bbox 813 1736 943 1800; x_wconf 87' lang='lat' dir='ltr'>exenia.</span> <span class='ocrx_word' id='word_1_92' title='bbox 990 1733 1056 1797; x_wconf 85' lang='lat' dir='ltr'>Sed</span> <span class='ocrx_word' id='word_1_93' title='bbox 1074 1734 1106 1795; x_wconf 93' lang='lat' dir='ltr'>in</span> <span class='ocrx_word' id='word_1_94' title='bbox 1124 1732 1240 1797; x_wconf 91' lang='lat' dir='ltr'>Bibliis</span> <span class='ocrx_word' id='word_1_95' title='bbox 1256 1732 1400 1813; x_wconf 91' lang='lat' dir='ltr'>antiquis</span> 
     </span>
     <span class='ocr_line' id='line_1_12' title="bbox 252 1837 1398 1920; baseline 0.001 -21"><span class='ocrx_word' id='word_1_96' title='bbox 252 1857 317 1900; x_wconf 91' lang='lat' dir='ltr'>non</span> <span class='ocrx_word' id='word_1_97' title='bbox 343 1846 394 1901; x_wconf 92' lang='lat' dir='ltr'>est</span> <span class='ocrx_word' id='word_1_98' title='bbox 419 1838 476 1911; x_wconf 92' lang='lat' dir='ltr'>sic,</span> <span class='ocrx_word' id='word_1_99' title='bbox 502 1858 563 1902; x_wconf 90' lang='lat' dir='ltr'>nec</span> <span class='ocrx_word' id='word_1_100' title='bbox 591 1839 623 1901; x_wconf 94' lang='lat' dir='ltr'>in</span> <span class='ocrx_word' id='word_1_101' title='bbox 651 1838 802 1918; x_wconf 87' lang='lat' dir='ltr'>Graeco;</span> <span class='ocrx_word' id='word_1_102' title='bbox 836 1859 897 1902; x_wconf 92' lang='lat' dir='ltr'>nec</span> <span class='ocrx_word' id='word_1_103' title='bbox 923 1848 1033 1920; x_wconf 91' lang='lat' dir='ltr'>potest</span> <span class='ocrx_word' id='word_1_104' title='bbox 1060 1837 1106 1899; x_wconf 93' lang='lat' dir='ltr'>sic</span> <span class='ocrx_word' id='word_1_105' title='bbox 1130 1837 1194 1901; x_wconf 95' lang='lat' dir='ltr'>dici</span> <span class='ocrx_word' id='word_1_106' title='bbox 1217 1838 1398 1901; x_wconf 90' lang='lat' dir='ltr'>secundum</span> 
     </span>
     <span class='ocr_line' id='line_1_13' title="bbox 252 1940 1398 2025; baseline 0.001 -21"><span class='ocrx_word' id='word_1_107' title='bbox 252 1940 411 2005; x_wconf 86' lang='lat' dir='ltr'>Graecam</span> <span class='ocrx_word' id='word_1_108' title='bbox 441 1942 691 2024; x_wconf 87' lang='lat' dir='ltr'>grammaticam</span> <span class='ocrx_word' id='word_1_109' title='bbox 718 1943 796 2023; x_wconf 91' lang='lat' dir='ltr'>quia</span> <span class='ocrx_word' id='word_1_110' title='bbox 821 1952 991 2023; x_wconf 89' lang='lat' dir='ltr'>oporteret</span> <span class='ocrx_word' id='word_1_111' title='bbox 1016 1941 1107 2023; x_wconf 92' lang='lat' dir='ltr'>quod</span> <span class='ocrx_word' id='word_1_112' title='bbox 1134 1962 1176 2005; x_wconf 76' lang='lat' dir='ltr'>ex</span> <span class='ocrx_word' id='word_1_113' title='bbox 1197 1941 1398 2025; x_wconf 89' lang='lat' dir='ltr'>praepositio</span> 
     </span>
     <span class='ocr_line' id='line_1_14' title="bbox 252 2044 1399 2130; baseline -0.001 -22"><span class='ocrx_word' id='word_1_114' title='bbox 252 2044 379 2109; x_wconf 88' lang='lat' dir='ltr'>Graeca</span> <span class='ocrx_word' id='word_1_115' title='bbox 396 2058 575 2128; x_wconf 87' lang='lat' dir='ltr'>poneretur</span> <span class='ocrx_word' id='word_1_116' title='bbox 594 2047 701 2128; x_wconf 91' lang='lat' dir='ltr'>primo</span> <span class='ocrx_word' id='word_1_117' title='bbox 720 2048 809 2130; x_wconf 92' lang='lat' dir='ltr'>quod</span> <span class='ocrx_word' id='word_1_118' title='bbox 830 2068 896 2111; x_wconf 93' lang='lat' dir='ltr'>non</span> <span class='ocrx_word' id='word_1_119' title='bbox 914 2056 964 2110; x_wconf 88' lang='lat' dir='ltr'>est</span> <span class='ocrx_word' id='word_1_120' title='bbox 979 2045 1144 2129; x_wconf 87' lang='lat' dir='ltr'>possibile,</span> <span class='ocrx_word' id='word_1_121' title='bbox 1159 2046 1238 2127; x_wconf 89' lang='lat' dir='ltr'>quia</span> <span class='ocrx_word' id='word_1_122' title='bbox 1255 2045 1399 2109; x_wconf 90' lang='lat' dir='ltr'>vocabu-</span> 
     </span>
     <span class='ocr_line' id='line_1_15' title="bbox 250 2149 1398 2232; baseline 0.001 -20"><span class='ocrx_word' id='word_1_123' title='bbox 250 2149 319 2212; x_wconf 93' lang='lat' dir='ltr'>lum</span> <span class='ocrx_word' id='word_1_124' title='bbox 343 2150 459 2232; x_wconf 92' lang='lat' dir='ltr'>incipit</span> <span class='ocrx_word' id='word_1_125' title='bbox 484 2170 543 2231; x_wconf 88' lang='lat' dir='ltr'>per</span> <span class='ocrx_word' id='word_1_126' title='bbox 569 2162 806 2214; x_wconf 89' lang='lat' dir='ltr'>consonantem</span> <span class='ocrx_word' id='word_1_127' title='bbox 833 2151 919 2215; x_wconf 92' lang='lat' dir='ltr'>sicut</span> <span class='ocrx_word' id='word_1_128' title='bbox 945 2158 1037 2232; x_wconf 91' lang='lat' dir='ltr'>patet</span> <span class='ocrx_word' id='word_1_129' title='bbox 1064 2169 1123 2232; x_wconf 91' lang='lat' dir='ltr'>per</span> <span class='ocrx_word' id='word_1_130' title='bbox 1149 2151 1398 2232; x_wconf 87' lang='lat' dir='ltr'>grammaticam</span> 
     </span>
     <span class='ocr_line' id='line_1_16' title="bbox 253 2252 1400 2336; baseline -0.001 -20"><span class='ocrx_word' id='word_1_131' title='bbox 253 2252 425 2317; x_wconf 89' lang='lat' dir='ltr'>Graecam.</span> <span class='ocrx_word' id='word_1_132' title='bbox 471 2253 533 2318; x_wconf 90' lang='lat' dir='ltr'>Per</span> <span class='ocrx_word' id='word_1_133' title='bbox 555 2255 641 2319; x_wconf 92' lang='lat' dir='ltr'>hunc</span> <span class='ocrx_word' id='word_1_134' title='bbox 667 2256 804 2319; x_wconf 93' lang='lat' dir='ltr'>modum</span> <span class='ocrx_word' id='word_1_135' title='bbox 830 2254 952 2318; x_wconf 90' lang='lat' dir='ltr'>accidit</span> <span class='ocrx_word' id='word_1_136' title='bbox 978 2274 1067 2319; x_wconf 89' lang='lat' dir='ltr'>error</span> <span class='ocrx_word' id='word_1_137' title='bbox 1092 2253 1184 2336; x_wconf 89' lang='lat' dir='ltr'>quasi</span> <span class='ocrx_word' id='word_1_138' title='bbox 1209 2254 1242 2318; x_wconf 93' lang='lat' dir='ltr'>in</span> <span class='ocrx_word' id='word_1_139' title='bbox 1264 2253 1400 2317; x_wconf 87' lang='lat' dir='ltr'>infinitis</span> 
     </span>
     <span class='ocr_line' id='line_1_17' title="bbox 249 2358 428 2422; baseline -0.006 -1"><span class='ocrx_word' id='word_1_140' title='bbox 249 2358 428 2422; x_wconf 89' lang='lat' dir='ltr'>vocabulis.</span> 
     </span>
    </p>

    <p class='ocr_par' dir='ltr' id='par_1_3' title="bbox 251 2462 1566 2651">
     <span class='ocr_line' id='line_1_18' title="bbox 294 2462 1566 2549; baseline 0.002 -24"><span class='ocrx_word' id='word_1_141' title='bbox 294 2462 427 2527; x_wconf 90' lang='lat' dir='ltr'>Tertius</span> <span class='ocrx_word' id='word_1_142' title='bbox 446 2465 566 2529; x_wconf 91' lang='lat' dir='ltr'>modus</span> <span class='ocrx_word' id='word_1_143' title='bbox 586 2473 646 2542; x_wconf 94' lang='lat' dir='ltr'>est,</span> <span class='ocrx_word' id='word_1_144' title='bbox 660 2466 750 2549; x_wconf 91' lang='lat' dir='ltr'>quod</span> <span class='ocrx_word' id='word_1_145' title='bbox 767 2462 843 2528; x_wconf 90' lang='lat' dir='ltr'>licet</span> <span class='ocrx_word' id='word_1_146' title='bbox 861 2462 972 2527; x_wconf 89' lang='lat' dir='ltr'>Latini</span> <span class='ocrx_word' id='word_1_147' title='bbox 992 2463 1135 2526; x_wconf 91' lang='lat' dir='ltr'>multum</span> <span class='ocrx_word' id='word_1_148' title='bbox 1153 2462 1401 2527; x_wconf 88' lang='lat' dir='ltr'>communicant</span> <span class='ocrx_word' id='word_1_149' title='bbox 1414 2477 1566 2527; x_wconf 77' lang='lat' dir='ltr'>Differences</span> 
     </span>
     <span class='ocr_line' id='line_1_19' title="bbox 251 2544 1543 2651; baseline -0.001 -21"><span class='ocrx_word' id='word_1_150' title='bbox 251 2586 325 2630; x_wconf 92' lang='lat' dir='ltr'>cum</span> <span class='ocrx_word' id='word_1_151' title='bbox 351 2567 494 2645; x_wconf 88' lang='lat' dir='ltr'>Graecis,</span> <span class='ocrx_word' id='word_1_152' title='bbox 517 2577 627 2633; x_wconf 92' lang='lat' dir='ltr'>tamen</span> <span class='ocrx_word' id='word_1_153' title='bbox 651 2571 684 2631; x_wconf 92' lang='lat' dir='ltr'>in</span> <span class='ocrx_word' id='word_1_154' title='bbox 705 2568 869 2651; x_wconf 87' lang='lat' dir='ltr'>aliquibus</span> <span class='ocrx_word' id='word_1_155' title='bbox 892 2566 1055 2644; x_wconf 87' lang='lat' dir='ltr'>differant,</span> <span class='ocrx_word' id='word_1_156' title='bbox 1077 2567 1168 2651; x_wconf 93' lang='lat' dir='ltr'>quod</span> <span class='ocrx_word' id='word_1_157' title='bbox 1195 2586 1262 2631; x_wconf 93' lang='lat' dir='ltr'>non</span> <span class='ocrx_word' id='word_1_158' title='bbox 1289 2566 1401 2630; x_wconf 86' lang='lat' dir='ltr'>obser·</span> <span class='ocrx_word' id='word_1_159' title='bbox 1415 2544 1543 2607; x_wconf 61' lang='lat' dir='ltr'>⁰¹⁸⁰¹¹d⁸¹</span> 
     </span>
    </p>
   </div>
   <div class='ocr_carea' id='block_1_3' title="bbox 250 2608 1549 2757">
    <p class='ocr_par' dir='ltr' id='par_1_4' title="bbox 250 2608 1549 2757">
     <span class='ocr_line' id='line_1_20' title="bbox 250 2608 1549 2757; baseline -0.002 -22"><span class='ocrx_word' id='word_1_160' title='bbox 250 2680 347 2736; x_wconf 88' lang='lat' dir='ltr'>vatur</span> <span class='ocrx_word' id='word_1_161' title='bbox 360 2683 397 2737; x_wconf 93' lang='lat' dir='ltr'>ut</span> <span class='ocrx_word' id='word_1_162' title='bbox 413 2682 555 2757; x_wconf 88' lang='lat' dir='ltr'>oportet.</span> <span class='ocrx_word' id='word_1_163' title='bbox 602 2674 691 2738; x_wconf 90' lang='lat' dir='ltr'>Nam</span> <span class='ocrx_word' id='word_1_164' title='bbox 707 2694 784 2738; x_wconf 92' lang='lat' dir='ltr'>cum</span> <span class='ocrx_word' id='word_1_165' title='bbox 800 2675 889 2738; x_wconf 90' lang='lat' dir='ltr'>dicat</span> <span class='ocrx_word' id='word_1_166' title='bbox 906 2672 1091 2738; x_wconf 83' lang='lat' dir='ltr'>Priscianus</span> <span class='ocrx_word' id='word_1_167' title='bbox 1106 2679 1140 2736; x_wconf 88' lang='lat' dir='ltr'>et</span> <span class='ocrx_word' id='word_1_168' title='bbox 1159 2692 1274 2736; x_wconf 92' lang='lat' dir='ltr'>omnes</span> <span class='ocrx_word' id='word_1_169' title='bbox 1290 2670 1400 2735; x_wconf 91' lang='lat' dir='ltr'>Latini</span> <span class='ocrx_word' id='word_1_170' title='bbox 1414 2608 1549 2725; x_wconf 51' lang='lat' dir='ltr'>ffiffir</span> 
     </span>
    </p>
   </div>
   <div class='ocr_carea' id='block_1_4' title="bbox 251 2741 1557 4529">
    <p class='ocr_par' dir='ltr' id='par_1_5' title="bbox 251 2741 1557 4529">
     <span class='ocr_line' id='line_1_21' title="bbox 251 2741 1557 2862; baseline 0.001 -25"><span class='ocrx_word' id='word_1_171' title='bbox 251 2778 370 2854; x_wconf 89' lang='lat' dir='ltr'>sciunt,</span> <span class='ocrx_word' id='word_1_172' title='bbox 382 2778 472 2858; x_wconf 91' lang='lat' dir='ltr'>quod</span> <span class='ocrx_word' id='word_1_173' title='bbox 489 2797 611 2842; x_wconf 91' lang='lat' dir='ltr'>nomen</span> <span class='ocrx_word' id='word_1_174' title='bbox 623 2779 749 2843; x_wconf 91' lang='lat' dir='ltr'>arboris</span> <span class='ocrx_word' id='word_1_175' title='bbox 765 2780 853 2862; x_wconf 89' lang='lat' dir='ltr'>apud</span> <span class='ocrx_word' id='word_1_176' title='bbox 868 2779 1005 2843; x_wconf 88' lang='lat' dir='ltr'>Latinos</span> <span class='ocrx_word' id='word_1_177' title='bbox 1020 2786 1070 2841; x_wconf 92' lang='lat' dir='ltr'>est</span> <span class='ocrx_word' id='word_1_178' title='bbox 1086 2775 1253 2841; x_wconf 84' lang='lat' dir='ltr'>foeminini</span> <span class='ocrx_word' id='word_1_179' title='bbox 1273 2775 1401 2859; x_wconf 89' lang='lat' dir='ltr'>generis</span> <span class='ocrx_word' id='word_1_180' title='bbox 1414 2741 1557 2858; x_wconf 46' lang='grc' dir='ltr'>3ξὲξὼ</span> 
     </span>
     <span class='ocr_line' id='line_1_22' title="bbox 252 2882 1403 2960; baseline 0.001 -19"><span class='ocrx_word' id='word_1_181' title='bbox 252 2890 285 2944; x_wconf 90' lang='lat' dir='ltr'>et</span> <span class='ocrx_word' id='word_1_182' title='bbox 297 2883 489 2944; x_wconf 88' lang='lat' dir='ltr'>terminatur</span> <span class='ocrx_word' id='word_1_183' title='bbox 504 2882 537 2943; x_wconf 94' lang='lat' dir='ltr'>in</span> <span class='ocrx_word' id='word_1_184' title='bbox 549 2902 596 2960; x_wconf 93' lang='lat' dir='ltr'>us,</span> <span class='ocrx_word' id='word_1_185' title='bbox 609 2892 643 2946; x_wconf 92' lang='lat' dir='ltr'>et</span> <span class='ocrx_word' id='word_1_186' title='bbox 659 2904 780 2947; x_wconf 90' lang='lat' dir='ltr'>nomen</span> <span class='ocrx_word' id='word_1_187' title='bbox 796 2882 921 2947; x_wconf 81' lang='lat' dir='ltr'>fructus</span> <span class='ocrx_word' id='word_1_188' title='bbox 933 2893 983 2948; x_wconf 89' lang='lat' dir='ltr'>est</span> <span class='ocrx_word' id='word_1_189' title='bbox 995 2883 1151 2958; x_wconf 91' lang='lat' dir='ltr'>neutrius,</span> <span class='ocrx_word' id='word_1_190' title='bbox 1163 2892 1196 2946; x_wconf 89' lang='lat' dir='ltr'>et</span> <span class='ocrx_word' id='word_1_191' title='bbox 1208 2882 1403 2945; x_wconf 89' lang='lat' dir='ltr'>terminatur</span> 
     </span>
     <span class='ocr_line' id='line_1_23' title="bbox 251 2985 1403 3069; baseline 0 -22"><span class='ocrx_word' id='word_1_192' title='bbox 251 2986 284 3047; x_wconf 91' lang='lat' dir='ltr'>in</span> <span class='ocrx_word' id='word_1_193' title='bbox 301 3006 356 3048; x_wconf 93' lang='lat' dir='ltr'>um</span> <span class='ocrx_word' id='word_1_194' title='bbox 369 3009 378 3060; x_wconf 84' lang='lat'><em>3</em></span> <span class='ocrx_word' id='word_1_195' title='bbox 401 2995 438 3048; x_wconf 95' lang='lat' dir='ltr'>ut</span> <span class='ocrx_word' id='word_1_196' title='bbox 446 2995 573 3066; x_wconf 81' lang='lat' dir='ltr'>pomus,</span> <span class='ocrx_word' id='word_1_197' title='bbox 583 2996 714 3068; x_wconf 79' lang='lat' dir='ltr'>pomum</span> <span class='ocrx_word' id='word_1_198' title='bbox 728 3012 737 3064; x_wconf 88' lang='lat'>;</span> <span class='ocrx_word' id='word_1_199' title='bbox 753 2997 866 3069; x_wconf 77' lang='lat' dir='ltr'>pyrus,</span> <span class='ocrx_word' id='word_1_200' title='bbox 875 2997 1016 3069; x_wconf 81' lang='lat' dir='ltr'>pyrum3</span> <span class='ocrx_word' id='word_1_201' title='bbox 1039 2997 1073 3050; x_wconf 91' lang='lat' dir='ltr'>et</span> <span class='ocrx_word' id='word_1_202' title='bbox 1089 2987 1135 3050; x_wconf 92' lang='lat' dir='ltr'>sic</span> <span class='ocrx_word' id='word_1_203' title='bbox 1151 2987 1193 3049; x_wconf 92' lang='lat' dir='ltr'>de</span> <span class='ocrx_word' id='word_1_204' title='bbox 1207 2985 1289 3058; x_wconf 79' lang='lat' dir='ltr'>aliie,</span> <span class='ocrx_word' id='word_1_205' title='bbox 1305 2985 1403 3048; x_wconf 90' lang='lat' dir='ltr'>aesti-</span> 
     </span>
     <span class='ocr_line' id='line_1_24' title="bbox 253 3089 1404 3174; baseline 0 -24"><span class='ocrx_word' id='word_1_206' title='bbox 253 3099 362 3153; x_wconf 93' lang='lat' dir='ltr'>matur</span> <span class='ocrx_word' id='word_1_207' title='bbox 376 3090 467 3172; x_wconf 93' lang='lat' dir='ltr'>quod</span> <span class='ocrx_word' id='word_1_208' title='bbox 481 3090 545 3155; x_wconf 92' lang='lat' dir='ltr'>hoc</span> <span class='ocrx_word' id='word_1_209' title='bbox 559 3092 604 3154; x_wconf 91' lang='lat' dir='ltr'>sit</span> <span class='ocrx_word' id='word_1_210' title='bbox 624 3091 877 3174; x_wconf 87' lang='lat' dir='ltr'>intelligendum</span> <span class='ocrx_word' id='word_1_211' title='bbox 893 3090 936 3153; x_wconf 91' lang='lat' dir='ltr'>de</span> <span class='ocrx_word' id='word_1_212' title='bbox 951 3091 1105 3154; x_wconf 90' lang='lat' dir='ltr'>omnibus</span> <span class='ocrx_word' id='word_1_213' title='bbox 1119 3089 1300 3162; x_wconf 72' lang='lat' dir='ltr'>vocabulis</span> <span class='ocrx_word' id='word_1_214' title='bbox 1317 3107 1404 3170; x_wconf 91' lang='lat' dir='ltr'>quae</span> 
     </span>
     <span class='ocr_line' id='line_1_25' title="bbox 252 3191 1402 3275; baseline -0.003 -20"><span class='ocrx_word' id='word_1_215' title='bbox 252 3204 329 3257; x_wconf 92' lang='lat' dir='ltr'>sunt</span> <span class='ocrx_word' id='word_1_216' title='bbox 353 3193 385 3256; x_wconf 94' lang='lat' dir='ltr'>in</span> <span class='ocrx_word' id='word_1_217' title='bbox 409 3215 470 3258; x_wconf 92' lang='lat' dir='ltr'>usu</span> <span class='ocrx_word' id='word_1_218' title='bbox 498 3193 702 3274; x_wconf 81' lang='lat' dir='ltr'>Latinorum,</span> <span class='ocrx_word' id='word_1_219' title='bbox 725 3204 763 3258; x_wconf 95' lang='lat' dir='ltr'>ut</span> <span class='ocrx_word' id='word_1_220' title='bbox 784 3195 827 3259; x_wconf 91' lang='lat' dir='ltr'>de</span> <span class='ocrx_word' id='word_1_221' title='bbox 847 3193 932 3258; x_wconf 88' lang='lat' dir='ltr'>malo</span> <span class='ocrx_word' id='word_1_222' title='bbox 953 3205 987 3257; x_wconf 92' lang='lat' dir='ltr'>et</span> <span class='ocrx_word' id='word_1_223' title='bbox 1009 3195 1052 3257; x_wconf 88' lang='lat' dir='ltr'>de</span> <span class='ocrx_word' id='word_1_224' title='bbox 1070 3191 1241 3275; x_wconf 81' lang='lat' dir='ltr'>amygdalo</span> <span class='ocrx_word' id='word_1_225' title='bbox 1263 3202 1297 3256; x_wconf 91' lang='lat' dir='ltr'>et</span> <span class='ocrx_word' id='word_1_226' title='bbox 1319 3192 1402 3256; x_wconf 90' lang='lat' dir='ltr'>aliis.</span> 
     </span>
     <span class='ocr_line' id='line_1_26' title="bbox 255 3296 1403 3382; baseline -0.002 -22"><span class='ocrx_word' id='word_1_227' title='bbox 255 3297 342 3361; x_wconf 91' lang='lat' dir='ltr'>Nam</span> <span class='ocrx_word' id='word_1_228' title='bbox 371 3298 486 3382; x_wconf 86' lang='lat' dir='ltr'>regula</span> <span class='ocrx_word' id='word_1_229' title='bbox 512 3298 708 3362; x_wconf 93' lang='lat' dir='ltr'>Latinorum</span> <span class='ocrx_word' id='word_1_230' title='bbox 735 3308 786 3362; x_wconf 91' lang='lat' dir='ltr'>est</span> <span class='ocrx_word' id='word_1_231' title='bbox 815 3297 923 3362; x_wconf 91' lang='lat' dir='ltr'>solum</span> <span class='ocrx_word' id='word_1_232' title='bbox 955 3297 1170 3380; x_wconf 86' lang='lat' dir='ltr'>intelligenda</span> <span class='ocrx_word' id='word_1_233' title='bbox 1200 3299 1243 3361; x_wconf 90' lang='lat' dir='ltr'>de</span> <span class='ocrx_word' id='word_1_234' title='bbox 1274 3296 1403 3360; x_wconf 88' lang='lat' dir='ltr'>Latinis</span> 
     </span>
     <span class='ocr_line' id='line_1_27' title="bbox 253 3400 1403 3490; baseline -0.003 -25"><span class='ocrx_word' id='word_1_235' title='bbox 253 3401 462 3476; x_wconf 90' lang='lat' dir='ltr'>dictionibus,</span> <span class='ocrx_word' id='word_1_236' title='bbox 479 3422 545 3490; x_wconf 86' lang='lat' dir='ltr'>non</span> <span class='ocrx_word' id='word_1_237' title='bbox 567 3402 609 3466; x_wconf 90' lang='lat' dir='ltr'>de</span> <span class='ocrx_word' id='word_1_238' title='bbox 628 3402 760 3466; x_wconf 90' lang='lat' dir='ltr'>Graecis</span> <span class='ocrx_word' id='word_1_239' title='bbox 775 3422 834 3465; x_wconf 91' lang='lat' dir='ltr'>nec</span> <span class='ocrx_word' id='word_1_240' title='bbox 852 3401 935 3464; x_wconf 82' lang='lat' dir='ltr'>aliis.</span> <span class='ocrx_word' id='word_1_241' title='bbox 983 3401 1028 3464; x_wconf 90' lang='lat' dir='ltr'>Et</span> <span class='ocrx_word' id='word_1_242' title='bbox 1043 3401 1132 3483; x_wconf 91' lang='lat' dir='ltr'>quod</span> <span class='ocrx_word' id='word_1_243' title='bbox 1148 3400 1212 3464; x_wconf 91' lang='lat' dir='ltr'>hoc</span> <span class='ocrx_word' id='word_1_244' title='bbox 1228 3402 1272 3464; x_wconf 88' lang='lat' dir='ltr'>sit</span> <span class='ocrx_word' id='word_1_245' title='bbox 1287 3419 1403 3463; x_wconf 91' lang='lat' dir='ltr'>verum</span> 
     </span>
     <span class='ocr_line' id='line_1_28' title="bbox 253 3504 1402 3589; baseline -0.003 -19"><span class='ocrx_word' id='word_1_246' title='bbox 253 3515 346 3589; x_wconf 89' lang='lat' dir='ltr'>patet</span> <span class='ocrx_word' id='word_1_247' title='bbox 373 3505 479 3587; x_wconf 89' lang='lat' dir='ltr'>primo</span> <span class='ocrx_word' id='word_1_248' title='bbox 506 3507 596 3588; x_wconf 91' lang='lat' dir='ltr'>quod</span> <span class='ocrx_word' id='word_1_249' title='bbox 625 3505 765 3569; x_wconf 89' lang='lat' dir='ltr'>Latinus</span> <span class='ocrx_word' id='word_1_250' title='bbox 792 3507 851 3568; x_wconf 88' lang='lat' dir='ltr'>dat</span> <span class='ocrx_word' id='word_1_251' title='bbox 878 3504 1009 3587; x_wconf 88' lang='lat' dir='ltr'>regulas</span> <span class='ocrx_word' id='word_1_252' title='bbox 1039 3505 1081 3568; x_wconf 93' lang='lat' dir='ltr'>de</span> <span class='ocrx_word' id='word_1_253' title='bbox 1109 3504 1247 3582; x_wconf 88' lang='lat' dir='ltr'>Latinis,</span> <span class='ocrx_word' id='word_1_254' title='bbox 1274 3514 1308 3568; x_wconf 92' lang='lat' dir='ltr'>et</span> <span class='ocrx_word' id='word_1_255' title='bbox 1335 3524 1402 3567; x_wconf 93' lang='lat' dir='ltr'>non</span> 
     </span>
     <span class='ocr_line' id='line_1_29' title="bbox 252 3607 1404 3691; baseline 0.002 -19"><span class='ocrx_word' id='word_1_256' title='bbox 252 3610 395 3691; x_wconf 88' lang='lat' dir='ltr'>pertinet</span> <span class='ocrx_word' id='word_1_257' title='bbox 412 3611 456 3674; x_wconf 91' lang='lat' dir='ltr'>ad</span> <span class='ocrx_word' id='word_1_258' title='bbox 477 3630 553 3673; x_wconf 93' lang='lat' dir='ltr'>eum</span> <span class='ocrx_word' id='word_1_259' title='bbox 574 3610 727 3674; x_wconf 90' lang='lat' dir='ltr'>ordinare</span> <span class='ocrx_word' id='word_1_260' title='bbox 746 3610 874 3691; x_wconf 89' lang='lat' dir='ltr'>regulas</span> <span class='ocrx_word' id='word_1_261' title='bbox 896 3611 939 3673; x_wconf 89' lang='lat' dir='ltr'>de</span> <span class='ocrx_word' id='word_1_262' title='bbox 959 3608 1079 3691; x_wconf 84' lang='lat' dir='ltr'>linguis</span> <span class='ocrx_word' id='word_1_263' title='bbox 1099 3607 1224 3672; x_wconf 91' lang='lat' dir='ltr'>alienis.</span> <span class='ocrx_word' id='word_1_264' title='bbox 1271 3608 1404 3674; x_wconf 88' lang='lat' dir='ltr'>Deinde</span> 
     </span>
     <span class='ocr_line' id='line_1_30' title="bbox 255 3713 1403 3798; baseline 0 -21"><span class='ocrx_word' id='word_1_265' title='bbox 255 3714 438 3779; x_wconf 89' lang='lat' dir='ltr'>Priscianus</span> <span class='ocrx_word' id='word_1_266' title='bbox 459 3714 539 3779; x_wconf 93' lang='lat' dir='ltr'>dicit</span> <span class='ocrx_word' id='word_1_267' title='bbox 562 3715 652 3798; x_wconf 92' lang='lat' dir='ltr'>quod</span> <span class='ocrx_word' id='word_1_268' title='bbox 675 3734 775 3778; x_wconf 89' lang='lat' dir='ltr'>omne</span> <span class='ocrx_word' id='word_1_269' title='bbox 798 3714 963 3778; x_wconf 88' lang='lat' dir='ltr'>Graecum</span> <span class='ocrx_word' id='word_1_270' title='bbox 985 3714 1109 3778; x_wconf 91' lang='lat' dir='ltr'>cadens</span> <span class='ocrx_word' id='word_1_271' title='bbox 1132 3715 1164 3777; x_wconf 94' lang='lat' dir='ltr'>in</span> <span class='ocrx_word' id='word_1_272' title='bbox 1188 3734 1283 3776; x_wconf 92' lang='lat' dir='ltr'>usum</span> <span class='ocrx_word' id='word_1_273' title='bbox 1309 3713 1403 3778; x_wconf 90' lang='lat' dir='ltr'>Lati-</span> 
     </span>
     <span class='ocr_line' id='line_1_31' title="bbox 253 3817 1405 3904; baseline 0.003 -24"><span class='ocrx_word' id='word_1_274' title='bbox 253 3838 370 3882; x_wconf 86' lang='lat' dir='ltr'>norum</span> <span class='ocrx_word' id='word_1_275' title='bbox 398 3821 518 3884; x_wconf 91' lang='lat' dir='ltr'>retinet</span> <span class='ocrx_word' id='word_1_276' title='bbox 543 3840 648 3903; x_wconf 86' lang='lat' dir='ltr'>genus</span> <span class='ocrx_word' id='word_1_277' title='bbox 673 3840 770 3883; x_wconf 91' lang='lat' dir='ltr'>suum</span> <span class='ocrx_word' id='word_1_278' title='bbox 793 3820 883 3904; x_wconf 91' lang='lat' dir='ltr'>quod</span> <span class='ocrx_word' id='word_1_279' title='bbox 908 3819 1024 3884; x_wconf 91' lang='lat' dir='ltr'>habuit</span> <span class='ocrx_word' id='word_1_280' title='bbox 1045 3819 1133 3900; x_wconf 91' lang='lat' dir='ltr'>apud</span> <span class='ocrx_word' id='word_1_281' title='bbox 1158 3817 1311 3882; x_wconf 89' lang='lat' dir='ltr'>Graecos.</span> <span class='ocrx_word' id='word_1_282' title='bbox 1359 3819 1405 3884; x_wconf 90' lang='lat' dir='ltr'>Et</span> 
     </span>
     <span class='ocr_line' id='line_1_32' title="bbox 252 3922 1405 4007; baseline 0.002 -22"><span class='ocrx_word' id='word_1_283' title='bbox 252 3922 328 3986; x_wconf 90' lang='lat' dir='ltr'>ideo</span> <span class='ocrx_word' id='word_1_284' title='bbox 338 3943 414 3986; x_wconf 93' lang='lat' dir='ltr'>cum</span> <span class='ocrx_word' id='word_1_285' title='bbox 427 3923 552 3987; x_wconf 90' lang='lat' dir='ltr'>malum</span> <span class='ocrx_word' id='word_1_286' title='bbox 565 3945 624 4007; x_wconf 91' lang='lat' dir='ltr'>pro</span> <span class='ocrx_word' id='word_1_287' title='bbox 636 3926 754 3988; x_wconf 89' lang='lat' dir='ltr'>arbore</span> <span class='ocrx_word' id='word_1_288' title='bbox 765 3925 808 3988; x_wconf 93' lang='lat' dir='ltr'>sit</span> <span class='ocrx_word' id='word_1_289' title='bbox 821 3924 985 3989; x_wconf 86' lang='lat' dir='ltr'>Graecum</span> <span class='ocrx_word' id='word_1_290' title='bbox 998 3935 1032 3986; x_wconf 88' lang='lat' dir='ltr'>et</span> <span class='ocrx_word' id='word_1_291' title='bbox 1044 3923 1190 3986; x_wconf 89' lang='lat' dir='ltr'>neutrius</span> <span class='ocrx_word' id='word_1_292' title='bbox 1202 3924 1342 4005; x_wconf 87' lang='lat' dir='ltr'>generis,</span> <span class='ocrx_word' id='word_1_293' title='bbox 1353 3936 1405 3987; x_wconf 91' lang='lat' dir='ltr'>est</span> 
     </span>
     <span class='ocr_line' id='line_1_33' title="bbox 252 4028 1405 4113; baseline 0.003 -24"><span class='ocrx_word' id='word_1_294' title='bbox 252 4028 299 4091; x_wconf 90' lang='lat' dir='ltr'>sic</span> <span class='ocrx_word' id='word_1_295' title='bbox 315 4029 405 4110; x_wconf 88' lang='lat' dir='ltr'>apud</span> <span class='ocrx_word' id='word_1_296' title='bbox 424 4048 520 4092; x_wconf 93' lang='lat' dir='ltr'>usum</span> <span class='ocrx_word' id='word_1_297' title='bbox 541 4028 746 4093; x_wconf 87' lang='lat' dir='ltr'>Latinorum.</span> <span class='ocrx_word' id='word_1_298' title='bbox 792 4029 837 4092; x_wconf 89' lang='lat' dir='ltr'>Et</span> <span class='ocrx_word' id='word_1_299' title='bbox 852 4031 928 4094; x_wconf 87' lang='lat' dir='ltr'>ideo</span> <span class='ocrx_word' id='word_1_300' title='bbox 944 4037 1013 4092; x_wconf 88' lang='lat' dir='ltr'>tam</span> <span class='ocrx_word' id='word_1_301' title='bbox 1029 4049 1090 4112; x_wconf 93' lang='lat' dir='ltr'>pro</span> <span class='ocrx_word' id='word_1_302' title='bbox 1104 4028 1211 4091; x_wconf 82' lang='lat' dir='ltr'>fructu</span> <span class='ocrx_word' id='word_1_303' title='bbox 1226 4048 1327 4113; x_wconf 89' lang='lat' dir='ltr'>quam</span> <span class='ocrx_word' id='word_1_304' title='bbox 1345 4049 1405 4112; x_wconf 95' lang='lat' dir='ltr'>pro</span> 
     </span>
     <span class='ocr_line' id='line_1_34' title="bbox 253 4131 1406 4217; baseline 0.004 -23"><span class='ocrx_word' id='word_1_305' title='bbox 253 4131 372 4196; x_wconf 91' lang='lat' dir='ltr'>arbore</span> <span class='ocrx_word' id='word_1_306' title='bbox 390 4142 440 4197; x_wconf 90' lang='lat' dir='ltr'>est</span> <span class='ocrx_word' id='word_1_307' title='bbox 461 4134 609 4215; x_wconf 92' lang='lat' dir='ltr'>ejusdem</span> <span class='ocrx_word' id='word_1_308' title='bbox 627 4134 756 4217; x_wconf 87' lang='lat' dir='ltr'>generis</span> <span class='ocrx_word' id='word_1_309' title='bbox 770 4144 804 4197; x_wconf 89' lang='lat' dir='ltr'>et</span> <span class='ocrx_word' id='word_1_310' title='bbox 819 4133 968 4216; x_wconf 87' lang='lat' dir='ltr'>ejusdem</span> <span class='ocrx_word' id='word_1_311' title='bbox 984 4133 1235 4197; x_wconf 88' lang='lat' dir='ltr'>terminationis.</span> <span class='ocrx_word' id='word_1_312' title='bbox 1282 4133 1325 4198; x_wconf 88' lang='lat' dir='ltr'>Et</span> <span class='ocrx_word' id='word_1_313' title='bbox 1341 4133 1406 4199; x_wconf 91' lang='lat' dir='ltr'>hoc</span> 
     </span>
     <span class='ocr_line' id='line_1_35' title="bbox 253 4237 1406 4322; baseline 0.002 -22"><span class='ocrx_word' id='word_1_314' title='bbox 253 4237 413 4320; x_wconf 90' lang='lat' dir='ltr'>probatur</span> <span class='ocrx_word' id='word_1_315' title='bbox 422 4258 480 4322; x_wconf 91' lang='lat' dir='ltr'>per</span> <span class='ocrx_word' id='word_1_316' title='bbox 489 4237 664 4321; x_wconf 84' lang='lat' dir='ltr'>Virgilium</span> <span class='ocrx_word' id='word_1_317' title='bbox 674 4240 732 4322; x_wconf 92' lang='lat' dir='ltr'>qui</span> <span class='ocrx_word' id='word_1_318' title='bbox 743 4238 824 4302; x_wconf 94' lang='lat' dir='ltr'>dicit</span> <span class='ocrx_word' id='word_1_319' title='bbox 836 4238 869 4301; x_wconf 92' lang='lat' dir='ltr'>in</span> <span class='ocrx_word' id='word_1_320' title='bbox 880 4238 1049 4320; x_wconf 84' lang='lat' dir='ltr'>Georgicis</span> <span class='ocrx_word' id='word_1_321' title='bbox 1060 4237 1148 4302; x_wconf 88' lang='lat' dir='ltr'>mala</span> <span class='ocrx_word' id='word_1_322' title='bbox 1161 4237 1263 4302; x_wconf 84' lang='lat' dir='ltr'>insito</span> <span class='ocrx_word' id='word_1_323' title='bbox 1271 4239 1406 4302; x_wconf 92' lang='lat' dir='ltr'>arbores</span> 
     </span>
     <span class='ocr_line' id='line_1_36' title="bbox 253 4341 1405 4425; baseline 0 -22"><span class='ocrx_word' id='word_1_324' title='bbox 253 4341 553 4424; x_wconf 85' lang='lat' dir='ltr'>quaeinservantur</span> <span class='ocrx_word' id='word_1_325' title='bbox 563 4343 596 4404; x_wconf 93' lang='lat' dir='ltr'>in</span> <span class='ocrx_word' id='word_1_326' title='bbox 613 4341 745 4406; x_wconf 84' lang='lat' dir='ltr'>fructus.</span> <span class='ocrx_word' id='word_1_327' title='bbox 777 4341 823 4405; x_wconf 88' lang='lat' dir='ltr'>Et</span> <span class='ocrx_word' id='word_1_328' title='bbox 833 4363 930 4425; x_wconf 88' lang='lat' dir='ltr'>super</span> <span class='ocrx_word' id='word_1_329' title='bbox 940 4341 1004 4405; x_wconf 91' lang='lat' dir='ltr'>hoc</span> <span class='ocrx_word' id='word_1_330' title='bbox 1018 4341 1150 4406; x_wconf 88' lang='lat' dir='ltr'>Servius</span> <span class='ocrx_word' id='word_1_331' title='bbox 1161 4351 1405 4406; x_wconf 91' lang='lat' dir='ltr'>commentator</span> 
     </span>
     <span class='ocr_line' id='line_1_37' title="bbox 253 4445 1405 4529; baseline -0.003 -20"><span class='ocrx_word' id='word_1_332' title='bbox 253 4448 310 4528; x_wconf 91' lang='lat' dir='ltr'>qui</span> <span class='ocrx_word' id='word_1_333' title='bbox 322 4446 384 4510; x_wconf 83' lang='lat' dir='ltr'>suit</span> <span class='ocrx_word' id='word_1_334' title='bbox 397 4445 503 4528; x_wconf 90' lang='lat' dir='ltr'>major</span> <span class='ocrx_word' id='word_1_335' title='bbox 513 4466 615 4527; x_wconf 91' lang='lat' dir='ltr'>quam</span> <span class='ocrx_word' id='word_1_336' title='bbox 626 4446 818 4521; x_wconf 85' lang='lat' dir='ltr'>Priscianus,</span> <span class='ocrx_word' id='word_1_337' title='bbox 829 4446 921 4529; x_wconf 84' lang='lat' dir='ltr'>cujus</span> <span class='ocrx_word' id='word_1_338' title='bbox 936 4447 1134 4512; x_wconf 89' lang='lat' dir='ltr'>auctoritate</span> <span class='ocrx_word' id='word_1_339' title='bbox 1145 4445 1275 4528; x_wconf 90' lang='lat' dir='ltr'>saepius</span> <span class='ocrx_word' id='word_1_340' title='bbox 1291 4445 1405 4524; x_wconf 90' lang='lat' dir='ltr'>utitur,</span> 
     </span>
    </p>
   </div>
   <div class='ocr_carea' id='block_1_5' title="bbox 254 4549 1405 4633">
    <p class='ocr_par' dir='ltr' id='par_1_6' title="bbox 254 4549 1405 4633">
     <span class='ocr_line' id='line_1_38' title="bbox 254 4549 1405 4633; baseline -0.001 -19"><span class='ocrx_word' id='word_1_341' title='bbox 254 4551 342 4624; x_wconf 90' lang='lat' dir='ltr'>dicit,</span> <span class='ocrx_word' id='word_1_342' title='bbox 367 4551 457 4633; x_wconf 92' lang='lat' dir='ltr'>quod</span> <span class='ocrx_word' id='word_1_343' title='bbox 484 4550 557 4627; x_wconf 94' lang='lat' dir='ltr'>hoc,</span> <span class='ocrx_word' id='word_1_344' title='bbox 583 4572 676 4615; x_wconf 64' lang='lat' dir='ltr'>oraine</span> <span class='ocrx_word' id='word_1_345' title='bbox 707 4573 820 4616; x_wconf 80' lang='lat' dir='ltr'>rromm</span> <span class='ocrx_word' id='word_1_346' title='bbox 849 4551 976 4616; x_wconf 84' lang='lat' dir='ltr'>arboris</span> <span class='ocrx_word' id='word_1_347' title='bbox 1000 4561 1050 4615; x_wconf 80' lang='lat' dir='ltr'>est</span> <span class='ocrx_word' id='word_1_348' title='bbox 1065 4549 1247 4632; x_wconf 81' lang='lat' dir='ltr'>foeminini</span> <span class='ocrx_word' id='word_1_349' title='bbox 1263 4549 1405 4630; x_wconf 79' lang='lat' dir='ltr'>generis,</span> 
     </span>
    </p>
   </div>
   <div class='ocr_carea' id='block_1_6' title="bbox 316 4685 1345 4751">
    <p class='ocr_par' dir='ltr' id='par_1_7' title="bbox 316 4685 1345 4751">
     <span class='ocr_line' id='line_1_39' title="bbox 316 4685 1345 4751; baseline 0.001 -14"><span class='ocrx_word' id='word_1_350' title='bbox 316 4691 323 4718; x_wconf 91' lang='lat'><strong>¹</strong></span> <span class='ocrx_word' id='word_1_351' title='bbox 340 4689 403 4738; x_wconf 88' lang='lat' dir='ltr'>This</span> <span class='ocrx_word' id='word_1_352' title='bbox 414 4696 545 4751; x_wconf 83' lang='lat' dir='ltr'>sentence,</span> <span class='ocrx_word' id='word_1_353' title='bbox 558 4691 610 4739; x_wconf 82' lang='lat' dir='ltr'>and</span> <span class='ocrx_word' id='word_1_354' title='bbox 622 4691 666 4740; x_wconf 89' lang='lat' dir='ltr'>the</span> <span class='ocrx_word' id='word_1_355' title='bbox 678 4690 752 4739; x_wconf 87' lang='lat' dir='ltr'>three</span> <span class='ocrx_word' id='word_1_356' title='bbox 763 4689 904 4751; x_wconf 78' lang='lat' dir='ltr'>following,</span> <span class='ocrx_word' id='word_1_357' title='bbox 916 4690 982 4738; x_wconf 83' lang='lat' dir='ltr'>have</span> <span class='ocrx_word' id='word_1_358' title='bbox 994 4689 1059 4738; x_wconf 88' lang='lat' dir='ltr'>been</span> <span class='ocrx_word' id='word_1_359' title='bbox 1072 4689 1204 4738; x_wconf 87' lang='lat' dir='ltr'>corrected</span> <span class='ocrx_word' id='word_1_360' title='bbox 1217 4687 1281 4736; x_wconf 81' lang='lat' dir='ltr'>from</span> <span class='ocrx_word' id='word_1_361' title='bbox 1293 4685 1345 4747; x_wconf 95' lang='lat' dir='ltr'>Jul.</span> 
     </span>
    </p>
   </div>
   <div class='ocr_carea' id='block_1_7' title="bbox 0 0 1796 5375">
    <p class='ocr_par' dir='ltr' id='par_1_8' title="bbox 0 0 1796 5375">
     <span class='ocr_line' id='line_1_40' title="bbox 0 0 1796 5375; baseline 0 0"><span class='ocrx_word' id='word_1_362' title='bbox 0 0 1796 5375; x_wconf 95' lang='lat' dir='ltr'> </span> 
     </span>
    </p>
   </div>
  </div>
 </body>
</html>
