3575 5375
366 627 405 689 14
596 613 753 672 OPERIS
776 614 967 684 MAJORIS
991 614 1106 673 PARS
1130 614 1279 673 PRIMA.

364 806 425 867 per
436 784 591 850 eflectum
607 787 771 870 probabo.
810 787 901 852 Nam
913 808 1046 871 semper
1057 789 1254 870 posteriores
1266 788 1466 853 addiderunt
1477 788 1521 853 ad

368 910 469 973 opera
499 891 654 972 priorum,
680 902 715 956 et
742 892 848 954 multa
877 904 1102 971 correxerunt,
1125 903 1159 957 et
1183 892 1277 976 plura
1302 902 1522 967 mutaverunt,

367 994 452 1059 sicut
482 997 631 1059 maxime
657 1017 716 1081 per
740 996 957 1063 Aristotelem
985 1007 1086 1078 patet,
1109 998 1166 1080 qui
1196 1016 1311 1062 omnes
1341 998 1522 1062 sententias

367 1100 635 1181 praecedentium
666 1100 830 1165 discussit.
887 1100 934 1164 Et
963 1102 1065 1166 etiam
1091 1101 1266 1166 Avicenna
1296 1110 1330 1165 et
1355 1101 1522 1165 Averroes

327 1260 332 1267 .
368 1204 462 1287 plura
484 1206 527 1269 de
545 1205 643 1269 dictis
661 1204 733 1287 ejus
750 1214 973 1269 correxerunt.
1019 1206 1076 1269 Ad
1100 1204 1182 1271 haec
1205 1206 1457 1288 reprehenditur
1479 1206 1521 1270 de

369 1309 483 1372 mundi
513 1309 719 1384 aeternitate,
748 1330 849 1391 quam
880 1309 980 1373 nimis
1016 1311 1242 1392 inexpressam
1278 1308 1428 1391 reliquit;
1461 1330 1521 1372 nec

368 1414 497 1493 mirum,
506 1434 580 1479 cum
594 1413 735 1497 ipsemet
748 1414 829 1476 dicit
840 1434 876 1477 se
889 1434 956 1477 non
966 1414 1078 1478 omnia
1088 1414 1231 1478 scivisse.
1277 1414 1366 1505 Nam
1379 1414 1521 1496 quadra-

367 1528 476 1581 turam
502 1518 613 1582 circuli
638 1540 674 1582 se
700 1519 871 1602 ignorasse
896 1518 1080 1593 confitetur,
1103 1520 1195 1601 quod
1214 1519 1265 1582 his
1285 1519 1402 1582 diebus
1421 1517 1521 1583 scitur

366 1624 532 1686 veraciter.
578 1622 722 1687 Etcum
746 1622 909 1705 ignoravit
932 1623 1006 1697 hoc,
1027 1624 1133 1687 multo
1155 1623 1262 1706 magis
1286 1622 1420 1704 majora.
1466 1621 1520 1685 Ac

369 1725 551 1803 Avicenna,
574 1728 645 1790 dux
675 1734 710 1790 et
733 1727 886 1809 princeps
915 1727 1148 1810 philosophiae
1172 1736 1250 1809 post
1274 1746 1360 1800 eum,
1383 1734 1419 1788 ut
1441 1725 1520 1788 dicit

367 1841 611 1895 commentator
634 1852 734 1915 super
760 1852 893 1895 causam
918 1832 961 1896 de
989 1832 1077 1897 Iride
1106 1832 1140 1895 in
1163 1830 1249 1896 libro
1271 1830 1520 1914 Metaphysicae

368 1934 569 2021 Aristotelis,
589 1944 624 1999 et
653 1956 756 2018 opera
787 1936 819 1998 in
850 1946 959 1999 totam
982 1935 1229 2019 philosophiam
1252 1934 1296 2000 ab
1319 1955 1360 1999 eo
1382 1935 1520 2015 digesta,

368 2040 453 2102 sicut
482 2039 526 2103 ab
541 2039 732 2117 Aristotele,
747 2039 812 2103 hoc
827 2038 1049 2115 manifestant,
1066 2041 1154 2104 dixit
1176 2060 1212 2105 se
1233 2039 1404 2104 materiam
1425 2038 1521 2101 lridis

368 2144 545 2223 ignorasse,
560 2143 647 2207 sicut
663 2143 860 2226 praecedens
875 2150 1120 2208 commentator
1135 2142 1266 2207 latetur.
1309 2142 1356 2206 Et
1372 2142 1404 2204 in
1422 2142 1521 2206 tertio

367 2246 582 2328 physicorum
597 2268 635 2311 se
656 2247 825 2330 ignorasse
839 2267 943 2310 unum
960 2268 1004 2311 ex
1019 2248 1135 2312 decem
1160 2246 1442 2331 praedicamentis,
1458 2246 1520 2308 viz.

368 2351 672 2432 praedicamentum
686 2349 829 2429 habitus,
844 2351 956 2415 dicere
972 2372 1038 2416 non
1052 2361 1192 2415 veretur.
1239 2351 1285 2415 Et
1304 2349 1521 2432 proculdubio

368 2453 400 2516 in
416 2453 499 2517 libro
514 2454 558 2517 de
573 2453 784 2536 philosophia
798 2455 934 2537 vulgata
954 2474 1078 2520 errores
1094 2464 1127 2518 et
1147 2455 1230 2519 falsa
1249 2454 1469 2530 continentur,
1485 2462 1521 2516 ut

368 2557 402 2619 in
435 2558 610 2622 undecimo
638 2558 890 2642 Metaphysicae
914 2560 1046 2641 ponitur
1069 2580 1158 2623 error
1178 2559 1221 2623 de
1243 2558 1357 2623 mundi
1379 2557 1521 2639 produc-

368 2661 470 2737 tione,
494 2661 527 2725 in
549 2683 617 2745 quo
639 2662 760 2727 dicitur
782 2664 874 2745 quod
899 2664 991 2728 Deus
1018 2674 1153 2748 propter
1174 2663 1334 2729 infinitam
1357 2663 1519 2728 unitatem

369 2785 469 2848 quam
485 2766 596 2844 habet,
608 2776 642 2831 et
651 2787 693 2831 ne
704 2767 839 2850 recipiat
848 2769 1043 2833 varietatem
1060 2769 1322 2852 dispositionum,
1333 2788 1399 2831 non
1409 2777 1520 2850 potest

369 2890 480 2934 creare
498 2871 558 2933 nisi
574 2891 688 2947 unum,
702 2871 834 2948 scilicet,
847 2872 1004 2954 angelum
1025 2875 1180 2956 primurn,
1194 2875 1251 2956 qui
1267 2873 1389 2938 creavit
1403 2891 1520 2935 secun-

368 2975 449 3038 dum
461 2996 537 3039 cum
552 2975 648 3039 coelo
663 2976 782 3057 primo,
793 2986 827 3039 et
839 2977 1003 3041 secundus
1014 2980 1149 3042 tertium
1164 2997 1240 3042 cum
1256 2977 1348 3041 coelo
1363 2977 1521 3050 secundo,

368 3088 402 3142 et
411 3079 508 3142 ultra.
539 3079 670 3142 Etcum
681 3080 715 3141 in
725 3081 901 3144 undecimo
911 3082 1002 3163 ponit
1015 3102 1114 3146 omne
1125 3090 1298 3165 peccatum
1307 3080 1429 3144 habere
1438 3078 1521 3144 fines

367 3204 447 3247 sua:
469 3185 673 3266 purgationis
696 3185 731 3246 in
751 3183 816 3247 alia
835 3185 913 3262 vita,
932 3196 966 3250 et
988 3186 1114 3250 animas
1134 3186 1330 3268 peccatrices
1351 3185 1456 3248 redire
1476 3184 1520 3248 ad

366 3285 516 3371 gloriam,
528 3286 701 3352 manifeste
710 3298 805 3367 errat,
814 3298 849 3354 et
857 3289 905 3353 sic
915 3289 948 3352 in
961 3290 1078 3354 multis.
1111 3289 1157 3354 Et
1167 3288 1342 3365 Averroes,
1353 3289 1520 3352 maximus

366 3401 443 3474 post
458 3414 527 3470 eos,
538 3393 570 3456 in
583 3393 696 3458 multis
707 3393 876 3476 redarguit
887 3393 1116 3469 Avicennam3
1135 3403 1169 3455 et
1181 3393 1228 3456 sic
1240 3393 1405 3474 sapientes
1417 3390 1519 3454 nostri

366 3518 443 3561 eum
459 3498 492 3560 in
509 3497 658 3579 pluribus
677 3498 844 3581 corrigunt
864 3506 898 3562 et
922 3517 987 3560 non
1013 3498 1188 3574 immerito,
1203 3496 1281 3578 quia
1301 3495 1520 3579 proculdubio

367 3602 488 3665 erravit
511 3603 543 3664 in
566 3601 679 3667 multis
699 3601 788 3676 locis,
804 3601 957 3683 quamvis
980 3601 1012 3663 in
1036 3601 1109 3665 aliis
1132 3601 1259 3685 optime
1281 3599 1377 3664 dixit.
1424 3599 1519 3663 Etsi

368 3704 422 3767 isti
456 3704 599 3786 majores
628 3715 826 3780 erraverunt,
856 3706 966 3770 multo
996 3705 1111 3769 lortius
1138 3704 1290 3786 juniores.
1351 3701 1520 3786 Quoniam

368 3817 481 3870 autem
497 3808 529 3870 in
548 3828 673 3872 errores
689 3809 882 3886 inciderunt,
899 3809 1005 3872 multo
1025 3810 1130 3892 magis
1151 3807 1341 3872 deiecerunt
1357 3807 1390 3870 in
1409 3827 1521 3870 neces-

367 3910 471 3984 sariis,
492 3911 659 3994 superflua
686 3922 720 3977 et
746 3912 875 3976 inutilia
898 3911 1114 3991 cumulantes,
1137 3913 1240 3978 dubia
1262 3922 1298 3976 et
1319 3910 1459 3976 obscura
1485 3920 1520 3976 et

367 4014 527 4096 perplexa
543 4024 757 4099 spargentes3
779 4027 814 4080 et
829 4016 911 4080 haec
926 4017 1038 4080 omnia
1059 4017 1092 4079 in
1110 4016 1200 4080 libris
1216 4035 1330 4079 eorum
1347 4011 1521 4077 manifesta

366 4127 453 4194 sunt,
471 4129 506 4182 et
528 4139 588 4200 per
609 4119 764 4183 effectum
788 4119 821 4182 in
842 4121 939 4184 nobis
964 4120 1157 4204 probantur.
1205 4119 1293 4182 Nam
1319 4127 1411 4182 tanta
1438 4116 1520 4180 diffi-

367 4220 492 4286 cultate
513 4222 648 4286 videndi
669 4223 842 4288 veritatem
866 4226 1047 4307 premimur
1069 4233 1103 4289 et
1125 4223 1325 4298 vacillamus,
1340 4222 1430 4304 quod
1453 4220 1521 4284 lere

367 4326 507 4408 quilibet
533 4325 807 4408 philosophorum
829 4329 1027 4393 contradicit
1048 4328 1115 4404 alii,
1135 4328 1182 4392 ita
1206 4327 1295 4408 quod
1318 4327 1376 4389 vix
1400 4325 1433 4388 in
1457 4345 1521 4388 una

367 4430 543 4494 vanissima
561 4430 756 4512 quaestione
770 4430 823 4494 vel
844 4433 877 4494 in
899 4453 965 4496 uno
980 4433 1140 4497 vilissimo
1162 4431 1368 4513 sophismate
1383 4428 1434 4492 vel
1456 4447 1521 4492 una

368 4535 561 4617 operatione
582 4534 773 4617 sapientiae,
791 4534 878 4598 sicut
901 4535 935 4599 in
955 4537 1128 4612 medicina,
1146 4545 1181 4600 et
1204 4532 1375 4616 chirurgia,
1394 4543 1428 4598 et
1448 4531 1521 4596 aliis

367 4639 616 4721 operationibus
630 4638 837 4716 secularium,
852 4659 937 4703 unus
952 4659 1028 4704 cum
1044 4639 1109 4704 alio
1128 4638 1316 4704 concordat.
