3575 5375
421 583 483 664 308
646 585 803 645 OPERIS
827 582 1016 654 MAJORIS
1040 584 1155 642 PARS
1180 583 1365 656 QUARTA.

422 751 456 812 in
481 749 717 814 Hexaemeron
737 758 771 812 et
792 745 934 812 Basilius
949 748 983 812 in
998 745 1060 812 hac
1077 745 1267 810 umbrarum
1283 745 1475 811 diversitate
1497 762 1582 806 con-

421 852 569 917 cordant.
601 852 689 916 Nam
701 863 822 936 quarto
834 851 917 917 libro
929 853 1010 916 dicit
1021 851 1229 928 Ambrosius,
1239 856 1249 884 ‘
1260 861 1338 915 sunt
1349 852 1405 934 qui
1418 871 1477 934 per
1492 849 1581 912 duos

421 959 525 1023 totius
548 960 624 1022 anni
653 960 723 1023 dies
746 959 817 1023 sine
841 958 958 1022 umbra
984 965 1061 1021 sunt
1084 957 1118 1020 in
1141 958 1292 1039 partibus
1315 955 1514 1029 meridianis,
1537 973 1581 1016 eo

420 1064 509 1145 quod
531 1062 637 1126 solem
659 1062 821 1126 habentes
843 1082 943 1144 super
964 1063 1122 1124 verticem
1146 1080 1243 1124 suum
1269 1062 1415 1144 undique
1439 1079 1500 1142 per
1516 1057 1580 1123 cir·

420 1165 546 1230 cuitum
559 1159 806 1245 illuminantur;
827 1165 1005 1229 undeascii
1016 1165 1179 1238 dicuntur,
1190 1165 1224 1228 id
1236 1174 1297 1235 est,
1308 1165 1524 1234 sineumbra;
1542 1170 1579 1223 et

420 1271 606 1355 amphiscii,
618 1271 650 1335 id
668 1279 727 1347 est,
739 1271 862 1334 circum
880 1269 1046 1346 umbrati;
1069 1278 1103 1332 et
1119 1268 1153 1331 hi
1168 1279 1248 1333 sunt
1262 1269 1325 1333 sub
1340 1267 1577 1352 aequinoctiali

421 1386 455 1438 et
479 1374 609 1440 circiter
634 1376 678 1438 ab
701 1385 844 1457 utroque
869 1374 982 1450 latere,
1004 1373 1061 1456 qui
1085 1375 1221 1457 quando
1244 1372 1292 1438 sol
1317 1393 1383 1438 non
1404 1382 1455 1437 est
1476 1393 1579 1457 super

421 1498 533 1542 eorum
563 1481 674 1564 capita
703 1478 884 1563 projiciunt
915 1479 1097 1561 aliquando
1134 1479 1286 1543 umbram
1318 1479 1352 1541 in
1380 1479 1575 1560 aquilonem

420 1583 600 1665 aliquando
618 1584 650 1647 in
667 1585 848 1657 meridiem,
865 1583 1046 1647 secundum
1062 1585 1153 1666 quod
1169 1583 1219 1647 sol
1242 1602 1329 1647 nunc
1348 1593 1400 1647 est
1421 1584 1463 1646 ad
1482 1583 1576 1666 aqui-

421 1687 544 1766 lonem,
559 1709 645 1751 nunc
660 1690 703 1752 ad
719 1687 888 1753 meridiem
906 1707 1020 1750 eorum
1031 1685 1059 1763 '3
1081 1697 1115 1750 et
1130 1688 1226 1752 addit
1240 1688 1346 1771 ‘quod
1360 1697 1438 1751 sunt
1454 1689 1487 1750 in
1511 1687 1576 1751 hoc

421 1811 519 1874 quem
536 1813 595 1856 nos
611 1791 804 1856 incoluimus
820 1792 901 1857 orbe
915 1802 1075 1856 terrarum
1094 1793 1181 1855 circa
1202 1793 1372 1857 meridiem
1393 1793 1502 1874 positi,
1517 1793 1575 1875 qui

421 1897 453 1958 in
476 1895 652 1961 australem
675 1897 809 1979 plagam
834 1897 988 1962 videntur
1013 1896 1165 1960 umbram
1191 1895 1433 1962 transmittere!
1472 1895 1575 1978 Quod

420 2001 587 2083 signanter
601 2002 683 2065 dicit
697 2003 739 2065 de
755 2001 880 2065 umbris
898 2001 1095 2075 meridianis,
1112 2011 1222 2084 potest
1237 2000 1374 2084 intelligi
1393 2002 1435 2065 de
1450 2001 1501 2064 his
1516 2001 1575 2083 qui

419 2104 508 2170 solas
523 2105 648 2170 habent
664 2106 799 2170 umbras
812 2107 1021 2180 meridianas,
1032 2105 1157 2170 scilicet
1166 2105 1229 2170 sub
1241 2107 1370 2188 tropico
1382 2105 1574 2188 Capricorni

419 2220 454 2273 et
476 2210 580 2288 ultra;
604 2210 682 2293 quia
707 2230 838 2292 semper
868 2209 916 2273 sol
949 2220 1000 2275 est
1030 2209 1077 2273 eis
1106 2210 1151 2274 ab
1176 2210 1339 2293 aquilone,
1354 2211 1416 2272 nisi
1440 2210 1575 2293 quando

419 2314 522 2378 semel
538 2324 589 2378 est
604 2336 704 2399 super
719 2315 828 2397 capita
845 2334 959 2378 eorum
976 2315 1009 2378 in
1023 2315 1152 2396 tropico
1168 2313 1369 2398 Capricorni.

251 2422 324 2486 Pliny
335 2421 384 2470 aad
463 2418 634 2503 Quantum
655 2439 735 2483 vero
757 2418 926 2482 habitetur
942 2439 1055 2482 versus
1077 2418 1265 2500 aquilonem
1284 2417 1406 2483 Plinius
1426 2420 1574 2482 ostendit

251 2488 406 2602 {ffisslissli
419 2535 537 2606 quarto
552 2525 638 2588 libro
653 2544 712 2608 per
728 2524 970 2606 experientiam
986 2533 1020 2586 et
1035 2532 1186 2587 auctores
1200 2523 1318 2586 varios
1364 2523 1453 2586 Nam
1469 2544 1574 2607 usque

251 2619 351 2735 223¹&
419 2629 462 2692 ad
478 2628 588 2693 locum
605 2628 696 2693 illum
712 2627 880 2693 habitatur
894 2628 951 2692 ubi
967 2628 1109 2692 extremi
1125 2628 1277 2692 cardines
1289 2629 1403 2691 mundi
1420 2638 1517 2703 sunt;
1540 2637 1573 2691 et

250 2750 398 2800 northward.
420 2734 477 2797 ubi
493 2744 543 2798 est
558 2734 630 2797 dies
646 2754 704 2814 per
717 2753 779 2795 sex
794 2753 925 2795 menses
940 2742 974 2796 et
992 2753 1062 2797 nox
1074 2753 1133 2815 per
1144 2741 1284 2797 tantum.
1331 2733 1378 2797 Et
1388 2734 1573 2797 Martianus

418 2836 451 2899 in
467 2858 526 2900 sua
543 2838 656 2901 mundi
672 2837 892 2921 descriptione
908 2838 1106 2914 concordat3
1130 2839 1218 2901 unde
1233 2836 1347 2901 volunt
1362 2840 1451 2921 quod
1466 2838 1511 2902 sit
1526 2839 1572 2901 ibi

418 2960 502 3023 gens
532 2942 732 3019 beatissima,
755 2960 843 3023 quae
866 2960 932 3004 non
963 2942 1104 3004 moritur
1133 2942 1196 3005 nisi
1226 2943 1381 3005 satietate
1406 2944 1501 3018 vitae,
1528 2944 1571 3006 ad

418 3066 520 3128 quam
557 3067 634 3109 cum
663 3046 789 3110 venerit
820 3047 1015 3128 praecipitat
1045 3066 1081 3109 se
1110 3045 1180 3111 alto
1209 3067 1295 3110 saxo
1325 3048 1358 3110 in
1390 3068 1501 3125 mare;
1538 3057 1572 3111 et

418 3160 577 3215 vocantur
590 3149 788 3233 hyperborei
808 3151 852 3213 de
874 3150 1010 3231 Europa
1030 3159 1065 3215 et
1080 3150 1266 3234 Arumphei
1288 3151 1322 3215 in
1340 3151 1433 3215 Asia.
1478 3152 1571 3216 Haec

418 3255 518 3337 igitur
532 3256 622 3321 dicta
636 3265 712 3320 sunt
727 3256 909 3319 secundum
928 3255 1139 3319 latitudinem
1160 3257 1331 3339 regionum
1351 3278 1437 3339 quae
1457 3268 1508 3320 est
1527 3259 1572 3321 ab

417 3360 649 3443 aequinoctiali
679 3362 760 3425 citra
790 3360 844 3424 vel
876 3360 970 3436 ultra,
1001 3371 1038 3424 ut
1067 3361 1240 3424 videamus
1277 3362 1368 3442 quod
1407 3361 1571 3426 habitatio

418 3465 552 3529 excedit
567 3475 720 3548 quartam
735 3465 917 3529 secundum
933 3464 1143 3528 latitudinem
1160 3466 1340 3548 regionum.

251 3585 370 3663 uastam}
462 3568 563 3651 Quod
580 3568 727 3633 similiter
748 3578 859 3651 potest
881 3561 994 3649 patere
1016 3570 1197 3633 secundum
1218 3569 1471 3651 longitudinem,
1486 3590 1572 3652 quae

249 3658 319 3709 ‘'³⁶⁸‘’
332 3659 349 3698 η
361 3666 383 3700 ¹⁵
416 3673 644 3737 consideratur
655 3674 699 3735 ab
711 3673 839 3735 oriente
851 3673 882 3735 in
894 3673 1058 3735 occidens
1088 3673 1121 3736 N
1123 3693 1188 3749 am,
1197 3683 1233 3737 ut
1245 3673 1368 3737 Plinius
1378 3683 1476 3737 sexto
1486 3673 1571 3737 libro

249 3715 286 3763 iar
297 3716 378 3779 larger

250 3782 340 3830 thanis
418 3774 615 3839 naturalium
631 3775 756 3851 scribit,
767 3774 838 3839 sola
856 3775 952 3838 India
968 3785 1019 3839 est
1031 3796 1107 3858 pars
1118 3777 1216 3841 tertia
1227 3774 1239 3812 ¹
1250 3777 1449 3841 habitabilis.
1481 3779 1570 3841 Nam

249 3846 394 3975 ἶζξὲζῖῌ
417 3890 535 3962 gentes
550 3879 653 3943 habet
668 3888 803 3943 centum
818 3888 853 3942 et
868 3880 983 3943 decem
999 3890 1033 3942 et
1049 3891 1135 3943 octo.
1182 3881 1228 3944 Et
1246 3882 1474 3963 Hieronymus
1489 3883 1572 3947 dicit

418 3983 460 4046 ad
486 3982 661 4046 Rusticum
685 3982 893 4058 monachum,
915 3983 1141 4066 ‘Navigantes
1170 3985 1305 4048 rubrum
1337 4006 1428 4049 mare
1459 3986 1571 4050 multis

417 4085 666 4151 difficultatibus
692 4107 730 4151 ac
760 4086 914 4168 periculis
940 4088 984 4151 ad
1010 4089 1126 4152 urbem
1153 4089 1337 4153 maximam
1363 4092 1570 4174 perveniunt.

449 4301 459 4329 ¹
476 4301 558 4364 Pliny,
572 4300 639 4351 Hs'st
651 4301 742 4349 Natur.
761 4299 802 4349 lib.
815 4300 847 4349 vi.
866 4316 921 4362 cap.
938 4316 978 4361 η,
992 4302 1030 4351 18.
1064 4301 1108 4350 lle
1122 4308 1203 4351 states
1218 4303 1270 4351 this
1287 4319 1320 4351 on
1336 4304 1380 4353 the
1397 4306 1530 4366 authority
1544 4305 1575 4353 os

416 4382 519 4431 writers
525 4382 586 4429 wbo
598 4380 782 4441 accompanied
793 4378 951 4429 Alexander.
975 4380 1131 4429 ‘Alexandri
1143 4381 1230 4443 Magni
1240 4382 1348 4431 comites
1360 4419 1367 4432 .
1377 4420 1398 4432 ..
1411 4384 1570 4445 scripserunt

416 4496 439 4510 ..
453 4459 567 4510 ‚Indiam
584 4459 682 4507 tertiam
696 4466 796 4520 partem
807 4474 866 4507 esse
879 4465 1006 4507 terrarum
1024 4460 1146 4517 omnium,
1158 4459 1348 4508 multitudinem
1359 4462 1514 4524 populorum
1532 4462 1570 4510 in·

415 4554 554 4600 numeram,
574 4536 698 4599 probabili
716 4552 781 4585 sane
798 4534 915 4585 ratione?
949 4536 1026 4597 Pliny
1043 4537 1093 4585 had
1110 4538 1165 4586 said
1177 4538 1232 4600 (lib.
1250 4538 1285 4587 iii.
1297 4554 1352 4602 cap.
1374 4540 1407 4603 r),
1424 4542 1570 4591 somewbat

415 4616 622 4677 inconsistently,
636 4616 692 4665 that
704 4614 809 4677 Europe
819 4628 874 4664 was
885 4612 999 4677 perbap's
1010 4614 1066 4663 half
1074 4616 1119 4665 the
1130 4615 1259 4666 habitable
1271 4618 1362 4667 world.

1694 4321 1700 4622 l

1685 4699 1700 4954 l
