<?xml version="1.0" encoding="UTF-8"?>
<!DOCTYPE html PUBLIC "-//W3C//DTD XHTML 1.0 Transitional//EN"
    "http://www.w3.org/TR/xhtml1/DTD/xhtml1-transitional.dtd">
<html xmlns="http://www.w3.org/1999/xhtml" xml:lang="en" lang="en">
 <head>
  <title>
</title>
<meta http-equiv="Content-Type" content="text/html;charset=utf-8" />
  <meta name='ocr-system' content='tesseract 3.04.00' />
  <meta name='ocr-capabilities' content='ocr_page ocr_carea ocr_par ocr_line ocrx_word'/>
</head>
<body>
  <div class='ocr_page' id='page_1' title='image "./opusmajusrogerb01bridgoog/opusmajusrogerb01bridgoog_0230.png"; bbox 0 0 3575 5375; ppageno 0'>
   <div class='ocr_carea' id='block_1_1' title="bbox 603 1406 1069 1484">
    <p class='ocr_par' dir='ltr' id='par_1_1' title="bbox 603 1406 1069 1484">
     <span class='ocr_line' id='line_1_1' title="bbox 603 1406 1069 1484; baseline -0.006 0"><span class='ocrx_word' id='word_1_1' title='bbox 603 1408 760 1484; x_wconf 81' lang='lat' dir='ltr'><em>PARS</em></span> <span class='ocrx_word' id='word_1_2' title='bbox 791 1406 1069 1483; x_wconf 85' lang='lat' dir='ltr'><em>SECUNDA</em></span> 
     </span>
    </p>
   </div>
   <div class='ocr_carea' id='block_1_2' title="bbox 561 1644 1114 1731">
    <p class='ocr_par' dir='ltr' id='par_1_2' title="bbox 561 1644 1114 1731">
     <span class='ocr_line' id='line_1_2' title="bbox 561 1644 1114 1731; baseline -0.009 -18"><span class='ocrx_word' id='word_1_3' title='bbox 561 1647 717 1731; x_wconf 78' lang='lat' dir='ltr'>ntuus</span> <span class='ocrx_word' id='word_1_4' title='bbox 750 1644 1114 1713; x_wconf 77' lang='lat' dir='ltr'>psnsunsrours.</span> 
     </span>
    </p>
   </div>
   <div class='ocr_carea' id='block_1_3' title="bbox 701 1852 979 1920">
    <p class='ocr_par' dir='ltr' id='par_1_3' title="bbox 701 1852 979 1920">
     <span class='ocr_line' id='line_1_3' title="bbox 701 1852 979 1920; baseline -0.011 -1"><span class='ocrx_word' id='word_1_5' title='bbox 701 1852 928 1920; x_wconf 66' lang='lat' dir='ltr'>carnutum</span> <span class='ocrx_word' id='word_1_6' title='bbox 954 1852 979 1917; x_wconf 89' lang='lat'>1.</span> 
     </span>
    </p>
   </div>
   <div class='ocr_carea' id='block_1_4' title="bbox 264 2042 1559 2546">
    <p class='ocr_par' dir='ltr' id='par_1_4' title="bbox 264 2042 1559 2546">
     <span class='ocr_line' id='line_1_4' title="bbox 308 2042 1559 2130; baseline -0.002 -19"><span class='ocrx_word' id='word_1_7' title='bbox 308 2047 524 2111; x_wconf 71' lang='lat' dir='ltr'>RELEGATIS</span> <span class='ocrx_word' id='word_1_8' title='bbox 537 2043 638 2129; x_wconf 86' lang='lat' dir='ltr'>igitur</span> <span class='ocrx_word' id='word_1_9' title='bbox 647 2055 789 2127; x_wconf 89' lang='lat' dir='ltr'>quatuor</span> <span class='ocrx_word' id='word_1_10' title='bbox 801 2046 908 2110; x_wconf 90' lang='lat' dir='ltr'>causis</span> <span class='ocrx_word' id='word_1_11' title='bbox 920 2046 1022 2110; x_wconf 87' lang='lat' dir='ltr'>totius</span> <span class='ocrx_word' id='word_1_12' title='bbox 1032 2043 1237 2130; x_wconf 83' lang='lat' dir='ltr'>ignorantiae</span> <span class='ocrx_word' id='word_1_13' title='bbox 1249 2042 1414 2109; x_wconf 85' lang='lat' dir='ltr'>humanae</span> <span class='ocrx_word' id='word_1_14' title='bbox 1427 2044 1559 2121; x_wconf 63' lang='lat' dir='ltr'>steolf’sr</span> 
     </span>
     <span class='ocr_line' id='line_1_5' title="bbox 264 2113 1536 2234; baseline 0 -20"><span class='ocrx_word' id='word_1_15' title='bbox 264 2152 483 2234; x_wconf 85' lang='lat' dir='ltr'>generalibus,</span> <span class='ocrx_word' id='word_1_16' title='bbox 491 2151 568 2215; x_wconf 94' lang='lat' dir='ltr'>volo</span> <span class='ocrx_word' id='word_1_17' title='bbox 584 2150 617 2213; x_wconf 94' lang='lat' dir='ltr'>in</span> <span class='ocrx_word' id='word_1_18' title='bbox 633 2148 695 2213; x_wconf 93' lang='lat' dir='ltr'>hac</span> <span class='ocrx_word' id='word_1_19' title='bbox 711 2152 856 2214; x_wconf 87' lang='lat' dir='ltr'>secunda</span> <span class='ocrx_word' id='word_1_20' title='bbox 872 2150 1083 2215; x_wconf 87' lang='lat' dir='ltr'>distinctione</span> <span class='ocrx_word' id='word_1_21' title='bbox 1098 2170 1200 2213; x_wconf 92' lang='lat' dir='ltr'>unam</span> <span class='ocrx_word' id='word_1_22' title='bbox 1216 2149 1411 2232; x_wconf 78' lang='lat' dir='ltr'>sapientiam</span> <span class='ocrx_word' id='word_1_23' title='bbox 1426 2113 1536 2227; x_wconf 32' lang='lat' dir='ltr'>iiia&amp;</span> 
     </span>
     <span class='ocr_line' id='line_1_6' title="bbox 265 2244 1530 2339; baseline -0.002 -20"><span class='ocrx_word' id='word_1_24' title='bbox 265 2276 336 2319; x_wconf 87' lang='lat' dir='ltr'>esse</span> <span class='ocrx_word' id='word_1_25' title='bbox 357 2253 538 2339; x_wconf 82' lang='lat' dir='ltr'>perfectam</span> <span class='ocrx_word' id='word_1_26' title='bbox 561 2254 747 2330; x_wconf 85' lang='lat' dir='ltr'>ostendere,</span> <span class='ocrx_word' id='word_1_27' title='bbox 769 2265 804 2318; x_wconf 87' lang='lat' dir='ltr'>et</span> <span class='ocrx_word' id='word_1_28' title='bbox 826 2252 913 2318; x_wconf 89' lang='lat' dir='ltr'>hanc</span> <span class='ocrx_word' id='word_1_29' title='bbox 934 2256 968 2318; x_wconf 91' lang='lat' dir='ltr'>in</span> <span class='ocrx_word' id='word_1_30' title='bbox 988 2255 1089 2318; x_wconf 92' lang='lat' dir='ltr'>sacris</span> <span class='ocrx_word' id='word_1_31' title='bbox 1110 2254 1213 2318; x_wconf 91' lang='lat' dir='ltr'>literis</span> <span class='ocrx_word' id='word_1_32' title='bbox 1236 2244 1530 2330; x_wconf 50' lang='lat' dir='ltr'>contineriffci‘nc‘·</span> 
     </span>
     <span class='ocr_line' id='line_1_7' title="bbox 265 2357 1415 2442; baseline -0.001 -19"><span class='ocrx_word' id='word_1_33' title='bbox 265 2359 309 2423; x_wconf 89' lang='lat' dir='ltr'>de</span> <span class='ocrx_word' id='word_1_34' title='bbox 324 2360 417 2441; x_wconf 89' lang='lat' dir='ltr'>cujus</span> <span class='ocrx_word' id='word_1_35' title='bbox 433 2357 598 2422; x_wconf 82' lang='lat' dir='ltr'>radicibus</span> <span class='ocrx_word' id='word_1_36' title='bbox 614 2359 724 2422; x_wconf 91' lang='lat' dir='ltr'>omnis</span> <span class='ocrx_word' id='word_1_37' title='bbox 733 2360 854 2422; x_wconf 89' lang='lat' dir='ltr'>veritas</span> <span class='ocrx_word' id='word_1_38' title='bbox 870 2359 1003 2423; x_wconf 90' lang='lat' dir='ltr'>eruitur.</span> <span class='ocrx_word' id='word_1_39' title='bbox 1038 2358 1124 2422; x_wconf 87' lang='lat' dir='ltr'>Dico</span> <span class='ocrx_word' id='word_1_40' title='bbox 1136 2360 1247 2442; x_wconf 87' lang='lat' dir='ltr'>igitur,</span> <span class='ocrx_word' id='word_1_41' title='bbox 1258 2358 1349 2440; x_wconf 90' lang='lat' dir='ltr'>quod</span> <span class='ocrx_word' id='word_1_42' title='bbox 1365 2368 1415 2422; x_wconf 89' lang='lat' dir='ltr'>est</span> 
     </span>
     <span class='ocr_line' id='line_1_8' title="bbox 267 2461 1419 2546; baseline 0 -19"><span class='ocrx_word' id='word_1_43' title='bbox 267 2484 332 2527; x_wconf 92' lang='lat' dir='ltr'>una</span> <span class='ocrx_word' id='word_1_44' title='bbox 361 2462 498 2527; x_wconf 88' lang='lat' dir='ltr'>scientia</span> <span class='ocrx_word' id='word_1_45' title='bbox 527 2462 732 2527; x_wconf 85' lang='lat' dir='ltr'>dominatrix</span> <span class='ocrx_word' id='word_1_46' title='bbox 763 2463 910 2542; x_wconf 89' lang='lat' dir='ltr'>aliarum,</span> <span class='ocrx_word' id='word_1_47' title='bbox 937 2472 973 2526; x_wconf 90' lang='lat' dir='ltr'>ut</span> <span class='ocrx_word' id='word_1_48' title='bbox 996 2461 1173 2546; x_wconf 83' lang='lat' dir='ltr'>theologia,</span> <span class='ocrx_word' id='word_1_49' title='bbox 1199 2464 1250 2526; x_wconf 90' lang='lat' dir='ltr'>cui</span> <span class='ocrx_word' id='word_1_50' title='bbox 1275 2463 1419 2545; x_wconf 90' lang='lat' dir='ltr'>reliquae</span> 
     </span>
    </p>
   </div>
   <div class='ocr_carea' id='block_1_5' title="bbox 267 2566 1420 2651">
    <p class='ocr_par' dir='ltr' id='par_1_5' title="bbox 267 2566 1420 2651">
     <span class='ocr_line' id='line_1_9' title="bbox 267 2566 1420 2651; baseline -0.001 -20"><span class='ocrx_word' id='word_1_51' title='bbox 267 2568 400 2651; x_wconf 87' lang='lat' dir='ltr'>penitus</span> <span class='ocrx_word' id='word_1_52' title='bbox 418 2576 495 2631; x_wconf 91' lang='lat' dir='ltr'>sunt</span> <span class='ocrx_word' id='word_1_53' title='bbox 511 2568 722 2643; x_wconf 87' lang='lat' dir='ltr'>necessariae,</span> <span class='ocrx_word' id='word_1_54' title='bbox 738 2578 772 2633; x_wconf 86' lang='lat' dir='ltr'>et</span> <span class='ocrx_word' id='word_1_55' title='bbox 787 2568 857 2633; x_wconf 90' lang='lat' dir='ltr'>sine</span> <span class='ocrx_word' id='word_1_56' title='bbox 875 2568 996 2651; x_wconf 90' lang='lat' dir='ltr'>qulbus</span> <span class='ocrx_word' id='word_1_57' title='bbox 1011 2569 1053 2632; x_wconf 93' lang='lat' dir='ltr'>ad</span> <span class='ocrx_word' id='word_1_58' title='bbox 1073 2566 1228 2632; x_wconf 87' lang='lat' dir='ltr'>eflectum</span> <span class='ocrx_word' id='word_1_59' title='bbox 1251 2568 1420 2651; x_wconf 89' lang='lat' dir='ltr'>pervenire</span> 
     </span>
    </p>
   </div>
   <div class='ocr_carea' id='block_1_6' title="bbox 262 2672 1427 4112">
    <p class='ocr_par' dir='ltr' id='par_1_6' title="bbox 262 2672 1427 4112">
     <span class='ocr_line' id='line_1_10' title="bbox 268 2672 1419 2756; baseline 0.003 -21"><span class='ocrx_word' id='word_1_60' title='bbox 268 2694 333 2737; x_wconf 93' lang='lat' dir='ltr'>non</span> <span class='ocrx_word' id='word_1_61' title='bbox 357 2682 489 2754; x_wconf 88' lang='lat' dir='ltr'>potest;</span> <span class='ocrx_word' id='word_1_62' title='bbox 514 2673 671 2737; x_wconf 87' lang='lat' dir='ltr'>virtutem</span> <span class='ocrx_word' id='word_1_63' title='bbox 696 2673 728 2736; x_wconf 91' lang='lat' dir='ltr'>in</span> <span class='ocrx_word' id='word_1_64' title='bbox 752 2694 849 2737; x_wconf 91' lang='lat' dir='ltr'>suum</span> <span class='ocrx_word' id='word_1_65' title='bbox 868 2672 923 2755; x_wconf 90' lang='lat' dir='ltr'>jus</span> <span class='ocrx_word' id='word_1_66' title='bbox 944 2674 1101 2752; x_wconf 90' lang='lat' dir='ltr'>vindicat,</span> <span class='ocrx_word' id='word_1_67' title='bbox 1120 2674 1163 2739; x_wconf 92' lang='lat' dir='ltr'>ad</span> <span class='ocrx_word' id='word_1_68' title='bbox 1187 2672 1279 2756; x_wconf 89' lang='lat' dir='ltr'>cujus</span> <span class='ocrx_word' id='word_1_69' title='bbox 1301 2684 1419 2738; x_wconf 92' lang='lat' dir='ltr'>nutum</span> 
     </span>
     <span class='ocr_line' id='line_1_11' title="bbox 269 2778 1420 2862; baseline 0 -22"><span class='ocrx_word' id='word_1_70' title='bbox 269 2787 303 2841; x_wconf 89' lang='lat' dir='ltr'>et</span> <span class='ocrx_word' id='word_1_71' title='bbox 324 2779 498 2861; x_wconf 88' lang='lat' dir='ltr'>imperium</span> <span class='ocrx_word' id='word_1_72' title='bbox 522 2788 675 2842; x_wconf 87' lang='lat' dir='ltr'>caeterae</span> <span class='ocrx_word' id='word_1_73' title='bbox 697 2778 831 2860; x_wconf 91' lang='lat' dir='ltr'>jacent;</span> <span class='ocrx_word' id='word_1_74' title='bbox 859 2799 925 2842; x_wconf 89' lang='lat' dir='ltr'>una</span> <span class='ocrx_word' id='word_1_75' title='bbox 947 2789 1060 2843; x_wconf 90' lang='lat' dir='ltr'>tamen</span> <span class='ocrx_word' id='word_1_76' title='bbox 1084 2790 1134 2842; x_wconf 90' lang='lat' dir='ltr'>est</span> <span class='ocrx_word' id='word_1_77' title='bbox 1157 2780 1320 2862; x_wconf 88' lang='lat' dir='ltr'>sapientia</span> <span class='ocrx_word' id='word_1_78' title='bbox 1348 2798 1420 2861; x_wconf 92' lang='lat' dir='ltr'>per-</span> 
     </span>
     <span class='ocr_line' id='line_1_12' title="bbox 269 2882 1420 2966; baseline 0.001 -22"><span class='ocrx_word' id='word_1_79' title='bbox 269 2882 364 2960; x_wconf 85' lang='lat' dir='ltr'>fecta,</span> <span class='ocrx_word' id='word_1_80' title='bbox 390 2902 476 2964; x_wconf 89' lang='lat' dir='ltr'>quae</span> <span class='ocrx_word' id='word_1_81' title='bbox 506 2882 539 2944; x_wconf 89' lang='lat' dir='ltr'>in</span> <span class='ocrx_word' id='word_1_82' title='bbox 568 2902 661 2945; x_wconf 90' lang='lat' dir='ltr'>sacra</span> <span class='ocrx_word' id='word_1_83' title='bbox 691 2884 852 2965; x_wconf 87' lang='lat' dir='ltr'>scriptura</span> <span class='ocrx_word' id='word_1_84' title='bbox 882 2883 1030 2948; x_wconf 89' lang='lat' dir='ltr'>totaliter</span> <span class='ocrx_word' id='word_1_85' title='bbox 1060 2883 1254 2960; x_wconf 90' lang='lat' dir='ltr'>continetur,</span> <span class='ocrx_word' id='word_1_86' title='bbox 1286 2905 1344 2966; x_wconf 87' lang='lat' dir='ltr'>per</span> <span class='ocrx_word' id='word_1_87' title='bbox 1366 2883 1420 2964; x_wconf 89' lang='lat' dir='ltr'>jus</span> 
     </span>
     <span class='ocr_line' id='line_1_13' title="bbox 269 2986 1419 3070; baseline 0 -22"><span class='ocrx_word' id='word_1_88' title='bbox 269 2987 464 3049; x_wconf 87' lang='lat' dir='ltr'>canonicum</span> <span class='ocrx_word' id='word_1_89' title='bbox 486 2997 520 3050; x_wconf 88' lang='lat' dir='ltr'>et</span> <span class='ocrx_word' id='word_1_90' title='bbox 541 2986 786 3069; x_wconf 86' lang='lat' dir='ltr'>philosophiam</span> <span class='ocrx_word' id='word_1_91' title='bbox 808 2987 1017 3070; x_wconf 87' lang='lat' dir='ltr'>explicanda,</span> <span class='ocrx_word' id='word_1_92' title='bbox 1034 2996 1067 3050; x_wconf 94' lang='lat' dir='ltr'>et</span> <span class='ocrx_word' id='word_1_93' title='bbox 1089 2988 1257 3068; x_wconf 87' lang='lat' dir='ltr'>expositio</span> <span class='ocrx_word' id='word_1_94' title='bbox 1271 2987 1419 3051; x_wconf 90' lang='lat' dir='ltr'>veritatis</span> 
     </span>
     <span class='ocr_line' id='line_1_14' title="bbox 270 3089 1422 3173; baseline -0.002 -19"><span class='ocrx_word' id='word_1_95' title='bbox 270 3092 401 3154; x_wconf 87' lang='lat' dir='ltr'>divinae</span> <span class='ocrx_word' id='word_1_96' title='bbox 423 3111 482 3172; x_wconf 89' lang='lat' dir='ltr'>per</span> <span class='ocrx_word' id='word_1_97' title='bbox 497 3089 569 3154; x_wconf 90' lang='lat' dir='ltr'>illas</span> <span class='ocrx_word' id='word_1_98' title='bbox 591 3092 745 3155; x_wconf 88' lang='lat' dir='ltr'>scientias</span> <span class='ocrx_word' id='word_1_99' title='bbox 768 3091 917 3157; x_wconf 90' lang='lat' dir='ltr'>habetur.</span> <span class='ocrx_word' id='word_1_100' title='bbox 964 3092 1052 3154; x_wconf 89' lang='lat' dir='ltr'>Nam</span> <span class='ocrx_word' id='word_1_101' title='bbox 1077 3092 1148 3173; x_wconf 89' lang='lat' dir='ltr'>ipsa</span> <span class='ocrx_word' id='word_1_102' title='bbox 1171 3111 1246 3155; x_wconf 90' lang='lat' dir='ltr'>cum</span> <span class='ocrx_word' id='word_1_103' title='bbox 1269 3091 1315 3154; x_wconf 94' lang='lat' dir='ltr'>eis</span> <span class='ocrx_word' id='word_1_104' title='bbox 1332 3089 1422 3153; x_wconf 89' lang='lat' dir='ltr'>velut</span> 
     </span>
     <span class='ocr_line' id='line_1_15' title="bbox 270 3194 1419 3278; baseline -0.001 -21"><span class='ocrx_word' id='word_1_105' title='bbox 270 3194 303 3259; x_wconf 91' lang='lat' dir='ltr'>in</span> <span class='ocrx_word' id='word_1_106' title='bbox 319 3196 465 3278; x_wconf 90' lang='lat' dir='ltr'>palmam</span> <span class='ocrx_word' id='word_1_107' title='bbox 481 3194 675 3278; x_wconf 89' lang='lat' dir='ltr'>explicatur,</span> <span class='ocrx_word' id='word_1_108' title='bbox 691 3205 724 3260; x_wconf 90' lang='lat' dir='ltr'>et</span> <span class='ocrx_word' id='word_1_109' title='bbox 739 3207 852 3260; x_wconf 89' lang='lat' dir='ltr'>tamen</span> <span class='ocrx_word' id='word_1_110' title='bbox 870 3205 977 3260; x_wconf 91' lang='lat' dir='ltr'>totam</span> <span class='ocrx_word' id='word_1_111' title='bbox 996 3196 1193 3277; x_wconf 91' lang='lat' dir='ltr'>sapientiam</span> <span class='ocrx_word' id='word_1_112' title='bbox 1217 3196 1249 3257; x_wconf 92' lang='lat' dir='ltr'>in</span> <span class='ocrx_word' id='word_1_113' title='bbox 1270 3215 1419 3277; x_wconf 85' lang='lat' dir='ltr'>pugnum</span> 
     </span>
     <span class='ocr_line' id='line_1_16' title="bbox 270 3299 1421 3383; baseline -0.001 -20"><span class='ocrx_word' id='word_1_114' title='bbox 270 3299 396 3381; x_wconf 83' lang='lat' dir='ltr'>colligit</span> <span class='ocrx_word' id='word_1_115' title='bbox 421 3319 480 3382; x_wconf 91' lang='lat' dir='ltr'>per</span> <span class='ocrx_word' id='word_1_116' title='bbox 505 3299 661 3381; x_wconf 88' lang='lat' dir='ltr'>seipsum.</span> <span class='ocrx_word' id='word_1_117' title='bbox 708 3299 877 3383; x_wconf 87' lang='lat' dir='ltr'>Quoniam</span> <span class='ocrx_word' id='word_1_118' title='bbox 902 3300 946 3362; x_wconf 88' lang='lat' dir='ltr'>ab</span> <span class='ocrx_word' id='word_1_119' title='bbox 971 3318 1038 3361; x_wconf 92' lang='lat' dir='ltr'>uno</span> <span class='ocrx_word' id='word_1_120' title='bbox 1066 3299 1139 3361; x_wconf 92' lang='lat' dir='ltr'>Deo</span> <span class='ocrx_word' id='word_1_121' title='bbox 1166 3299 1246 3361; x_wconf 92' lang='lat' dir='ltr'>data</span> <span class='ocrx_word' id='word_1_122' title='bbox 1272 3309 1322 3362; x_wconf 80' lang='lat' dir='ltr'>est</span> <span class='ocrx_word' id='word_1_123' title='bbox 1348 3308 1421 3362; x_wconf 91' lang='lat' dir='ltr'>tota</span> 
     </span>
     <span class='ocr_line' id='line_1_17' title="bbox 271 3401 1423 3486; baseline 0 -20"><span class='ocrx_word' id='word_1_124' title='bbox 271 3403 433 3485; x_wconf 87' lang='lat' dir='ltr'>sapientia</span> <span class='ocrx_word' id='word_1_125' title='bbox 448 3410 482 3466; x_wconf 93' lang='lat' dir='ltr'>et</span> <span class='ocrx_word' id='word_1_126' title='bbox 498 3404 553 3465; x_wconf 95' lang='lat' dir='ltr'>uni</span> <span class='ocrx_word' id='word_1_127' title='bbox 570 3406 704 3478; x_wconf 91' lang='lat' dir='ltr'>mundo,</span> <span class='ocrx_word' id='word_1_128' title='bbox 725 3414 760 3467; x_wconf 93' lang='lat' dir='ltr'>et</span> <span class='ocrx_word' id='word_1_129' title='bbox 779 3413 916 3486; x_wconf 90' lang='lat' dir='ltr'>propter</span> <span class='ocrx_word' id='word_1_130' title='bbox 930 3423 1033 3466; x_wconf 92' lang='lat' dir='ltr'>unum</span> <span class='ocrx_word' id='word_1_131' title='bbox 1054 3401 1163 3465; x_wconf 85' lang='lat' dir='ltr'>finem.</span> <span class='ocrx_word' id='word_1_132' title='bbox 1210 3402 1423 3485; x_wconf 83' lang='lat' dir='ltr'>Quapropter</span> 
     </span>
     <span class='ocr_line' id='line_1_18' title="bbox 272 3507 1422 3592; baseline -0.003 -21"><span class='ocrx_word' id='word_1_133' title='bbox 272 3507 354 3571; x_wconf 89' lang='lat' dir='ltr'>haec</span> <span class='ocrx_word' id='word_1_134' title='bbox 369 3507 534 3589; x_wconf 87' lang='lat' dir='ltr'>sapientia</span> <span class='ocrx_word' id='word_1_135' title='bbox 546 3529 590 3571; x_wconf 87' lang='lat' dir='ltr'>ex</span> <span class='ocrx_word' id='word_1_136' title='bbox 606 3528 667 3572; x_wconf 90' lang='lat' dir='ltr'>sua</span> <span class='ocrx_word' id='word_1_137' title='bbox 685 3507 805 3590; x_wconf 90' lang='lat' dir='ltr'>triplici</span> <span class='ocrx_word' id='word_1_138' title='bbox 822 3508 1072 3592; x_wconf 90' lang='lat' dir='ltr'>comparatione</span> <span class='ocrx_word' id='word_1_139' title='bbox 1084 3507 1245 3570; x_wconf 90' lang='lat' dir='ltr'>unitatem</span> <span class='ocrx_word' id='word_1_140' title='bbox 1261 3507 1422 3570; x_wconf 86' lang='lat' dir='ltr'>sortietur.</span> 
     </span>
     <span class='ocr_line' id='line_1_19' title="bbox 273 3608 1425 3696; baseline -0.001 -21"><span class='ocrx_word' id='word_1_141' title='bbox 273 3609 450 3676; x_wconf 88' lang='lat' dir='ltr'>Caeterum</span> <span class='ocrx_word' id='word_1_142' title='bbox 473 3612 527 3675; x_wconf 88' lang='lat' dir='ltr'>via</span> <span class='ocrx_word' id='word_1_143' title='bbox 551 3611 667 3676; x_wconf 88' lang='lat' dir='ltr'>salutis</span> <span class='ocrx_word' id='word_1_144' title='bbox 690 3631 756 3675; x_wconf 90' lang='lat' dir='ltr'>una</span> <span class='ocrx_word' id='word_1_145' title='bbox 780 3612 857 3676; x_wconf 92' lang='lat' dir='ltr'>licet</span> <span class='ocrx_word' id='word_1_146' title='bbox 883 3610 1007 3696; x_wconf 89' lang='lat' dir='ltr'>gradus</span> <span class='ocrx_word' id='word_1_147' title='bbox 1032 3608 1149 3688; x_wconf 90' lang='lat' dir='ltr'>multi;</span> <span class='ocrx_word' id='word_1_148' title='bbox 1179 3613 1237 3674; x_wconf 87' lang='lat' dir='ltr'>sed</span> <span class='ocrx_word' id='word_1_149' title='bbox 1260 3612 1425 3693; x_wconf 87' lang='lat' dir='ltr'>sapientia</span> 
     </span>
     <span class='ocr_line' id='line_1_20' title="bbox 274 3714 1425 3798; baseline 0.002 -21"><span class='ocrx_word' id='word_1_150' title='bbox 274 3724 325 3778; x_wconf 88' lang='lat' dir='ltr'>est</span> <span class='ocrx_word' id='word_1_151' title='bbox 346 3716 399 3778; x_wconf 90' lang='lat' dir='ltr'>via</span> <span class='ocrx_word' id='word_1_152' title='bbox 421 3715 455 3778; x_wconf 90' lang='lat' dir='ltr'>in</span> <span class='ocrx_word' id='word_1_153' title='bbox 478 3715 628 3779; x_wconf 89' lang='lat' dir='ltr'>salutem.</span> <span class='ocrx_word' id='word_1_154' title='bbox 674 3715 794 3780; x_wconf 90' lang='lat' dir='ltr'>Omnis</span> <span class='ocrx_word' id='word_1_155' title='bbox 816 3716 904 3779; x_wconf 90' lang='lat' dir='ltr'>enim</span> <span class='ocrx_word' id='word_1_156' title='bbox 928 3714 1147 3778; x_wconf 90' lang='lat' dir='ltr'>consideratio</span> <span class='ocrx_word' id='word_1_157' title='bbox 1169 3714 1323 3791; x_wconf 87' lang='lat' dir='ltr'>hominis,</span> <span class='ocrx_word' id='word_1_158' title='bbox 1339 3735 1425 3798; x_wconf 87' lang='lat' dir='ltr'>quae</span> 
     </span>
     <span class='ocr_line' id='line_1_21' title="bbox 274 3817 1427 3902; baseline 0 -20"><span class='ocrx_word' id='word_1_159' title='bbox 274 3839 341 3882; x_wconf 91' lang='lat' dir='ltr'>non</span> <span class='ocrx_word' id='word_1_160' title='bbox 363 3828 415 3882; x_wconf 91' lang='lat' dir='ltr'>est</span> <span class='ocrx_word' id='word_1_161' title='bbox 437 3819 599 3895; x_wconf 87' lang='lat' dir='ltr'>salutaris,</span> <span class='ocrx_word' id='word_1_162' title='bbox 626 3829 677 3884; x_wconf 89' lang='lat' dir='ltr'>est</span> <span class='ocrx_word' id='word_1_163' title='bbox 701 3820 800 3902; x_wconf 91' lang='lat' dir='ltr'>plena</span> <span class='ocrx_word' id='word_1_164' title='bbox 823 3819 993 3896; x_wconf 87' lang='lat' dir='ltr'>caecitate,</span> <span class='ocrx_word' id='word_1_165' title='bbox 1020 3827 1054 3882; x_wconf 92' lang='lat' dir='ltr'>et</span> <span class='ocrx_word' id='word_1_166' title='bbox 1079 3821 1121 3883; x_wconf 95' lang='lat' dir='ltr'>ad</span> <span class='ocrx_word' id='word_1_167' title='bbox 1149 3817 1281 3883; x_wconf 86' lang='lat' dir='ltr'>finalem</span> <span class='ocrx_word' id='word_1_168' title='bbox 1309 3819 1427 3884; x_wconf 89' lang='lat' dir='ltr'>inlerni</span> 
     </span>
     <span class='ocr_line' id='line_1_22' title="bbox 274 3921 1425 4008; baseline -0.001 -21"><span class='ocrx_word' id='word_1_169' title='bbox 274 3925 410 3987; x_wconf 90' lang='lat' dir='ltr'>deducit</span> <span class='ocrx_word' id='word_1_170' title='bbox 440 3923 636 4008; x_wconf 84' lang='lat' dir='ltr'>caliginem3</span> <span class='ocrx_word' id='word_1_171' title='bbox 671 3935 809 4008; x_wconf 88' lang='lat' dir='ltr'>propter</span> <span class='ocrx_word' id='word_1_172' title='bbox 837 3925 928 4006; x_wconf 92' lang='lat' dir='ltr'>quod</span> <span class='ocrx_word' id='word_1_173' title='bbox 960 3923 1055 3987; x_wconf 92' lang='lat' dir='ltr'>multi</span> <span class='ocrx_word' id='word_1_174' title='bbox 1086 3923 1252 4006; x_wconf 89' lang='lat' dir='ltr'>sapientes</span> <span class='ocrx_word' id='word_1_175' title='bbox 1285 3921 1425 3988; x_wconf 89' lang='lat' dir='ltr'>lamosi¹</span> 
     </span>
     <span class='ocr_line' id='line_1_23' title="bbox 262 4013 1426 4112; baseline -0.001 -20"><span class='ocrx_word' id='word_1_176' title='bbox 262 4013 426 4092; x_wconf 39' lang='lat' dir='ltr'>&#39;damnati</span> <span class='ocrx_word' id='word_1_177' title='bbox 457 4039 543 4108; x_wconf 90' lang='lat' dir='ltr'>sunt,</span> <span class='ocrx_word' id='word_1_178' title='bbox 573 4029 652 4110; x_wconf 92' lang='lat' dir='ltr'>quia</span> <span class='ocrx_word' id='word_1_179' title='bbox 680 4048 792 4092; x_wconf 90' lang='lat' dir='ltr'>veram</span> <span class='ocrx_word' id='word_1_180' title='bbox 824 4028 1023 4112; x_wconf 85' lang='lat' dir='ltr'>sapientiam</span> <span class='ocrx_word' id='word_1_181' title='bbox 1053 4048 1118 4091; x_wconf 91' lang='lat' dir='ltr'>non</span> <span class='ocrx_word' id='word_1_182' title='bbox 1148 4027 1341 4106; x_wconf 88' lang='lat' dir='ltr'>habuerunt,</span> <span class='ocrx_word' id='word_1_183' title='bbox 1368 4028 1426 4092; x_wconf 93' lang='lat' dir='ltr'>sed</span> 
     </span>
    </p>
   </div>
   <div class='ocr_carea' id='block_1_7' title="bbox 276 4213 1432 4752">
    <p class='ocr_par' dir='ltr' id='par_1_7' title="bbox 276 4213 1432 4752">
     <span class='ocr_line' id='line_1_24' title="bbox 309 4213 1428 4278; baseline 0.003 -15"><span class='ocrx_word' id='word_1_184' title='bbox 309 4215 316 4244; x_wconf 91' lang='lat'>¹</span> <span class='ocrx_word' id='word_1_185' title='bbox 336 4215 365 4263; x_wconf 92' lang='lat' dir='ltr'>ln</span> <span class='ocrx_word' id='word_1_186' title='bbox 386 4216 427 4264; x_wconf 87' lang='lat' dir='ltr'>his</span> <span class='ocrx_word' id='word_1_187' title='bbox 447 4225 624 4278; x_wconf 78' lang='lat' dir='ltr'>commentary</span> <span class='ocrx_word' id='word_1_188' title='bbox 641 4232 675 4264; x_wconf 92' lang='lat' dir='ltr'>on</span> <span class='ocrx_word' id='word_1_189' title='bbox 696 4215 742 4265; x_wconf 84' lang='lat' dir='ltr'>the</span> <span class='ocrx_word' id='word_1_190' title='bbox 758 4215 887 4265; x_wconf 66' lang='lat' dir='ltr'>Stratum</span> <span class='ocrx_word' id='word_1_191' title='bbox 904 4213 1068 4276; x_wconf 74' lang='lat' dir='ltr'>Sermonem,</span> <span class='ocrx_word' id='word_1_192' title='bbox 1088 4215 1183 4276; x_wconf 80' lang='lat' dir='ltr'>Baton,</span> <span class='ocrx_word' id='word_1_193' title='bbox 1202 4215 1317 4278; x_wconf 79' lang='lat' dir='ltr'>alluding</span> <span class='ocrx_word' id='word_1_194' title='bbox 1336 4223 1363 4265; x_wconf 90' lang='lat' dir='ltr'>to</span> <span class='ocrx_word' id='word_1_195' title='bbox 1384 4217 1428 4266; x_wconf 90' lang='lat' dir='ltr'>the</span> 
     </span>
     <span class='ocr_line' id='line_1_25' title="bbox 276 4293 1431 4354; baseline 0.002 -13"><span class='ocrx_word' id='word_1_196' title='bbox 276 4293 374 4354; x_wconf 81' lang='lat' dir='ltr'>legend</span> <span class='ocrx_word' id='word_1_197' title='bbox 389 4296 444 4344; x_wconf 84' lang='lat' dir='ltr'>that</span> <span class='ocrx_word' id='word_1_198' title='bbox 457 4295 581 4344; x_wconf 83' lang='lat' dir='ltr'>Aristotle</span> <span class='ocrx_word' id='word_1_199' title='bbox 595 4295 725 4344; x_wconf 79' lang='lat' dir='ltr'>ascended</span> <span class='ocrx_word' id='word_1_200' title='bbox 737 4303 765 4343; x_wconf 88' lang='lat' dir='ltr'>to</span> <span class='ocrx_word' id='word_1_201' title='bbox 779 4295 880 4344; x_wconf 74' lang='lat' dir='ltr'>heaven</span> <span class='ocrx_word' id='word_1_202' title='bbox 892 4295 919 4343; x_wconf 88' lang='lat' dir='ltr'>in</span> <span class='ocrx_word' id='word_1_203' title='bbox 931 4311 947 4342; x_wconf 82' lang='lat' dir='ltr'><strong>a</strong></span> <span class='ocrx_word' id='word_1_204' title='bbox 965 4295 1066 4344; x_wconf 87' lang='lat' dir='ltr'>column</span> <span class='ocrx_word' id='word_1_205' title='bbox 1083 4294 1113 4342; x_wconf 84' lang='lat' dir='ltr'>os</span> <span class='ocrx_word' id='word_1_206' title='bbox 1121 4294 1177 4354; x_wconf 86' lang='lat' dir='ltr'>fire,</span> <span class='ocrx_word' id='word_1_207' title='bbox 1190 4295 1320 4344; x_wconf 82' lang='lat' dir='ltr'>remarks:</span> <span class='ocrx_word' id='word_1_208' title='bbox 1340 4295 1431 4344; x_wconf 84' lang='lat' dir='ltr'>‘Haec</span> 
     </span>
     <span class='ocr_line' id='line_1_26' title="bbox 276 4372 1429 4435; baseline -0.001 -13"><span class='ocrx_word' id='word_1_209' title='bbox 276 4381 317 4422; x_wconf 88' lang='lat' dir='ltr'>est</span> <span class='ocrx_word' id='word_1_210' title='bbox 328 4374 458 4422; x_wconf 84' lang='lat' dir='ltr'>sententia</span> <span class='ocrx_word' id='word_1_211' title='bbox 470 4373 684 4435; x_wconf 81' lang='lat' dir='ltr'>philosophorum</span> <span class='ocrx_word' id='word_1_212' title='bbox 697 4387 864 4434; x_wconf 75' lang='lat' dir='ltr'>paganorum.</span> <span class='ocrx_word' id='word_1_213' title='bbox 900 4372 952 4422; x_wconf 87' lang='lat' dir='ltr'>Sed</span> <span class='ocrx_word' id='word_1_214' title='bbox 964 4373 1038 4423; x_wconf 89' lang='lat' dir='ltr'>nobis</span> <span class='ocrx_word' id='word_1_215' title='bbox 1051 4372 1206 4422; x_wconf 80' lang='lat' dir='ltr'>Christianis</span> <span class='ocrx_word' id='word_1_216' title='bbox 1218 4388 1270 4420; x_wconf 88' lang='lat' dir='ltr'>non</span> <span class='ocrx_word' id='word_1_217' title='bbox 1283 4381 1323 4421; x_wconf 75' lang='lat' dir='ltr'>est</span> <span class='ocrx_word' id='word_1_218' title='bbox 1334 4373 1429 4421; x_wconf 91' lang='lat' dir='ltr'>licitum</span> 
     </span>
     <span class='ocr_line' id='line_1_27' title="bbox 276 4450 1431 4513; baseline 0.003 -16"><span class='ocrx_word' id='word_1_219' title='bbox 276 4450 327 4498; x_wconf 90' lang='lat' dir='ltr'>hoc</span> <span class='ocrx_word' id='word_1_220' title='bbox 345 4453 443 4499; x_wconf 88' lang='lat' dir='ltr'>sentire</span> <span class='ocrx_word' id='word_1_221' title='bbox 468 4467 517 4500; x_wconf 88' lang='lat' dir='ltr'>nec</span> <span class='ocrx_word' id='word_1_222' title='bbox 539 4451 657 4509; x_wconf 75' lang='lat' dir='ltr'>firmare3</span> <span class='ocrx_word' id='word_1_223' title='bbox 679 4452 750 4513; x_wconf 88' lang='lat' dir='ltr'>qnod</span> <span class='ocrx_word' id='word_1_224' title='bbox 768 4451 819 4499; x_wconf 85' lang='lat' dir='ltr'>nisi</span> <span class='ocrx_word' id='word_1_225' title='bbox 835 4451 968 4500; x_wconf 84' lang='lat' dir='ltr'>habuisset</span> <span class='ocrx_word' id='word_1_226' title='bbox 985 4451 1061 4500; x_wconf 85' lang='lat' dir='ltr'>fidem</span> <span class='ocrx_word' id='word_1_227' title='bbox 1079 4451 1176 4501; x_wconf 88' lang='lat' dir='ltr'>Christi</span> <span class='ocrx_word' id='word_1_228' title='bbox 1194 4451 1332 4499; x_wconf 75' lang='lat' dir='ltr'>revelatam</span> <span class='ocrx_word' id='word_1_229' title='bbox 1349 4451 1383 4510; x_wconf 88' lang='lat' dir='ltr'>ei,</span> <span class='ocrx_word' id='word_1_230' title='bbox 1400 4467 1431 4500; x_wconf 75' lang='lat' dir='ltr'>uc</span> 
     </span>
     <span class='ocr_line' id='line_1_28' title="bbox 277 4529 1432 4592; baseline 0.001 -15"><span class='ocrx_word' id='word_1_231' title='bbox 277 4529 371 4578; x_wconf 82' lang='lat' dir='ltr'>suisset</span> <span class='ocrx_word' id='word_1_232' title='bbox 386 4531 529 4579; x_wconf 83' lang='lat' dir='ltr'>instructus</span> <span class='ocrx_word' id='word_1_233' title='bbox 541 4545 557 4578; x_wconf 78' lang='lat' dir='ltr'>a</span> <span class='ocrx_word' id='word_1_234' title='bbox 568 4529 713 4592; x_wconf 86' lang='lat' dir='ltr'>prophetis,</span> <span class='ocrx_word' id='word_1_235' title='bbox 729 4530 824 4578; x_wconf 79' lang='lat' dir='ltr'>salvari</span> <span class='ocrx_word' id='word_1_236' title='bbox 838 4545 893 4578; x_wconf 84' lang='lat' dir='ltr'>non</span> <span class='ocrx_word' id='word_1_237' title='bbox 906 4531 997 4592; x_wconf 74' lang='lat' dir='ltr'>potuit.</span> <span class='ocrx_word' id='word_1_238' title='bbox 1032 4531 1168 4579; x_wconf 82' lang='lat' dir='ltr'>Nescimus</span> <span class='ocrx_word' id='word_1_239' title='bbox 1181 4537 1265 4579; x_wconf 77' lang='lat' dir='ltr'>tamen</span> <span class='ocrx_word' id='word_1_240' title='bbox 1278 4530 1347 4591; x_wconf 89' lang='lat' dir='ltr'>quod</span> <span class='ocrx_word' id='word_1_241' title='bbox 1360 4529 1432 4578; x_wconf 87' lang='lat' dir='ltr'>Deus</span> 
     </span>
     <span class='ocr_line' id='line_1_29' title="bbox 277 4607 1431 4671; baseline 0 -15"><span class='ocrx_word' id='word_1_242' title='bbox 277 4608 338 4656; x_wconf 80' lang='lat' dir='ltr'>tecit</span> <span class='ocrx_word' id='word_1_243' title='bbox 350 4609 374 4656; x_wconf 87' lang='lat' dir='ltr'>ei</span> <span class='ocrx_word' id='word_1_244' title='bbox 386 4615 413 4656; x_wconf 92' lang='lat' dir='ltr'>et</span> <span class='ocrx_word' id='word_1_245' title='bbox 425 4609 483 4657; x_wconf 80' lang='lat' dir='ltr'>aliis</span> <span class='ocrx_word' id='word_1_246' title='bbox 496 4609 581 4670; x_wconf 79' lang='lat' dir='ltr'>dignis</span> <span class='ocrx_word' id='word_1_247' title='bbox 593 4608 728 4670; x_wconf 84' lang='lat' dir='ltr'>prophetis</span> <span class='ocrx_word' id='word_1_248' title='bbox 740 4615 767 4656; x_wconf 89' lang='lat' dir='ltr'>et</span> <span class='ocrx_word' id='word_1_249' title='bbox 775 4607 937 4671; x_wconf 86' lang='lat' dir='ltr'>philosophis</span> <span class='ocrx_word' id='word_1_250' title='bbox 948 4607 1040 4671; x_wconf 81' lang='lat' dir='ltr'>qurhus</span> <span class='ocrx_word' id='word_1_251' title='bbox 1052 4608 1124 4657; x_wconf 90' lang='lat' dir='ltr'>dedit</span> <span class='ocrx_word' id='word_1_252' title='bbox 1135 4609 1262 4671; x_wconf 74' lang='lat' dir='ltr'>magnalia</span> <span class='ocrx_word' id='word_1_253' title='bbox 1271 4607 1431 4670; x_wconf 62' lang='lat' dir='ltr'>supientiae)</span> 
     </span>
     <span class='ocr_line' id='line_1_30' title="bbox 278 4685 830 4752; baseline 0 -18"><span class='ocrx_word' id='word_1_254' title='bbox 278 4686 396 4752; x_wconf 77' lang='lat' dir='ltr'>[Tenner</span> <span class='ocrx_word' id='word_1_255' title='bbox 408 4686 485 4736; x_wconf 77' lang='lat' dir='ltr'>MSS.</span> <span class='ocrx_word' id='word_1_256' title='bbox 500 4687 554 4747; x_wconf 85' lang='lat'>11⁶,</span> <span class='ocrx_word' id='word_1_257' title='bbox 566 4687 620 4737; x_wconf 82' lang='lat' dir='ltr'>Sec.</span> <span class='ocrx_word' id='word_1_258' title='bbox 631 4685 721 4736; x_wconf 72' lang='lat' dir='ltr'>secur.</span> <span class='ocrx_word' id='word_1_259' title='bbox 733 4699 790 4748; x_wconf 74' lang='lat' dir='ltr'>cap.</span> <span class='ocrx_word' id='word_1_260' title='bbox 803 4685 830 4749; x_wconf 85' lang='lat' dir='ltr'>i.]</span> 
     </span>
    </p>
   </div>
   <div class='ocr_carea' id='block_1_8' title="bbox 345 4779 869 4831">
    <p class='ocr_par' dir='ltr' id='par_1_8' title="bbox 345 4779 869 4831">
     <span class='ocr_line' id='line_1_31' title="bbox 345 4779 869 4831; baseline 0.006 -4"><span class='ocrx_word' id='word_1_261' title='bbox 345 4779 428 4830; x_wconf 89' lang='lat' dir='ltr'><strong>VOL.</strong></span> <span class='ocrx_word' id='word_1_262' title='bbox 447 4780 471 4831; x_wconf 91' lang='lat'>1.</span> <span class='ocrx_word' id='word_1_263' title='bbox 842 4779 869 4830; x_wconf 92' lang='lat' dir='ltr'>D</span> 
     </span>
    </p>
   </div>
   <div class='ocr_carea' id='block_1_9' title="bbox 0 0 1822 5375">
    <p class='ocr_par' dir='ltr' id='par_1_9' title="bbox 0 0 1822 5375">
     <span class='ocr_line' id='line_1_32' title="bbox 0 0 1822 5375; baseline 0 0"><span class='ocrx_word' id='word_1_264' title='bbox 0 0 1822 5375; x_wconf 95' lang='lat' dir='ltr'> </span> 
     </span>
    </p>
   </div>
  </div>
 </body>
</html>
