3575 5375
329 562 390 625 302
552 545 708 604 OPERIS
732 544 922 614 MAJORIS
946 544 1061 602 PARS
1084 541 1268 616 QUARTA.

330 711 465 784 tendat3
487 722 521 774 et
540 709 615 774 ideo
633 709 702 773 sive
722 730 784 792 pro
805 707 1018 772 conversione
1038 706 1222 770 infidelium
1244 702 1482 789 proficiscatur,

328 825 386 878 aut
408 835 470 899 pro
490 814 563 878 aliis
589 814 745 879 ecclesiae
771 812 923 896 negotiis,
948 831 1081 874 necesse
1103 820 1154 874 est
1176 819 1214 873 ut
1235 809 1318 873 sciat
1344 809 1425 870 ritus
1447 815 1483 869 et

329 919 534 983 conditiones
575 919 723 982 omnium
761 915 945 990 nationum,
979 924 1142 997 quatenus
1178 914 1350 996 proposito
1387 920 1480 976 certo

330 1022 438 1086 locum
469 1023 638 1106 proprium
669 1031 781 1104 petat3
813 1040 864 1099 ne,
894 1021 922 1082 si
952 1019 1033 1083 velit
1062 1017 1215 1100 Paganos
1249 1017 1351 1096 adire,
1381 1017 1482 1078 cadat

331 1127 363 1190 in
394 1126 596 1206 idololatras,
618 1125 671 1190 vel
697 1127 724 1192 si
747 1126 822 1190 illos
843 1125 1007 1203 intendat,
1030 1123 1235 1189 scismaticos
1258 1121 1404 1198 invadat,
1426 1119 1480 1182 vel

329 1252 390 1314 pro
414 1231 607 1295 scismaticis
630 1232 823 1295 obedientes
851 1231 1023 1293 Romanae
1043 1227 1201 1292 ecclesiae
1222 1227 1333 1310 eligat,
1354 1235 1412 1289 aut
1430 1225 1479 1286 in·

329 1335 519 1400 differentes
539 1336 671 1416 utrique
693 1335 788 1418 parti,
804 1333 991 1414 cujusmodi
1012 1341 1090 1396 sunt
1110 1329 1225 1415 populi
1246 1331 1302 1412 qui
1318 1338 1479 1393 vocantur

330 1439 421 1517 Aas3
454 1450 617 1520 quatenus
649 1439 750 1502 etiarn
787 1437 1005 1501 Nestorianos
1041 1435 1232 1500 desiderans
1268 1432 1478 1497 Nicholaitas

329 1543 474 1607 declinet
487 1567 495 1619 3
513 1554 547 1608 et
562 1544 610 1606 sic
626 1543 739 1607 multis
753 1542 909 1624 gentibus
922 1550 1086 1605 sectarum
1103 1541 1308 1603 diversarum
1323 1558 1366 1600 ne
1381 1556 1481 1600 unam

329 1667 390 1730 pro
421 1647 484 1711 alia
515 1647 617 1728 eligat
643 1646 839 1710 oberrando.
885 1643 1137 1728 Quamplurimi
1164 1645 1253 1706 enim
1289 1664 1309 1706 a
1340 1641 1483 1725 negotiis

331 1750 594 1815 Christianorum
630 1750 785 1813 maximis
815 1759 892 1813 sunt
925 1749 1073 1812 frustrati
1107 1769 1148 1810 eo
1181 1747 1272 1830 quod
1309 1748 1481 1830 regionum

332 1856 560 1920 distinctiones
585 1857 802 1920 nesciverunt.

163 1973 201 2034 (3)
215 1971 266 2020 For
378 1958 508 2022 Deinde
523 1979 587 2023 non
604 1959 733 2023 modica
748 1956 926 2022 necessitas
946 1956 1071 2020 sciendi
1090 1956 1165 2020 loca
1185 1955 1300 2020 mundi
1319 1955 1424 2020 oritur
1438 1975 1483 2017 ex

160 2037 309 2153 {l‘t'ffidefie
333 2063 406 2141 hoc,
421 2063 511 2144 quod
527 2071 660 2145 oportet
676 2061 849 2126 ecclesiam
864 2061 992 2145 optime
1006 2061 1091 2125 scire
1106 2060 1207 2124 situm
1223 2069 1258 2123 et
1274 2059 1483 2124 conditiones

161 2169 237 2219 tribes
248 2168 298 2246 ond
333 2168 448 2231 decem
478 2167 624 2230 tribuum
652 2165 865 2248 Judaeorum,
894 2165 952 2247 qui
980 2165 1123 2229 exibunt
1153 2165 1186 2228 in
1210 2165 1329 2228 diebus
1355 2163 1483 2228 suturis.

161 2234 269 2350 [llssln
332 2271 422 2335 Nam
436 2269 574 2335 Orosius
585 2271 617 2334 in
629 2269 714 2334 libro
730 2271 772 2334 de
788 2269 945 2334 Ormesta
964 2268 1082 2332 Mundi
1098 2268 1141 2332 ad
1154 2267 1381 2352 Augustinum
1396 2268 1482 2331 libro

295 2419 306 2426 -
331 2375 431 2440 tertio
449 2376 549 2453 dicit;
575 2373 700 2454 Ochus,
719 2374 775 2455 qui
798 2384 850 2438 est
864 2373 1088 2450 Artaxerxes,
1103 2374 1264 2456 plurimos
1279 2373 1484 2454 Judaeorum

332 2480 365 2542 in
380 2479 702 2564 transmigrationem
719 2479 796 2561 egit,
811 2488 913 2561 atque
929 2479 961 2541 in
976 2478 1147 2560 Hyrcania
1161 2478 1205 2542 ad
1222 2477 1380 2559 Caspium
1393 2496 1485 2540 mare

331 2583 481 2647 habitare
505 2584 672 2666 praecepit
685 2605 693 2662 ;
716 2604 800 2666 quos
824 2604 929 2666 usque
953 2582 987 2645 in
1011 2583 1208 2646 hodiernum
1232 2583 1319 2645 diem
1347 2581 1483 2664 amplis·

330 2686 422 2751 simis
438 2689 567 2770 generis
582 2689 632 2752 sui
648 2688 857 2753 incrementis
872 2686 1054 2751 consistere
1070 2699 1171 2769 atque
1192 2688 1315 2752 exinde
1335 2689 1484 2769 quando·

331 2813 396 2874 que
411 2802 585 2875 erupturos
600 2792 714 2874 opinio
733 2804 792 2857 est.
832 2792 878 2855 Et
894 2793 1054 2874 magister
1069 2792 1101 2855 in
1117 2792 1263 2856 historiis
1278 2792 1382 2871 addit,
1393 2791 1485 2874 quod

332 2895 527 2959 Alexander
539 2915 680 2978 magnus
695 2896 868 2960 conclusos
884 2896 930 2960 ibi
946 2897 1080 2975 invenit,
1092 2908 1126 2961 et
1138 2897 1181 2960 ob
1194 2896 1357 2961 malitiam
1369 2915 1484 2960 eorum

331 3000 451 3063 arctius
478 3020 536 3064 eos
566 3000 778 3078 constrinxit,
805 3021 890 3083 quos
914 3010 1028 3065 tamen
1055 3021 1246 3084 egressuros
1271 3001 1358 3065 circa
1382 3001 1484 3064 finem

333 3104 448 3169 mundi
469 3113 619 3178 testatur,
635 3113 674 3167 et.
693 3124 850 3187 magnam
872 3114 1017 3189 stragem
1036 3104 1210 3169 hominum
1232 3126 1303 3169 esse
1327 3104 1481 3170 facturos.

333 3208 379 3271 Et
405 3208 436 3272 in
464 3206 728 3292 cosmographia
753 3228 812 3271 sua
839 3208 977 3273 Ethicus
1000 3206 1234 3273 astronomus¹
1262 3209 1343 3274 dicit
1368 3218 1484 3293 gentes

331 3313 440 3377 varias
463 3313 584 3376 debere
605 3312 697 3377 exire
720 3313 806 3376 circa
832 3314 904 3377 dies
929 3313 1140 3390 Antichristi,
1162 3323 1197 3376 et
1220 3332 1296 3377 eum
1316 3314 1484 3377 vocabunt

333 3416 444 3481 Deum
468 3417 627 3493 Deorum,
645 3417 736 3500 prius
760 3418 874 3482 mundi
901 3418 1052 3501 regiones
1069 3418 1241 3481 vastaturi.
1287 3417 1334 3483 Et
1362 3418 1483 3481 Hiero·

333 3540 453 3601 nymus
476 3520 539 3587 hoc
561 3520 736 3585 confirmat
758 3521 792 3585 in
818 3522 904 3585 libro
927 3542 1026 3605 quem
1053 3520 1220 3586 transtulit
1247 3522 1290 3586 de
1313 3520 1484 3605 sapientiis

332 3624 431 3707 hujus
446 3624 644 3710 philosophi.

363 3792 372 3824 ¹
391 3793 485 3843 Under
500 3795 553 3844 this
570 3794 626 3844 title
643 3803 698 3845 two
716 3797 898 3858 geographical
914 3798 1020 3848 writers
1037 3798 1068 3846 ol
1085 3798 1130 3847 the
1149 3795 1223 3861 early
1240 3796 1337 3847 middle
1357 3813 1421 3860 ages
1438 3812 1484 3846 are

331 3872 401 3922 osten
419 3872 592 3923 conlounded.
626 3874 686 3923 One
709 3874 732 3923 is
751 3874 836 3935 ‚lulius
855 3875 999 3937 Honorius,
1017 3876 1166 3926 sometimes
1186 3876 1287 3939 spoken
1305 3876 1337 3926 ot'
1350 3892 1379 3925 as
1397 3876 1483 3936 Julius

330 3952 465 4002 Aethieus.
499 3950 556 4000 The
573 3952 648 4001 work
665 3953 695 4001 of
707 3953 752 4002 the
769 3953 845 4002 other
860 3955 883 4003 is
900 3955 999 4004 known
1015 3970 1045 4004 rs
1061 3955 1261 4019 cosmographia
1280 3956 1380 4004 Aethr'cr'
1395 3956 1483 4016 Istro,

329 4032 436 4081 written
453 4030 480 4079 in
498 4029 638 4080 barbarous
656 4030 740 4091 latin,
756 4032 809 4080 and
826 4032 972 4095 sabulously
983 4034 1038 4082 said
1055 4041 1084 4082 to
1100 4034 1168 4083 have
1179 4034 1246 4083 been
1263 4035 1406 4084 translated
1418 4035 1483 4084 from

330 4110 376 4159 the
387 4108 474 4159 Greek
485 4108 520 4170 by
530 4109 568 4160 St.
575 4109 690 4168 lerome.
724 4110 764 4160 To
776 4111 821 4159 the
833 4111 889 4160 first
901 4113 923 4160 is
934 4113 1047 4175 perhaps
1060 4114 1111 4161 due
1123 4116 1166 4173 (or
1177 4128 1211 4162 on
1224 4113 1268 4162 the
1280 4113 1356 4162 other
1366 4114 1435 4163 hand
1443 4113 1484 4163 his

329 4190 405 4239 work
421 4204 480 4250 may
498 4188 530 4236 be
546 4205 562 4237 a
580 4188 752 4238 modification
770 4189 809 4249 ol)
826 4190 871 4239 the
888 4205 1020 4252 summary
1035 4192 1067 4241 os
1079 4192 1235 4253 geography
1252 4191 1370 4254 prefixed
1390 4200 1417 4242 to
1437 4194 1483 4241 the

329 4268 430 4331 history
449 4268 479 4317 ol
495 4268 614 4318 Orosius.
647 4266 704 4316 The
721 4269 829 4327 second,
846 4270 1001 4331 purporting
1018 4276 1047 4317 to
1067 4270 1100 4319 be
1119 4270 1225 4318 written
1242 4270 1278 4331 by
1293 4286 1311 4319 a
1327 4272 1484 4332 mysterious

329 4346 450 4396 traveller
459 4346 521 4395 who
532 4346 627 4396 visited
638 4346 673 4395 ull
684 4353 756 4408 parts
767 4346 797 4395 ol
809 4348 854 4395 the
867 4348 975 4407 known,
986 4349 1037 4396 and
1049 4363 1128 4409 many
1139 4346 1168 4397 ol
1181 4348 1226 4396 the
1236 4348 1378 4409 unknown,
1390 4348 1483 4411 world,

328 4426 351 4474 is
367 4440 383 4473 a
399 4424 507 4474 trertise
519 4425 620 4488 wholly
630 4425 742 4475 without
757 4425 838 4488 velue,
852 4432 947 4488 except
963 4440 998 4474 on
1016 4427 1059 4475 the
1078 4427 1179 4488 ground
1197 4426 1227 4475 ol
1241 4427 1274 4475 its
1290 4428 1439 4489 popularity
1454 4443 1484 4477 as

328 4519 344 4553 a
361 4504 498 4553 text-book
508 4504 538 4552 ol
550 4504 703 4568 geogmphy
714 4504 741 4553 in
752 4504 799 4553 the
809 4503 904 4554 middle
919 4519 992 4567 ages.
1027 4504 1076 4569 (Ct
1090 4504 1224 4567 Bunbury,
1234 4506 1286 4556 vol.
1297 4506 1323 4555 ii.
1336 4521 1379 4569 pp.
1391 4508 1482 4570 ὀρθ-3,

328 4581 551 4647 mmmm
