3575 5375
372 586 432 649 234
593 570 750 632 OPERIS
773 572 961 643 MAJORIS
985 572 1100 633 PARS
1123 573 1307 647 QUARTA.

373 733 500 817 eritque
522 733 684 799 diameter
707 734 795 800 Solis
818 735 861 800 ad
887 736 1086 801 diametrum
1110 736 1233 802 Terrae
1254 737 1467 821 quintuplum
1490 745 1525 802 et

373 839 534 902 medietas
557 839 628 921 ejus
654 839 731 904 sere.
778 839 814 904 Si
839 861 919 922 ergo
943 862 1003 925 per
1025 842 1226 908 diametrum
1249 841 1374 906 Terrae
1400 852 1526 917 notam,

372 951 535 1023 quaeest
562 943 667 1024 6,500‚
693 946 931 1029 sumpserimus
960 946 1160 1011 diametrum
1197 944 1284 1011 Solis
1313 947 1376 1010 erit
1406 959 1521 1030 35,941

372 1045 531 1122 milliaria,
555 1057 589 1110 et
613 1065 651 1112 12
670 1049 819 1114 decimae
838 1050 1002 1133 septimae
1017 1050 1113 1114 unius
1128 1061 1276 1134 quartae.
1322 1051 1368 1114 Et
1390 1051 1418 1113 si
1441 1050 1524 1114 haec

371 1151 540 1232 quantitas
554 1151 737 1235 triplicetur
751 1173 827 1218 cum
841 1154 1011 1218 additione
1029 1154 1191 1236 septimae
1211 1154 1324 1239 partis,
1339 1155 1400 1217 erit
1417 1174 1524 1236 quan·

371 1254 450 1317 titas
475 1256 686 1321 rotunditatis
707 1256 795 1322 Solis
822 1259 957 1342 119,803
980 1259 1132 1322 milliaria
1152 1268 1185 1323 et
1208 1279 1275 1323 una
1297 1259 1405 1333 tertia,
1425 1269 1459 1322 et
1483 1275 1524 1320 12

371 1359 520 1424 decimae
534 1361 696 1442 septimae
710 1363 807 1426 unius
822 1372 971 1444 quartae.
1017 1363 1064 1426 Et
1079 1364 1106 1427 si
1118 1363 1311 1426 duxerimus
1323 1364 1522 1426 diametrum

371 1462 404 1524 in
422 1464 661 1529 rotunditatem
676 1466 739 1531 erit
754 1476 827 1530 tota
840 1465 1029 1549 superficies
1042 1465 1132 1531 Solis
1145 1466 1432 1550 292,783,785,375
1448 1465 1523 1529 mil-

370 1565 474 1631 liaria.
519 1568 565 1632 Et
580 1569 608 1631 si
624 1571 793 1651 quantitas
808 1570 962 1634 diametri
975 1570 1062 1637 Solis
1077 1582 1228 1654 respectu
1241 1572 1393 1636 diametri
1407 1571 1524 1634 Lunae

372 1681 506 1754 sumpta
523 1672 758 1756 multiplicetur
773 1674 806 1736 in
827 1695 863 1738 se
883 1675 1007 1751 cubice,
1022 1676 1085 1740 erit
1103 1675 1158 1741 hic
1178 1677 1281 1740 cubus
1301 1676 1412 1740 sexies
1431 1674 1522 1738 mille

370 1784 405 1839 et
420 1776 674 1860 sexcentuplum
690 1788 725 1842 et
739 1779 1055 1862 quadragintuplum
1076 1790 1110 1845 et
1127 1779 1350 1863 quadmplum
1371 1788 1523 1861 respectu

371 1880 519 1963 corporis
546 1881 671 1960 Lunae,
694 1892 729 1947 et
759 1883 922 1948 medietas
952 1883 1022 1967 ejus
1052 1882 1142 1963 lere3
1174 1894 1208 1948 et
1231 1885 1309 1948 ideo
1340 1884 1523 1947 secundum

371 1985 602 2068 quantitatem,
618 1997 770 2068 quaeest
786 2009 905 2071 corpus
922 1989 1038 2053 Lunae
1053 2009 1129 2072 pars
1151 2009 1228 2064 una,
1244 1989 1307 2052 erit
1328 1987 1523 2070 magnitudo

372 2089 518 2173 corporis
549 2088 636 2155 Solis
673 2101 823 2174 respectu
854 2092 972 2157 Lunae
1007 2094 1116 2157 sexies
1145 2092 1238 2156 mille
1267 2091 1523 2175 sexcentuplum

371 2194 687 2277 quadragintuplum
703 2204 737 2259 et
751 2196 975 2281 quadruplum
991 2205 1026 2261 et
1041 2198 1203 2262 medietas
1219 2196 1290 2279 ejus
1305 2195 1381 2260 lere.
1420 2195 1522 2279 Quod

371 2299 398 2362 si
413 2298 574 2364 diameter
595 2297 684 2365 Solis
702 2311 891 2383 comparata
910 2303 953 2366 ad
973 2301 1174 2366 diametrum
1189 2301 1313 2366 Terrae
1334 2302 1472 2366 ducatur
1489 2301 1523 2364 in

370 2422 407 2466 se
430 2404 553 2482 cubice,
576 2404 634 2468 fiet
655 2405 760 2470 cubus
785 2406 842 2490 qui
869 2406 933 2470 erit
958 2404 1151 2490 centuplum
1178 2414 1213 2469 et
1239 2406 1524 2489 septuagesimum

372 2506 449 2572 lere.
497 2508 543 2572 Et
557 2509 633 2573 ideo
651 2508 710 2574 Sol
727 2520 777 2574 est
792 2511 914 2575 centies
929 2510 1156 2593 septuagesies
1176 2509 1245 2573 sere
1265 2509 1371 2592 major
1386 2529 1524 2592 corpore

371 2610 505 2675 Terrae.
553 2613 598 2676 Et
614 2615 701 2677 istud
717 2615 808 2697 quod
824 2615 906 2679 dicit
922 2614 989 2678 sere
1005 2614 1184 2700 exponitur
1201 2637 1222 2679 a
1237 2613 1362 2678 Thebit
1384 2614 1416 2677 in
1436 2613 1524 2678 libro

371 2738 440 2797 suo,
455 2719 511 2801 qui
529 2718 723 2797 intitulatur,
734 2720 787 2783 De
800 2721 839 2783 iis
854 2741 940 2804 quae
956 2721 1106 2803 indigent
1116 2720 1327 2804 expositione
1340 2730 1521 2803 antequam

372 2821 502 2904 legatur
515 2821 761 2907 Almagestum.
806 2823 875 2890 Sed
894 2845 956 2888 nec
977 2826 1115 2889 omnino
1135 2825 1290 2908 praecise.
1337 2824 1425 2889 Nam
1441 2824 1523 2889 dicit

371 2928 461 3009 quod
485 2925 545 2991 Sol
570 2937 619 2991 est
641 2929 764 2993 centies
787 2930 977 3013 sexagesies
997 2930 1107 2993 sexies
1129 2929 1276 3011 aequalis
1299 2929 1429 2993 Terrae.
1478 2928 1522 2992 Et

370 3029 573 3113 Alfraganus
604 3032 678 3094 xxii
708 3033 854 3115 capitulo
885 3034 935 3096 sui
967 3032 1039 3098 libri
1063 3034 1158 3099 addit
1185 3054 1283 3118 super
1309 3033 1372 3098 hoc
1394 3034 1522 3097 dictum

371 3134 496 3200 Thebit
520 3147 674 3218 quartam
696 3147 731 3201 et
755 3148 909 3202 octavam
931 3138 1064 3214 Terrae,
1085 3159 1169 3221 quas
1191 3138 1281 3221 prius
1304 3138 1521 3201 determinavi

370 3249 507 3324 propter
521 3240 608 3304 hunc
624 3242 733 3306 locum
750 3241 1010 3307 certificandum.
1057 3244 1120 3307 Est
1135 3244 1236 3326 igitur
1251 3240 1310 3308 Sol
1326 3242 1432 3325 major
1449 3251 1523 3305 tota

371 3344 473 3409 Terra
489 3346 612 3410 centies
632 3347 822 3430 sexagesies
841 3368 917 3412 cum
938 3357 1056 3431 quarta
1076 3359 1111 3412 et
1131 3357 1249 3412 octava
1263 3347 1387 3410 Terrae
1406 3367 1520 3430 super-

369 3450 502 3514 additis.
562 3450 608 3515 Et
638 3451 725 3516 istud
761 3462 811 3517 est
845 3452 993 3535 praecisa
1023 3453 1191 3534 quantitas
1221 3450 1310 3516 Solis
1338 3451 1522 3517 secundum

370 3553 649 3619 considerationes
663 3564 847 3621 auctorum.

200 3665 305 3741 mmer-
414 3655 624 3722 Ptolemaeus
638 3680 716 3722 vero
731 3680 797 3725 non
814 3658 1044 3724 determinavit
1059 3658 1119 3724 nisi
1134 3659 1356 3742 quantitatem
1378 3657 1465 3722 Solis
1486 3670 1523 3724 et

200 3732 355 3862 fflfflm
370 3759 494 3823 Lunae
562 3761 628 3826 Sed
663 3760 864 3847 Alsraganus
901 3764 982 3827 dicit
1020 3763 1094 3826 xxii
1132 3762 1276 3847 capitulo
1313 3764 1521 3829 consimilem

370 3864 507 3928 modum
530 3884 602 3929 esse
622 3866 655 3928 in
676 3866 759 3939 aliis,
775 3888 875 3949 quem
893 3868 1103 3931 Ptolemaeus
1122 3868 1249 3951 accepit
1270 3868 1304 3930 in
1322 3868 1384 3931 his.
1431 3867 1521 3932 Nam

369 3971 550 4033 secundum
571 3973 660 4052 quod
678 3972 802 4047 invenit
824 3971 915 4055 quod
933 3972 1096 4036 diameter
1118 3972 1244 4048 Lunae,
1260 3973 1394 4054 quando
1416 3983 1467 4037 est
1488 3974 1522 4036 in

367 4073 577 4157 longitudine
607 4095 667 4138 sua
696 4078 844 4141 maxima
873 4086 909 4141 et
934 4076 1044 4160 plena,
1071 4089 1123 4139 est
1149 4077 1183 4139 in
1208 4086 1347 4159 aspectu
1374 4077 1523 4159 aequalis

369 4179 531 4244 diametro
552 4178 650 4259 Solis,
668 4181 818 4245 similiter
835 4192 887 4246 est
909 4202 985 4245 cum
1008 4181 1064 4243 alii
1083 4182 1237 4263 planetae
1257 4191 1334 4246 sunt
1354 4182 1389 4245 in
1409 4182 1523 4246 medio

368 4283 611 4367 longitudinum
627 4307 770 4363 suarum,
786 4286 940 4350 diametri
958 4306 1073 4350 eorum
1094 4286 1220 4350 habent
1235 4286 1522 4369 comparationem

368 4389 412 4452 ad
443 4388 640 4452 diametrum
673 4388 760 4455 Solis
790 4391 824 4453 in
854 4390 1039 4472 quantitate
1069 4400 1169 4455 certa.
1229 4390 1404 4454 Diameter
1432 4392 1523 4456 enim

370 4490 525 4556 Mercurii
542 4494 573 4555 in
588 4504 723 4575 aspectu
745 4504 796 4559 est
815 4515 861 4558 xv
881 4514 958 4577 pars
977 4495 1130 4558 diametri
1150 4493 1247 4573 Solis,
1263 4505 1296 4559 et
1312 4495 1451 4558 Veneris
1470 4506 1525 4560 est

370 4593 501 4659 decima
525 4617 603 4680 pars
622 4598 775 4662 diametri
799 4598 896 4676 Solis,
912 4598 1032 4663 Martis
1054 4610 1104 4665 est
1122 4620 1183 4678 xx,
1197 4599 1291 4682 Jovis
1311 4599 1368 4679 xii,
1384 4596 1524 4664 Saturni
