3575 5375
371 625 429 669 102
585 608 741 668 OPERIS
765 608 953 679 MAJORIS
977 608 1092 668 PARS
1117 607 1302 681 QUARTA.

367 771 478 835 omnia
515 781 593 837 sunt
630 773 810 837 secundum
841 772 1038 837 sententiam
1071 770 1265 855 Alpharabii
1302 770 1334 834 in
1364 769 1445 833 libro
1478 768 1522 833 de

366 875 516 955 scientiis,
542 888 575 940 et
595 885 710 958 patent
733 875 880 940 similiter
903 897 963 960 per
984 874 1202 940 Aristotelem
1225 883 1259 939 et
1283 874 1465 938 Averroem
1489 873 1520 935 in

369 979 457 1044 libris
480 980 557 1057 suis,
575 980 654 1044 licet
679 980 788 1043 latini
811 979 929 1044 horum
954 1000 1048 1043 usum
1073 1000 1139 1043 non
1163 979 1318 1043 habeant.
1364 978 1431 1043 Sed
1454 997 1521 1041 non

368 1084 477 1149 solum
493 1085 661 1166 dependet
677 1084 823 1167 cognitio
837 1083 965 1168 logicae
985 1105 1005 1148 a
1024 1084 1259 1149 mathematica
1274 1094 1410 1166 propter
1423 1102 1518 1147 suum

369 1187 478 1266 finem,
500 1189 559 1253 sed
586 1199 723 1271 propter
748 1188 892 1253 medium
919 1197 952 1252 et
972 1209 1029 1251 cor
1050 1188 1130 1270 ejus,
1153 1190 1243 1272 quod
1267 1199 1318 1253 est
1341 1188 1423 1251 liber
1444 1207 1521 1269 pos·

367 1293 533 1366 tenorum,
546 1314 626 1357 nam
649 1292 704 1357 ille
720 1292 803 1357 liber
822 1294 922 1358 docet
944 1302 1048 1357 artem
1069 1292 1327 1356 demonstrandi.
1374 1290 1441 1356 Sed
1461 1312 1521 1355 nec

368 1397 527 1482 principia
556 1397 856 1474 demonstrationis,-
890 1418 950 1461 nec
986 1396 1222 1472 conclusiones,
1254 1416 1314 1462 nec
1348 1396 1420 1479 ipsa
1449 1404 1520 1458 tota

368 1512 479 1587 potest
502 1502 668 1586 cognosci,
688 1522 748 1566 nec
776 1501 977 1565 manifestari
1002 1501 1061 1565 nisi
1088 1502 1120 1565 in
1145 1500 1386 1564 mathematicis
1414 1500 1521 1577 rebus,

369 1606 447 1690 quia
461 1605 504 1669 ibi
519 1606 626 1670 solum
644 1615 695 1671 est
709 1605 949 1671 demonstratio
960 1626 1037 1670 vera
1053 1616 1087 1671 et
1098 1615 1229 1687 potens,
1239 1616 1276 1667 ut
1287 1625 1404 1670 onmes
1415 1603 1521 1668 sciunt

368 1720 402 1775 et
419 1720 607 1792 exponetur
621 1720 706 1793 post.
753 1710 966 1795 Quapropter
981 1730 1114 1775 necesse
1135 1719 1186 1773 est
1202 1710 1341 1791 logicam
1358 1730 1378 1772 a
1392 1708 1521 1773 mathe-

369 1814 497 1878 maticis
511 1815 709 1898 dependere.

200 1926 316 1977 without
415 1919 501 1982 Item
517 1928 652 2002 propter
672 1939 767 1983 suum
789 1917 993 2003 principium,
1009 1938 1075 1982 non
1092 1917 1198 1981 solum
1221 1927 1357 2001 propter
1377 1916 1521 1980 medium

199 1993 331 2110 fflc‘ffi,
371 2031 405 2087 et
435 2022 543 2086 finem.
604 2023 693 2087 Nam
723 2023 806 2086 liber
835 2023 1175 2107 praedicamentorum
1205 2031 1256 2085 est
1287 2021 1412 2104 primus
1442 2021 1523 2084 liber

199 2125 345 2241 ,Cffii‘ioe
372 2126 497 2211 logicae
512 2128 692 2192 secundum
707 2126 934 2193 Aristotelem.
981 2126 1048 2192 Sed
1068 2136 1197 2190 constat
1218 2127 1521 2208 praedicamentum

199 2256 355 2322 intelligitus.
369 2232 564 2317 quantitatis
584 2234 738 2315 cognosci
759 2253 825 2296 non
849 2252 948 2315 posse
967 2231 1036 2296 sine
1058 2231 1300 2295 mathematica.
1347 2230 1435 2293 Nam
1451 2228 1522 2293 sola

368 2336 601 2402 mathematica
619 2336 826 2402 constituitur
848 2338 891 2400 de
914 2336 1100 2419 quantitate
1120 2334 1351 2418 cognoscenda
1407 2332 1521 2416 Quan-

368 2440 454 2505 titati
468 2461 547 2505 vero
561 2461 693 2505 annexa
708 2450 786 2505 sunt
801 2441 1067 2522 praedicamenta
1083 2440 1125 2502 de
1141 2440 1275 2521 quando
1291 2447 1324 2501 et
1338 2437 1401 2501 ubi.
1433 2438 1520 2501 Nam

368 2545 503 2628 quando
515 2545 635 2609 attinet
644 2545 796 2629 tempori,
806 2553 840 2609 et
852 2544 908 2607 ubi
920 2544 1023 2608 oritur
1036 2564 1079 2607 ex
1093 2542 1176 2607 loco.
1215 2542 1521 2606 Praedicamentum

369 2646 501 2712 habitus
517 2668 583 2713 non
600 2658 711 2733 potest
732 2647 886 2733 cognosci
907 2649 977 2712 sine
998 2647 1266 2732 praedicamento
1288 2646 1351 2724 ubi,
1368 2656 1404 2710 ut
1425 2647 1523 2711 docet

371 2752 538 2816 Averroes
553 2753 584 2815 in
600 2753 716 2835 quinto
734 2753 995 2837 Metaphysicae.
1041 2753 1152 2835 Major
1173 2772 1252 2815 vero
1267 2771 1343 2834 pars
1359 2752 1522 2833 praedica·

370 2856 471 2919 menti
483 2855 650 2938 qualitatis
661 2857 808 2921 continet
824 2857 993 2938 passiones
1009 2865 1042 2919 et
1058 2855 1276 2940 proprietates
1288 2856 1522 2938 quantitatum,

369 2959 446 3042 quia
458 2960 567 3023 omnia
577 2981 663 3043 quae
673 2970 751 3024 sunt
769 2961 799 3023 in
812 2971 931 3044 quarto
941 2981 1060 3044 genere
1071 2959 1239 3043 qualitatis
1249 2970 1407 3024 vocantur
1417 2959 1521 3043 quali-

369 3073 456 3129 tates
467 3064 746 3146 inquantitatibus
788 3065 833 3129 Et
843 3085 959 3129 omnes
970 3065 1139 3148 passiones
1151 3085 1263 3129 earum
1276 3063 1523 3147 quaeabsolute

370 3168 532 3233 debentur
546 3169 593 3233 eis
607 3180 685 3233 sunt
700 3170 888 3252 qualitates,
904 3171 948 3234 de
962 3170 1080 3252 quibus
1097 3189 1217 3254 magna
1232 3189 1309 3250 pars
1323 3169 1524 3252 geometriae

370 3283 404 3338 et
419 3273 645 3339 arithmeticae
665 3275 918 3350 constituuntur,
934 3275 1017 3338 sicut
1033 3283 1110 3338 sunt
1127 3283 1251 3338 rectum
1274 3284 1308 3337 et
1328 3294 1472 3348 curvum,
1490 3283 1523 3338 et

369 3389 499 3444 caetera
514 3399 602 3461 quae
617 3380 721 3444 lineae
740 3380 912 3458 debentur,
928 3389 960 3444 et
984 3379 1198 3462 triangulatio
1218 3390 1251 3441 et
1272 3378 1381 3441 omnis
1399 3378 1524 3460 reliqua

370 3479 535 3564 figuratio,
555 3503 642 3566 quae
662 3481 844 3566 superficiei
867 3492 901 3546 et
922 3482 1050 3566 corpori
1071 3482 1302 3564 assignantur;
1325 3492 1359 3546 et
1379 3484 1522 3567 primum

371 3587 629 3670 incompositum
653 3586 685 3649 in
710 3588 864 3663 numeris,
881 3597 918 3650 ut
942 3588 1041 3652 docet
1058 3586 1256 3651 Aristoteles
1278 3587 1395 3670 quinto
1415 3587 1524 3650 Meta·

370 3689 527 3772 physicae
539 3701 574 3754 et
586 3700 735 3755 caeterae
746 3692 916 3773 passiones
930 3711 1139 3755 numerorum
1152 3691 1332 3756 absolutae.
1357 3689 1524 3773 Quicquid

370 3805 483 3859 autem
500 3795 639 3878 dignum
661 3805 712 3859 est
727 3797 990 3860 consideratione
1012 3797 1043 3859 in
1066 3797 1335 3879 praedicamento
1356 3797 1523 3860 relationis

369 3907 422 3962 est
437 3900 620 3982 proprietas
635 3900 840 3982 quantitatis,
856 3909 893 3964 ut
914 3910 991 3964 sunt
1013 3901 1244 3983 proportiones
1264 3910 1298 3963 et
1313 3901 1523 3985 proportion-

371 4001 513 4079 alitates,
522 4012 556 4066 et
572 4004 766 4067 medietates
781 4005 1015 4087 geometricae,
1025 4015 1058 4068 et
1071 4004 1311 4079 arithmeticae,
1322 4016 1355 4068 et
1368 4005 1524 4084 musicae,

371 4116 405 4170 et
420 4107 547 4188 species
563 4106 697 4189 majoris
713 4108 957 4191 inaequalitatis
973 4118 1006 4172 et
1023 4109 1166 4172 minoris.
1214 4107 1431 4173 Substantiae
1444 4129 1524 4172 vero

371 4209 556 4292 spirituales
578 4230 645 4274 non
668 4222 916 4296 cognoscuntur
938 4234 997 4295 per
1018 4212 1263 4297 philosophiam
1289 4214 1349 4277 nisi
1372 4234 1431 4296 per
1452 4234 1524 4278 cor·

371 4313 513 4396 porales,
529 4324 563 4379 et
579 4316 728 4380 maxime
742 4317 1012 4400 supercoelestes,
1023 4319 1202 4383 secundum
1219 4319 1309 4400 quod
1326 4316 1525 4382 Aristoteles

371 4417 468 4483 docet
493 4419 669 4483 undecimo
693 4420 955 4503 Metaphysicae.
1011 4421 1082 4486 Nec
1105 4420 1259 4487 inferiora
1281 4432 1526 4505 cognoscuntur

371 4521 432 4584 nisi
448 4542 507 4606 per
522 4524 699 4607 superiora,
714 4525 793 4607 quia
808 4524 963 4588 coelestia
978 4536 1053 4589 suut
1076 4545 1195 4590 causae
1211 4525 1408 4590 inferiorum.
1456 4524 1523 4590 Sed

371 4624 527 4690 coelestia
553 4646 619 4689 non
643 4636 886 4710 cognoscuntur
908 4629 969 4691 nisi
993 4650 1052 4712 per
1073 4631 1305 4712 quantitatem,
1324 4630 1407 4694 sicut
1429 4641 1524 4714 patet
