3575 5375
729 632 1012 692 ASTROLOGIA.
1383 645 1444 707 395

293 799 442 880 quotidie
460 809 670 882 peraguntur.
716 798 762 860 Et
777 796 989 861 nihilominus
1005 796 1079 878 jura
1093 794 1217 859 debent
1237 815 1308 858 esse
1330 795 1361 858 in
1382 815 1441 857 usu

293 903 453 968 bonorum
470 905 652 981 hominurn,
668 904 819 984 quamvis
835 922 894 985 per
909 901 1134 966 cavillationes
1150 910 1185 965 et
1200 900 1331 963 fraudes
1347 898 1442 962 multi

289 1007 426 1088 juristae
438 1009 566 1089 juribus
582 1009 772 1072 abutuntur.
819 1006 865 1070 Et
881 1025 968 1069 nunc
982 1006 1134 1068 videmus
1149 1007 1239 1086 quod
1256 1004 1330 1086 plus
1344 1012 1394 1066 est
1410 1003 1442 1065 in

292 1133 352 1176 usu
368 1115 573 1177 studentium
589 1112 744 1195 quicquid
761 1114 803 1176 de
819 1108 1084 1175 cavillationibus
1100 1111 1142 1173 sit
1160 1111 1320 1191 scriptum
1341 1129 1442 1190 quam

292 1238 388 1281 verus
401 1239 478 1282 usus
491 1219 812 1283 demonstrationum
827 1241 834 1292 ;
857 1236 924 1280 non
935 1225 1047 1280 tamen
1064 1224 1200 1298 propter
1214 1213 1277 1277 hoc
1293 1214 1440 1279 studium

291 1323 474 1404 sapientiae
503 1324 729 1386 damnandum
765 1330 826 1385 est.
885 1320 975 1383 Nam
1010 1340 1141 1403 semper
1176 1319 1254 1381 mali
1284 1320 1317 1381 in
1349 1319 1442 1382 malis

292 1435 535 1505 convertuntur,
552 1449 595 1490 ex
611 1427 730 1509 quibus
746 1426 825 1489 boni
840 1425 999 1489 utilitates
1014 1424 1119 1488 varias
1134 1424 1332 1505 producunt,

336 1529 382 1594 Et
405 1550 481 1593 cum
504 1552 589 1614 opus
611 1532 743 1594 animae
766 1528 935 1593 rationalis
958 1529 1171 1612 praecipuum
1195 1528 1238 1592 sit
1261 1526 1369 1590 verbis
1393 1526 1440 1591 uti
1455 1537 1587 1601 Operative

292 1635 466 1700 efficaciter
482 1647 515 1700 et
531 1657 576 1699 ex
592 1636 773 1699 intentione
788 1634 946 1713 formatis,
959 1643 1070 1716 potest
1082 1644 1290 1697 astronomus
1301 1632 1442 1697 formare
1453 1603 1596 1720 {222}de

290 1739 390 1802 verba
405 1742 610 1822 temporibus
620 1740 731 1803 electis
742 1759 827 1822 quae
840 1738 1038 1803 ineffabilem
1051 1738 1219 1801 habebunt
1231 1748 1442 1818 potestatem.
1453 1735 1552 1849 ‘22²¹‘ss

292 1844 380 1905 Nam
397 1845 453 1907 ubi
471 1844 612 1908 intentio
626 1845 826 1908 desiderium
847 1853 881 1906 et
895 1844 1000 1907 virtus
1015 1843 1146 1906 animae
1162 1842 1340 1922 rationalis,
1356 1816 1468 1926 quaec
1503 1811 1600 1852 tactem.

292 1948 421 2031 dignior
436 1958 486 2012 est
508 1948 619 2026 stellis,
635 1959 831 2012 concurrunt
853 1967 927 2011 cum
948 1956 1115 2029 potestate
1134 1946 1227 2023 coeli,
1243 1967 1376 2010 necesse
1391 1958 1441 2012 est

291 2051 359 2113 sive
369 2053 506 2114 verbum
519 2053 587 2115 sive
598 2051 688 2115 aliud
700 2071 784 2133 opus
795 2052 931 2133 produci
945 2052 1047 2113 mirae
1058 2050 1191 2114 virtutis
1202 2051 1234 2111 in
1246 2050 1442 2115 alteratione

292 2174 398 2216 rerum
435 2157 549 2218 mundi
583 2155 691 2238 hujus,
721 2165 757 2218 ut
796 2175 863 2218 non
902 2154 1008 2218 solum
1047 2152 1219 2231 naturalia,
1250 2156 1309 2218 sed
1339 2156 1441 2218 animi

291 2258 487 2322 inclinentur
516 2261 559 2323 ad
587 2280 626 2323 ea
655 2280 741 2342 quae
763 2260 844 2323 velit
866 2261 996 2343 sapiens
1019 2270 1181 2342 operator,
1203 2259 1294 2323 salva
1317 2262 1440 2324 arbitrii

291 2363 451 2439 libertate,
476 2365 553 2444 quia
577 2374 688 2447 potest
712 2365 841 2428 animus
869 2365 961 2446 sequi
989 2365 1149 2428 coelestes
1171 2365 1309 2428 virtutes
1338 2367 1441 2449 gratis

291 2467 359 2528 sine
374 2469 555 2556 coactione,
571 2478 607 2531 ut
624 2477 801 2533 tractatum
819 2479 869 2532 est
885 2490 946 2532 suo
962 2469 1034 2532 loco
1050 2477 1083 2531 et
1099 2467 1311 2532 declaratum.

336 2571 391 2632 Ex
408 2570 470 2633 hac
490 2573 600 2636 radice
621 2573 742 2654 incepit
764 2573 853 2655 apud
874 2576 1038 2655 sapientes
1063 2593 1141 2636 usus
1159 2573 1384 2637 characterum
1407 2584 1441 2638 et

291 2677 480 2740 carminum.
528 2678 616 2741 Nam
632 2677 835 2743 characteres
850 2689 926 2742 sunt
948 2677 1031 2743 sicut
1053 2678 1223 2762 imagines,
1238 2690 1272 2741 et
1295 2679 1440 2744 carmina

290 2790 366 2843 sunt
390 2783 491 2845 verba
514 2803 558 2845 ex
581 2784 763 2847 intentione
783 2785 913 2847 animae
936 2783 1104 2847 rationalis
1130 2783 1267 2866 prolata,
1283 2785 1439 2848 virtutem

290 2887 373 2950 coeli
414 2888 446 2949 in
485 2888 557 2971 ipsa
595 2889 866 2970 pronunciatione
905 2888 1113 2970 recipientia3
1150 2890 1238 2952 unde
1279 2891 1321 2952 de
1360 2890 1441 2953 mira

291 3001 458 3073 potestate
473 2992 639 3056 literarum
656 3014 719 3077 ego
735 2994 819 3057 facio
836 2992 1035 3056 mentionem
1051 2994 1084 3055 in
1099 2995 1196 3056 tertia
1211 3006 1305 3076 parte
1316 2992 1336 3055 ¹.
1379 2995 1442 3056 Per

291 3096 375 3160 hanc
402 3097 489 3159 enim
520 3106 722 3179 potestatem
750 3108 909 3161 sanantur
934 3117 1081 3179 corpora,
1103 3097 1257 3180 fugantur
1286 3097 1440 3161 animalia

290 3220 466 3277 venenosa,
497 3204 699 3266 advocantur·
730 3204 772 3266 ad
797 3223 929 3265 manum
954 3204 1052 3265 bruta
1074 3221 1300 3283 quaecunque,
1319 3212 1351 3265 et
1374 3223 1445 3266 ser-¹

290 3314 406 3385 pentes
422 3304 465 3368 de
480 3306 628 3367 cavernis
644 3315 677 3369 et
693 3307 798 3387 pisces
814 3307 856 3369 de
872 3306 1042 3389 profundis
1057 3326 1227 3388 aquarum.
1268 3306 1442 3371 Alteratur

290 3408 378 3469 enim
405 3410 517 3471 mundi
542 3410 681 3472 materia
707 3410 750 3472 ad
777 3410 900 3474 multas
922 3411 1089 3491 passiones
1113 3410 1289 3485 mirabiles,
1305 3411 1332 3473 si
1354 3421 1440 3474 recte

290 3510 406 3575 fierent
433 3512 505 3589 ista,
532 3523 565 3576 et
592 3514 667 3576 ideo
690 3526 807 3577 contra
837 3514 1017 3577 malevolos
1046 3514 1198 3579 homines
1228 3524 1262 3578 et
1291 3516 1440 3581 inimicos

290 3616 490 3699 reipublicae
515 3628 654 3700 possunt
677 3618 869 3682 mirabiliter
886 3618 1006 3696 valere,
1024 3620 1108 3683 sicut
1133 3630 1167 3683 ct
1190 3630 1319 3682 caetera
1339 3642 1440 3704 opera

290 3720 485 3800 stelliiicata,
517 3729 553 3784 ut
587 3731 730 3804 oportet.
793 3721 861 3787 Sed
892 3724 1012 3807 magici
1039 3721 1206 3787 maledicti
1240 3722 1440 3790 induxerunt

290 3844 453 3889 summam
481 3825 649 3889 infamiam
676 3828 708 3889 in
734 3828 796 3891 hac
821 3840 924 3911 parte,
947 3847 1049 3910 quum
1074 3848 1141 3891 non
1160 3828 1267 3892 solum
1287 3830 1320 3892 in
1345 3830 1439 3893 malis

289 3929 384 3994 abusi
405 3940 481 3993 sunt
504 3930 747 3996 characteribus
769 3943 801 3995 et
822 3933 1019 3995 carminibus
1039 3934 1169 4016 scriptis
1193 3954 1213 3995 a
1234 3934 1439 4016 sapientibus

289 4044 404 4099 contra
420 4036 545 4113 nociva,
561 4050 594 4099 et
611 4057 671 4119 pro
688 4037 824 4100 utilibus
841 4037 1004 4114 maximis,
1020 4039 1078 4100 sed
1104 4038 1329 4118 adjunxerunt
1349 4061 1437 4103 men-

290 4141 373 4203 dosa
397 4141 543 4202 carmina
572 4151 607 4204 et
635 4140 839 4205 characteres
869 4162 972 4205 vanos
996 4152 1030 4206 et
1060 4141 1287 4206 fraudulentos
1318 4144 1438 4225 quibus

288 4243 437 4305 homines
453 4246 663 4308 seducuntur.
711 4246 850 4328 Insuper
864 4247 1042 4309 daemones
1057 4257 1302 4329 temptaverunt
1315 4249 1438 4315 multos

288 4360 322 4412 et
359 4357 427 4411 tam
460 4347 612 4412 mulieres
641 4370 742 4430 quam
774 4352 951 4415 daemones
976 4352 1161 4415 docuerunt
1192 4351 1295 4414 multa
1324 4373 1438 4437 super·

288 4452 426 4529 stitiosa,
457 4453 577 4533 quibus
599 4456 705 4516 omnis
730 4456 821 4518 natio
848 4454 946 4537 plena
972 4466 1032 4519 est.
1078 4455 1166 4519 Nam
1191 4456 1283 4539 ipsae
1307 4460 1438 4522 vetulae

289 4556 475 4637 ubicunque
495 4557 618 4621 faciunt
640 4558 843 4623 characteres
863 4571 897 4623 et
915 4561 1061 4625 carmina
1078 4572 1112 4626 et
1127 4561 1377 4643 conjurationes,
1399 4583 1438 4627 ac

747 4678 754 4707 ¹
774 4679 825 4729 See
837 4694 879 4742 rr·
894 4694 968 4742 aar·
