<?xml version="1.0" encoding="UTF-8"?>
<!DOCTYPE html PUBLIC "-//W3C//DTD XHTML 1.0 Transitional//EN"
    "http://www.w3.org/TR/xhtml1/DTD/xhtml1-transitional.dtd">
<html xmlns="http://www.w3.org/1999/xhtml" xml:lang="en" lang="en">
 <head>
  <title>
</title>
<meta http-equiv="Content-Type" content="text/html;charset=utf-8" />
  <meta name='ocr-system' content='tesseract 3.04.00' />
  <meta name='ocr-capabilities' content='ocr_page ocr_carea ocr_par ocr_line ocrx_word'/>
</head>
<body>
  <div class='ocr_page' id='page_1' title='image "./opusmajusrogerb01bridgoog/opusmajusrogerb01bridgoog_0225.png"; bbox 0 0 3575 5375; ppageno 0'>
   <div class='ocr_carea' id='block_1_1' title="bbox 358 622 1271 694">
    <p class='ocr_par' dir='ltr' id='par_1_1' title="bbox 358 622 1271 694">
     <span class='ocr_line' id='line_1_1' title="bbox 358 622 1271 694; baseline -0.004 -9"><span class='ocrx_word' id='word_1_1' title='bbox 358 623 399 685; x_wconf 61' lang='grc' dir='ltr'><strong>αθ</strong></span> <span class='ocrx_word' id='word_1_2' title='bbox 591 624 746 684; x_wconf 85' lang='lat' dir='ltr'><em>OPERIS</em></span> <span class='ocrx_word' id='word_1_3' title='bbox 770 622 960 694; x_wconf 85' lang='lat' dir='ltr'><em>MAJORIS</em></span> <span class='ocrx_word' id='word_1_4' title='bbox 984 622 1099 681; x_wconf 83' lang='lat' dir='ltr'><em>PARS</em></span> <span class='ocrx_word' id='word_1_5' title='bbox 1123 622 1271 681; x_wconf 82' lang='lat' dir='ltr'><em>PRIMA.</em></span> 
     </span>
    </p>
   </div>
   <div class='ocr_carea' id='block_1_2' title="bbox 348 793 1509 2966">
    <p class='ocr_par' dir='ltr' id='par_1_2' title="bbox 348 793 1509 2966">
     <span class='ocr_line' id='line_1_2' title="bbox 356 793 1508 879; baseline -0.003 -18"><span class='ocrx_word' id='word_1_6' title='bbox 356 806 390 861; x_wconf 90' lang='lat' dir='ltr'><strong>et</strong></span> <span class='ocrx_word' id='word_1_7' title='bbox 409 796 580 875; x_wconf 91' lang='lat' dir='ltr'><strong>rhetorica,</strong></span> <span class='ocrx_word' id='word_1_8' title='bbox 598 806 632 862; x_wconf 88' lang='lat' dir='ltr'><strong>et</strong></span> <span class='ocrx_word' id='word_1_9' title='bbox 653 798 846 861; x_wconf 88' lang='lat' dir='ltr'><strong>communia</strong></span> <span class='ocrx_word' id='word_1_10' title='bbox 869 795 1118 879; x_wconf 88' lang='lat' dir='ltr'><strong>metaphysicae</strong></span> <span class='ocrx_word' id='word_1_11' title='bbox 1139 794 1280 858; x_wconf 91' lang='lat' dir='ltr'><strong>multum</strong></span> <span class='ocrx_word' id='word_1_12' title='bbox 1304 793 1453 871; x_wconf 85' lang='lat' dir='ltr'><strong>efferunt,</strong></span> <span class='ocrx_word' id='word_1_13' title='bbox 1475 802 1508 857; x_wconf 89' lang='lat' dir='ltr'><strong>et</strong></span> 
     </span>
     <span class='ocr_line' id='line_1_3' title="bbox 356 898 1507 983; baseline -0.003 -19"><span class='ocrx_word' id='word_1_14' title='bbox 356 901 564 966; x_wconf 86' lang='lat' dir='ltr'>abundanter</span> <span class='ocrx_word' id='word_1_15' title='bbox 582 902 615 966; x_wconf 94' lang='lat' dir='ltr'><strong>in</strong></span> <span class='ocrx_word' id='word_1_16' title='bbox 636 902 737 965; x_wconf 91' lang='lat' dir='ltr'><strong>sacris</strong></span> <span class='ocrx_word' id='word_1_17' title='bbox 761 910 906 965; x_wconf 89' lang='lat' dir='ltr'><strong>utuntur.</strong></span> <span class='ocrx_word' id='word_1_18' title='bbox 955 899 1054 965; x_wconf 90' lang='lat' dir='ltr'>Unde</span> <span class='ocrx_word' id='word_1_19' title='bbox 1075 899 1282 983; x_wconf 85' lang='lat' dir='ltr'><strong>Augustinus</strong></span> <span class='ocrx_word' id='word_1_20' title='bbox 1304 898 1337 961; x_wconf 95' lang='lat' dir='ltr'><strong>in</strong></span> <span class='ocrx_word' id='word_1_21' title='bbox 1357 898 1443 962; x_wconf 95' lang='lat' dir='ltr'><strong>libro</strong></span> <span class='ocrx_word' id='word_1_22' title='bbox 1465 899 1507 961; x_wconf 92' lang='lat' dir='ltr'><strong>de</strong></span> 
     </span>
     <span class='ocr_line' id='line_1_4' title="bbox 356 1000 1508 1089; baseline -0.003 -20"><span class='ocrx_word' id='word_1_23' title='bbox 356 1006 508 1070; x_wconf 87' lang='lat' dir='ltr'><strong>doctrina</strong></span> <span class='ocrx_word' id='word_1_24' title='bbox 530 1005 717 1083; x_wconf 91' lang='lat' dir='ltr'><strong>christiana,</strong></span> <span class='ocrx_word' id='word_1_25' title='bbox 741 1000 784 1083; x_wconf 85' lang='lat'><strong>2⁰,</strong></span> <span class='ocrx_word' id='word_1_26' title='bbox 803 1001 845 1089; x_wconf 81' lang='lat'><strong>3⁰,</strong></span> <span class='ocrx_word' id='word_1_27' title='bbox 868 1000 903 1083; x_wconf 86' lang='lat'><strong>4⁰</strong></span> <span class='ocrx_word' id='word_1_28' title='bbox 926 1006 1025 1069; x_wconf 89' lang='lat' dir='ltr'><strong>docet</strong></span> <span class='ocrx_word' id='word_1_29' title='bbox 1048 1004 1111 1067; x_wconf 88' lang='lat' dir='ltr'><strong>ista</strong></span> <span class='ocrx_word' id='word_1_30' title='bbox 1137 1002 1296 1086; x_wconf 89' lang='lat' dir='ltr'><strong>applicari</strong></span> <span class='ocrx_word' id='word_1_31' title='bbox 1319 1003 1361 1066; x_wconf 91' lang='lat' dir='ltr'><strong>ad</strong></span> <span class='ocrx_word' id='word_1_32' title='bbox 1385 1002 1508 1079; x_wconf 89' lang='lat' dir='ltr'><strong>divina,</strong></span> 
     </span>
     <span class='ocr_line' id='line_1_5' title="bbox 356 1104 1508 1175; baseline -0.004 -1"><span class='ocrx_word' id='word_1_33' title='bbox 356 1121 390 1174; x_wconf 88' lang='lat' dir='ltr'><strong>et</strong></span> <span class='ocrx_word' id='word_1_34' title='bbox 411 1111 444 1175; x_wconf 95' lang='lat' dir='ltr'><strong>in</strong></span> <span class='ocrx_word' id='word_1_35' title='bbox 459 1110 532 1174; x_wconf 91' lang='lat' dir='ltr'><strong>aliis</strong></span> <span class='ocrx_word' id='word_1_36' title='bbox 553 1110 653 1174; x_wconf 89' lang='lat' dir='ltr'><strong>locis:</strong></span> <span class='ocrx_word' id='word_1_37' title='bbox 676 1130 736 1174; x_wconf 93' lang='lat' dir='ltr'><strong>nec</strong></span> <span class='ocrx_word' id='word_1_38' title='bbox 757 1130 821 1174; x_wconf 91' lang='lat' dir='ltr'><strong>uon</strong></span> <span class='ocrx_word' id='word_1_39' title='bbox 843 1121 877 1173; x_wconf 90' lang='lat' dir='ltr'><strong>et</strong></span> <span class='ocrx_word' id='word_1_40' title='bbox 894 1110 1000 1173; x_wconf 89' lang='lat' dir='ltr'><strong>sancti</strong></span> <span class='ocrx_word' id='word_1_41' title='bbox 1020 1108 1141 1172; x_wconf 89' lang='lat' dir='ltr'><strong>caeteri</strong></span> <span class='ocrx_word' id='word_1_42' title='bbox 1160 1108 1248 1172; x_wconf 93' lang='lat' dir='ltr'><strong>idem</strong></span> <span class='ocrx_word' id='word_1_43' title='bbox 1267 1106 1392 1170; x_wconf 89' lang='lat' dir='ltr'><strong>volunt.</strong></span> <span class='ocrx_word' id='word_1_44' title='bbox 1439 1104 1508 1170; x_wconf 86' lang='lat' dir='ltr'><strong>Sed</strong></span> 
     </span>
     <span class='ocr_line' id='line_1_6' title="bbox 355 1211 1508 1299; baseline -0.004 -21"><span class='ocrx_word' id='word_1_45' title='bbox 355 1215 399 1278; x_wconf 92' lang='lat' dir='ltr'><strong>de</strong></span> <span class='ocrx_word' id='word_1_46' title='bbox 420 1214 493 1279; x_wconf 91' lang='lat' dir='ltr'><strong>aliis</strong></span> <span class='ocrx_word' id='word_1_47' title='bbox 515 1235 632 1299; x_wconf 89' lang='lat' dir='ltr'><strong>parum</strong></span> <span class='ocrx_word' id='word_1_48' title='bbox 656 1225 689 1280; x_wconf 95' lang='lat' dir='ltr'><strong>et</strong></span> <span class='ocrx_word' id='word_1_49' title='bbox 712 1236 785 1279; x_wconf 90' lang='lat' dir='ltr'><strong>raro</strong></span> <span class='ocrx_word' id='word_1_50' title='bbox 807 1214 997 1296; x_wconf 91' lang='lat' dir='ltr'><strong>loquuntur,</strong></span> <span class='ocrx_word' id='word_1_51' title='bbox 1021 1214 1088 1276; x_wconf 91' lang='lat' dir='ltr'><strong>imo</strong></span> <span class='ocrx_word' id='word_1_52' title='bbox 1111 1211 1251 1276; x_wconf 88' lang='lat' dir='ltr'><strong>multam</strong></span> <span class='ocrx_word' id='word_1_53' title='bbox 1279 1211 1451 1294; x_wconf 89' lang='lat' dir='ltr'><strong>negligunt</strong></span> <span class='ocrx_word' id='word_1_54' title='bbox 1473 1217 1508 1273; x_wconf 89' lang='lat' dir='ltr'><strong>et</strong></span> 
     </span>
     <span class='ocr_line' id='line_1_7' title="bbox 354 1314 1509 1402; baseline -0.003 -21"><span class='ocrx_word' id='word_1_55' title='bbox 354 1318 476 1402; x_wconf 82' lang='lat' dir='ltr'><strong>negligi</strong></span> <span class='ocrx_word' id='word_1_56' title='bbox 500 1320 640 1383; x_wconf 86' lang='lat' dir='ltr'><strong>edocent</strong></span> <span class='ocrx_word' id='word_1_57' title='bbox 662 1318 849 1401; x_wconf 90' lang='lat' dir='ltr'><strong>aliquando,</strong></span> <span class='ocrx_word' id='word_1_58' title='bbox 865 1320 950 1382; x_wconf 90' lang='lat' dir='ltr'><strong>sicut</strong></span> <span class='ocrx_word' id='word_1_59' title='bbox 973 1338 1031 1400; x_wconf 96' lang='lat' dir='ltr'><strong>per</strong></span> <span class='ocrx_word' id='word_1_60' title='bbox 1055 1314 1272 1380; x_wconf 85' lang='lat' dir='ltr'><strong>Ambrosium</strong></span> <span class='ocrx_word' id='word_1_61' title='bbox 1295 1324 1388 1398; x_wconf 89' lang='lat' dir='ltr'><strong>patet</strong></span> <span class='ocrx_word' id='word_1_62' title='bbox 1411 1335 1509 1398; x_wconf 90' lang='lat' dir='ltr'><strong>super</strong></span> 
     </span>
     <span class='ocr_line' id='line_1_8' title="bbox 355 1420 1506 1506; baseline -0.003 -21"><span class='ocrx_word' id='word_1_63' title='bbox 355 1424 528 1506; x_wconf 88' lang='lat' dir='ltr'><strong>epistolam</strong></span> <span class='ocrx_word' id='word_1_64' title='bbox 545 1425 588 1487; x_wconf 91' lang='lat' dir='ltr'><strong>ad</strong></span> <span class='ocrx_word' id='word_1_65' title='bbox 605 1422 828 1499; x_wconf 89' lang='lat' dir='ltr'><strong>Colossenses,</strong></span> <span class='ocrx_word' id='word_1_66' title='bbox 845 1434 879 1487; x_wconf 91' lang='lat' dir='ltr'><strong>et</strong></span> <span class='ocrx_word' id='word_1_67' title='bbox 900 1443 959 1506; x_wconf 88' lang='lat' dir='ltr'><strong>per</strong></span> <span class='ocrx_word' id='word_1_68' title='bbox 977 1422 1220 1503; x_wconf 86' lang='lat' dir='ltr'><strong>Hieronymum</strong></span> <span class='ocrx_word' id='word_1_69' title='bbox 1239 1441 1339 1503; x_wconf 90' lang='lat' dir='ltr'><strong>super</strong></span> <span class='ocrx_word' id='word_1_70' title='bbox 1354 1420 1445 1483; x_wconf 90' lang='lat' dir='ltr'><strong>illam</strong></span> <span class='ocrx_word' id='word_1_71' title='bbox 1463 1420 1506 1482; x_wconf 91' lang='lat' dir='ltr'><strong>ad</strong></span> 
     </span>
     <span class='ocr_line' id='line_1_9' title="bbox 355 1524 1506 1611; baseline -0.003 -20"><span class='ocrx_word' id='word_1_72' title='bbox 355 1528 480 1605; x_wconf 87' lang='lat' dir='ltr'><strong>Titum,</strong></span> <span class='ocrx_word' id='word_1_73' title='bbox 496 1537 528 1592; x_wconf 93' lang='lat' dir='ltr'><strong>et</strong></span> <span class='ocrx_word' id='word_1_74' title='bbox 545 1548 604 1611; x_wconf 91' lang='lat' dir='ltr'><strong>per</strong></span> <span class='ocrx_word' id='word_1_75' title='bbox 619 1528 797 1590; x_wconf 87' lang='lat' dir='ltr'><strong>Rabanum</strong></span> <span class='ocrx_word' id='word_1_76' title='bbox 814 1528 857 1590; x_wconf 93' lang='lat' dir='ltr'><strong>de</strong></span> <span class='ocrx_word' id='word_1_77' title='bbox 873 1526 1032 1611; x_wconf 92' lang='lat' dir='ltr'><strong>pressuris</strong></span> <span class='ocrx_word' id='word_1_78' title='bbox 1048 1525 1285 1604; x_wconf 89' lang='lat' dir='ltr'><strong>ecclesiasticis,</strong></span> <span class='ocrx_word' id='word_1_79' title='bbox 1301 1545 1339 1587; x_wconf 94' lang='lat' dir='ltr'><strong>ac</strong></span> <span class='ocrx_word' id='word_1_80' title='bbox 1356 1524 1456 1587; x_wconf 89' lang='lat' dir='ltr'><strong>etiam</strong></span> <span class='ocrx_word' id='word_1_81' title='bbox 1474 1525 1506 1587; x_wconf 92' lang='lat' dir='ltr'><strong>in</strong></span> 
     </span>
     <span class='ocr_line' id='line_1_10' title="bbox 355 1628 1506 1714; baseline -0.002 -21"><span class='ocrx_word' id='word_1_82' title='bbox 355 1632 435 1696; x_wconf 88' lang='lat' dir='ltr'><strong>locis</strong></span> <span class='ocrx_word' id='word_1_83' title='bbox 461 1632 535 1695; x_wconf 90' lang='lat' dir='ltr'><strong>aliis</strong></span> <span class='ocrx_word' id='word_1_84' title='bbox 561 1631 719 1714; x_wconf 90' lang='lat' dir='ltr'><strong>pluribus.</strong></span> <span class='ocrx_word' id='word_1_85' title='bbox 766 1630 835 1696; x_wconf 90' lang='lat' dir='ltr'><strong>Sed</strong></span> <span class='ocrx_word' id='word_1_86' title='bbox 857 1642 989 1695; x_wconf 89' lang='lat' dir='ltr'><strong>constat</strong></span> <span class='ocrx_word' id='word_1_87' title='bbox 1016 1630 1170 1695; x_wconf 91' lang='lat' dir='ltr'><strong>omnibus</strong></span> <span class='ocrx_word' id='word_1_88' title='bbox 1193 1628 1506 1712; x_wconf 87' lang='lat' dir='ltr'><strong>philosophantibus</strong></span> 
     </span>
     <span class='ocr_line' id='line_1_11' title="bbox 355 1734 1507 1818; baseline -0.001 -20"><span class='ocrx_word' id='word_1_89' title='bbox 355 1745 390 1800; x_wconf 93' lang='lat' dir='ltr'><strong>et</strong></span> <span class='ocrx_word' id='word_1_90' title='bbox 412 1735 576 1818; x_wconf 90' lang='lat' dir='ltr'><strong>theologis</strong></span> <span class='ocrx_word' id='word_1_91' title='bbox 597 1736 749 1799; x_wconf 84' lang='lat' dir='ltr'><strong>scientias</strong></span> <span class='ocrx_word' id='word_1_92' title='bbox 773 1736 832 1800; x_wconf 90' lang='lat' dir='ltr'><strong>has</strong></span> <span class='ocrx_word' id='word_1_93' title='bbox 853 1736 973 1801; x_wconf 90' lang='lat' dir='ltr'><strong>nullius</strong></span> <span class='ocrx_word' id='word_1_94' title='bbox 993 1734 1113 1800; x_wconf 87' lang='lat' dir='ltr'><strong>valoris</strong></span> <span class='ocrx_word' id='word_1_95' title='bbox 1134 1755 1206 1799; x_wconf 91' lang='lat' dir='ltr'><strong>esse</strong></span> <span class='ocrx_word' id='word_1_96' title='bbox 1226 1746 1377 1818; x_wconf 91' lang='lat' dir='ltr'><strong>respectu</strong></span> <span class='ocrx_word' id='word_1_97' title='bbox 1398 1745 1507 1799; x_wconf 89' lang='lat' dir='ltr'><strong>caete·</strong></span> 
     </span>
     <span class='ocr_line' id='line_1_12' title="bbox 350 1838 1506 1924; baseline 0 -22"><span class='ocrx_word' id='word_1_98' title='bbox 350 1856 465 1904; x_wconf 78' lang='lat' dir='ltr'><strong>&#39;ramm</strong></span> <span class='ocrx_word' id='word_1_99' title='bbox 493 1859 555 1904; x_wconf 91' lang='lat' dir='ltr'><strong>nec</strong></span> <span class='ocrx_word' id='word_1_100' title='bbox 583 1839 720 1922; x_wconf 89' lang='lat' dir='ltr'><strong>alicujus</strong></span> <span class='ocrx_word' id='word_1_101' title='bbox 745 1840 926 1924; x_wconf 85' lang='lat' dir='ltr'><strong>dignitatis.</strong></span> <span class='ocrx_word' id='word_1_102' title='bbox 973 1840 1114 1904; x_wconf 83' lang='lat' dir='ltr'><strong>Constat</strong></span> <span class='ocrx_word' id='word_1_103' title='bbox 1142 1838 1318 1904; x_wconf 91' lang='lat' dir='ltr'><strong>omnibusl</strong></span> <span class='ocrx_word' id='word_1_104' title='bbox 1341 1840 1369 1902; x_wconf 92' lang='lat' dir='ltr'><strong>si</strong></span> <span class='ocrx_word' id='word_1_105' title='bbox 1402 1838 1506 1904; x_wconf 91' lang='lat' dir='ltr'><strong>sancti</strong></span> 
     </span>
     <span class='ocr_line' id='line_1_13' title="bbox 355 1942 1507 2027; baseline -0.001 -20"><span class='ocrx_word' id='word_1_106' title='bbox 355 1942 547 2007; x_wconf 86' lang='lat' dir='ltr'><strong>habuissent</strong></span> <span class='ocrx_word' id='word_1_107' title='bbox 575 1963 671 2007; x_wconf 91' lang='lat' dir='ltr'><strong>usum</strong></span> <span class='ocrx_word' id='word_1_108' title='bbox 697 1944 908 2009; x_wconf 82' lang='lat' dir='ltr'><strong>scientiarum</strong></span> <span class='ocrx_word' id='word_1_109' title='bbox 936 1944 1165 2027; x_wconf 89' lang='lat' dir='ltr'><strong>philosophiae</strong></span> <span class='ocrx_word' id='word_1_110' title='bbox 1193 1963 1397 2025; x_wconf 85' lang='lat' dir='ltr'><strong>magnarum,</strong></span> <span class='ocrx_word' id='word_1_111' title='bbox 1425 1963 1507 2007; x_wconf 92' lang='lat' dir='ltr'><strong>nun·</strong></span> 
     </span>
     <span class='ocr_line' id='line_1_14' title="bbox 354 2047 1508 2133; baseline 0 -22"><span class='ocrx_word' id='word_1_112' title='bbox 354 2068 454 2131; x_wconf 90' lang='lat' dir='ltr'><strong>quam</strong></span> <span class='ocrx_word' id='word_1_113' title='bbox 470 2049 594 2112; x_wconf 90' lang='lat' dir='ltr'><strong>cineres</strong></span> <span class='ocrx_word' id='word_1_114' title='bbox 609 2048 854 2133; x_wconf 89' lang='lat' dir='ltr'><strong>philosophicos</strong></span> <span class='ocrx_word' id='word_1_115' title='bbox 871 2050 904 2111; x_wconf 91' lang='lat' dir='ltr'><strong>in</strong></span> <span class='ocrx_word' id='word_1_116' title='bbox 920 2059 1051 2113; x_wconf 91' lang='lat' dir='ltr'><strong>tantum</strong></span> <span class='ocrx_word' id='word_1_117' title='bbox 1067 2047 1273 2125; x_wconf 85' lang='lat' dir='ltr'><strong>extulissent,</strong></span> <span class='ocrx_word' id='word_1_118' title='bbox 1289 2056 1322 2111; x_wconf 91' lang='lat' dir='ltr'><strong>et</strong></span> <span class='ocrx_word' id='word_1_119' title='bbox 1337 2050 1380 2111; x_wconf 92' lang='lat' dir='ltr'><strong>ad</strong></span> <span class='ocrx_word' id='word_1_120' title='bbox 1397 2068 1508 2112; x_wconf 89' lang='lat' dir='ltr'><strong>sacros</strong></span> 
     </span>
     <span class='ocr_line' id='line_1_15' title="bbox 355 2151 1506 2235; baseline -0.001 -19"><span class='ocrx_word' id='word_1_121' title='bbox 355 2173 432 2217; x_wconf 89' lang='lat' dir='ltr'><strong>usus</strong></span> <span class='ocrx_word' id='word_1_122' title='bbox 455 2153 705 2231; x_wconf 88' lang='lat' dir='ltr'><strong>convertissent,</strong></span> <span class='ocrx_word' id='word_1_123' title='bbox 726 2163 852 2235; x_wconf 90' lang='lat' dir='ltr'><strong>quanto</strong></span> <span class='ocrx_word' id='word_1_124' title='bbox 879 2154 968 2217; x_wconf 92' lang='lat' dir='ltr'><strong>enim</strong></span> <span class='ocrx_word' id='word_1_125' title='bbox 991 2163 1125 2217; x_wconf 91' lang='lat' dir='ltr'><strong>sanctae</strong></span> <span class='ocrx_word' id='word_1_126' title='bbox 1148 2151 1326 2217; x_wconf 75' lang='lat' dir='ltr'><strong>scientiae²</strong></span> <span class='ocrx_word' id='word_1_127' title='bbox 1354 2152 1506 2216; x_wconf 90' lang='lat' dir='ltr'><strong>meliores</strong></span> 
     </span>
     <span class='ocr_line' id='line_1_16' title="bbox 353 2256 1505 2341; baseline -0.002 -20"><span class='ocrx_word' id='word_1_128' title='bbox 353 2266 431 2321; x_wconf 92' lang='lat' dir='ltr'><strong>sunt</strong></span> <span class='ocrx_word' id='word_1_129' title='bbox 454 2266 488 2321; x_wconf 90' lang='lat' dir='ltr'><strong>et</strong></span> <span class='ocrx_word' id='word_1_130' title='bbox 511 2258 662 2341; x_wconf 90' lang='lat' dir='ltr'><strong>majores,</strong></span> <span class='ocrx_word' id='word_1_131' title='bbox 678 2268 772 2323; x_wconf 91' lang='lat' dir='ltr'><strong>tanto</strong></span> <span class='ocrx_word' id='word_1_132' title='bbox 791 2268 866 2322; x_wconf 92' lang='lat' dir='ltr'><strong>sunt</strong></span> <span class='ocrx_word' id='word_1_133' title='bbox 889 2259 933 2323; x_wconf 90' lang='lat' dir='ltr'><strong>ad</strong></span> <span class='ocrx_word' id='word_1_134' title='bbox 955 2258 1066 2321; x_wconf 91' lang='lat' dir='ltr'><strong>divina</strong></span> <span class='ocrx_word' id='word_1_135' title='bbox 1084 2258 1239 2341; x_wconf 86' lang='lat' dir='ltr'><strong>aptiores.</strong></span> <span class='ocrx_word' id='word_1_136' title='bbox 1286 2256 1353 2321; x_wconf 91' lang='lat' dir='ltr'><strong>Sed</strong></span> <span class='ocrx_word' id='word_1_137' title='bbox 1370 2258 1447 2338; x_wconf 91' lang='lat' dir='ltr'><strong>quia</strong></span> <span class='ocrx_word' id='word_1_138' title='bbox 1462 2257 1505 2319; x_wconf 92' lang='lat' dir='ltr'><strong>ad</strong></span> 
     </span>
     <span class='ocr_line' id='line_1_17' title="bbox 353 2360 1507 2444; baseline -0.003 -20"><span class='ocrx_word' id='word_1_139' title='bbox 353 2382 471 2426; x_wconf 87' lang='lat' dir='ltr'><strong>manus</strong></span> <span class='ocrx_word' id='word_1_140' title='bbox 497 2382 612 2425; x_wconf 92' lang='lat' dir='ltr'><strong>eorum</strong></span> <span class='ocrx_word' id='word_1_141' title='bbox 639 2382 705 2426; x_wconf 90' lang='lat' dir='ltr'><strong>non</strong></span> <span class='ocrx_word' id='word_1_142' title='bbox 731 2364 934 2426; x_wconf 89' lang='lat' dir='ltr'><strong>devenerunt</strong></span> <span class='ocrx_word' id='word_1_143' title='bbox 964 2362 1038 2425; x_wconf 91' lang='lat' dir='ltr'><strong>libri</strong></span> <span class='ocrx_word' id='word_1_144' title='bbox 1066 2362 1127 2425; x_wconf 91' lang='lat' dir='ltr'><strong>nisi</strong></span> <span class='ocrx_word' id='word_1_145' title='bbox 1154 2361 1372 2444; x_wconf 83' lang='lat' dir='ltr'><strong>grammatici,</strong></span> <span class='ocrx_word' id='word_1_146' title='bbox 1399 2360 1507 2442; x_wconf 87' lang='lat' dir='ltr'><strong>logici,</strong></span> 
     </span>
     <span class='ocr_line' id='line_1_18' title="bbox 352 2464 1507 2548; baseline 0 -19"><span class='ocrx_word' id='word_1_147' title='bbox 352 2466 502 2531; x_wconf 89' lang='lat' dir='ltr'><strong>rhetorici</strong></span> <span class='ocrx_word' id='word_1_148' title='bbox 545 2477 580 2530; x_wconf 91' lang='lat' dir='ltr'><strong>et</strong></span> <span class='ocrx_word' id='word_1_149' title='bbox 622 2469 664 2531; x_wconf 92' lang='lat' dir='ltr'><strong>de</strong></span> <span class='ocrx_word' id='word_1_150' title='bbox 701 2468 934 2531; x_wconf 90' lang='lat' dir='ltr'><strong>communibus</strong></span> <span class='ocrx_word' id='word_1_151' title='bbox 972 2465 1228 2548; x_wconf 90' lang='lat' dir='ltr'><strong>metaphysicae‚</strong></span> <span class='ocrx_word' id='word_1_152' title='bbox 1266 2466 1342 2528; x_wconf 90' lang='lat' dir='ltr'><strong>ideo</strong></span> <span class='ocrx_word' id='word_1_153' title='bbox 1383 2464 1434 2528; x_wconf 92' lang='lat' dir='ltr'><strong>his</strong></span> <span class='ocrx_word' id='word_1_154' title='bbox 1471 2486 1507 2529; x_wconf 88' lang='lat' dir='ltr'><strong>se</strong></span> 
     </span>
     <span class='ocr_line' id='line_1_19' title="bbox 348 2568 1507 2653; baseline 0.002 -22"><span class='ocrx_word' id='word_1_155' title='bbox 348 2568 505 2651; x_wconf 84' lang='lat' dir='ltr'><strong>juverunt</strong></span> <span class='ocrx_word' id='word_1_156' title='bbox 528 2571 711 2634; x_wconf 89' lang='lat' dir='ltr'><strong>secundum</strong></span> <span class='ocrx_word' id='word_1_157' title='bbox 735 2572 876 2653; x_wconf 86' lang='lat' dir='ltr'><strong>gratiam</strong></span> <span class='ocrx_word' id='word_1_158' title='bbox 898 2570 945 2635; x_wconf 90' lang='lat' dir='ltr'><strong>eis</strong></span> <span class='ocrx_word' id='word_1_159' title='bbox 966 2572 1100 2647; x_wconf 93' lang='lat' dir='ltr'><strong>datam;</strong></span> <span class='ocrx_word' id='word_1_160' title='bbox 1122 2581 1155 2634; x_wconf 88' lang='lat' dir='ltr'><strong>et</strong></span> <span class='ocrx_word' id='word_1_161' title='bbox 1174 2570 1331 2653; x_wconf 90' lang='lat' dir='ltr'><strong>quicquid</strong></span> <span class='ocrx_word' id='word_1_162' title='bbox 1351 2579 1507 2650; x_wconf 88' lang='lat' dir='ltr'><strong>poterant</strong></span> 
     </span>
     <span class='ocr_line' id='line_1_20' title="bbox 353 2672 1505 2758; baseline 0.002 -22"><span class='ocrx_word' id='word_1_163' title='bbox 353 2674 397 2736; x_wconf 89' lang='lat' dir='ltr'><strong>de</strong></span> <span class='ocrx_word' id='word_1_164' title='bbox 413 2672 464 2737; x_wconf 87' lang='lat' dir='ltr'><strong>his</strong></span> <span class='ocrx_word' id='word_1_165' title='bbox 481 2673 690 2740; x_wconf 87' lang='lat' dir='ltr'><strong>laudabiliter</strong></span> <span class='ocrx_word' id='word_1_166' title='bbox 703 2675 887 2754; x_wconf 86' lang='lat' dir='ltr'><strong>extrahere,</strong></span> <span class='ocrx_word' id='word_1_167' title='bbox 903 2683 1137 2740; x_wconf 89' lang='lat' dir='ltr'><strong>converterunt</strong></span> <span class='ocrx_word' id='word_1_168' title='bbox 1157 2675 1320 2758; x_wconf 90' lang='lat' dir='ltr'><strong>copiosius</strong></span> <span class='ocrx_word' id='word_1_169' title='bbox 1336 2674 1378 2738; x_wconf 90' lang='lat' dir='ltr'><strong>ad</strong></span> <span class='ocrx_word' id='word_1_170' title='bbox 1398 2674 1505 2757; x_wconf 88' lang='lat' dir='ltr'><strong>legem</strong></span> 
     </span>
     <span class='ocr_line' id='line_1_21' title="bbox 356 2777 1507 2863; baseline 0.001 -23"><span class='ocrx_word' id='word_1_171' title='bbox 356 2777 429 2850; x_wconf 91' lang='lat' dir='ltr'><strong>Dei,</strong></span> <span class='ocrx_word' id='word_1_172' title='bbox 456 2788 493 2841; x_wconf 90' lang='lat' dir='ltr'><strong>ut</strong></span> <span class='ocrx_word' id='word_1_173' title='bbox 521 2779 554 2840; x_wconf 92' lang='lat' dir='ltr'><strong>in</strong></span> <span class='ocrx_word' id='word_1_174' title='bbox 581 2779 847 2862; x_wconf 87' lang='lat' dir='ltr'><strong>expositionibus</strong></span> <span class='ocrx_word' id='word_1_175' title='bbox 873 2799 987 2843; x_wconf 91' lang='lat' dir='ltr'><strong>eorum</strong></span> <span class='ocrx_word' id='word_1_176' title='bbox 1015 2788 1050 2844; x_wconf 93' lang='lat' dir='ltr'><strong>et</strong></span> <span class='ocrx_word' id='word_1_177' title='bbox 1075 2779 1270 2844; x_wconf 86' lang='lat' dir='ltr'><strong>tractatibus</strong></span> <span class='ocrx_word' id='word_1_178' title='bbox 1296 2778 1507 2863; x_wconf 89' lang='lat' dir='ltr'><strong>singulariter</strong></span> 
     </span>
     <span class='ocr_line' id='line_1_22' title="bbox 355 2881 1316 2966; baseline 0.001 -22"><span class='ocrx_word' id='word_1_179' title='bbox 355 2881 565 2946; x_wconf 82' lang='lat' dir='ltr'><strong>manifestum</strong></span> <span class='ocrx_word' id='word_1_180' title='bbox 582 2892 642 2958; x_wconf 85' lang='lat' dir='ltr'><strong>cst,</strong></span> <span class='ocrx_word' id='word_1_181' title='bbox 658 2891 692 2947; x_wconf 95' lang='lat' dir='ltr'><strong>et</strong></span> <span class='ocrx_word' id='word_1_182' title='bbox 707 2882 771 2947; x_wconf 91' lang='lat' dir='ltr'><strong>hoc</strong></span> <span class='ocrx_word' id='word_1_183' title='bbox 785 2903 845 2947; x_wconf 90' lang='lat' dir='ltr'><strong>suo</strong></span> <span class='ocrx_word' id='word_1_184' title='bbox 861 2882 935 2948; x_wconf 91' lang='lat' dir='ltr'><strong>loco</strong></span> <span class='ocrx_word' id='word_1_185' title='bbox 951 2882 1082 2966; x_wconf 90' lang='lat' dir='ltr'><strong>planius</strong></span> <span class='ocrx_word' id='word_1_186' title='bbox 1097 2891 1284 2966; x_wconf 88' lang='lat' dir='ltr'><strong>exponetur</strong></span> <span class='ocrx_word' id='word_1_187' title='bbox 1294 2881 1316 2945; x_wconf 82' lang='lat'><strong>³.</strong></span> 
     </span>
    </p>
   </div>
   <div class='ocr_carea' id='block_1_3' title="bbox 754 3140 1100 3208">
    <p class='ocr_par' dir='ltr' id='par_1_3' title="bbox 754 3140 1100 3208">
     <span class='ocr_line' id='line_1_23' title="bbox 754 3140 1100 3208; baseline -0.009 -2"><span class='ocrx_word' id='word_1_188' title='bbox 754 3140 980 3208; x_wconf 75' lang='lat' dir='ltr'><strong>Currrunuru</strong></span> <span class='ocrx_word' id='word_1_189' title='bbox 1005 3141 1100 3205; x_wconf 89' lang='lat' dir='ltr'><strong>XIV.</strong></span> 
     </span>
    </p>
   </div>
   <div class='ocr_carea' id='block_1_4' title="bbox 181 3295 1507 4709">
    <p class='ocr_par' dir='ltr' id='par_1_4' title="bbox 181 3295 1507 4709">
     <span class='ocr_line' id='line_1_24' title="bbox 183 3295 1507 3379; baseline 0.002 -21"><span class='ocrx_word' id='word_1_190' title='bbox 183 3311 305 3376; x_wconf 74' lang='lat' dir='ltr'><strong>u‘hyrne</strong></span> <span class='ocrx_word' id='word_1_191' title='bbox 399 3295 532 3359; x_wconf 88' lang='lat' dir='ltr'><strong>Deinde</strong></span> <span class='ocrx_word' id='word_1_192' title='bbox 549 3296 826 3361; x_wconf 85' lang='lat' dir='ltr'><strong>considerandum</strong></span> <span class='ocrx_word' id='word_1_193' title='bbox 846 3305 897 3360; x_wconf 92' lang='lat' dir='ltr'><strong>est</strong></span> <span class='ocrx_word' id='word_1_194' title='bbox 918 3297 1101 3379; x_wconf 90' lang='lat' dir='ltr'><strong>diligenter,</strong></span> <span class='ocrx_word' id='word_1_195' title='bbox 1116 3295 1207 3379; x_wconf 91' lang='lat' dir='ltr'><strong>quod</strong></span> <span class='ocrx_word' id='word_1_196' title='bbox 1228 3298 1380 3379; x_wconf 90' lang='lat' dir='ltr'><strong>quamvis</strong></span> <span class='ocrx_word' id='word_1_197' title='bbox 1401 3298 1507 3361; x_wconf 92' lang='lat' dir='ltr'><strong>multa</strong></span> 
     </span>
     <span class='ocr_line' id='line_1_25' title="bbox 182 3377 1507 3493; baseline 0.007 -38"><span class='ocrx_word' id='word_1_198' title='bbox 182 3377 284 3493; x_wconf 52' lang='lat' dir='ltr'><strong>ffllmh</strong></span> <span class='ocrx_word' id='word_1_199' title='bbox 354 3397 547 3464; x_wconf 87' lang='lat' dir='ltr'><strong>habuissent</strong></span> <span class='ocrx_word' id='word_1_200' title='bbox 566 3401 609 3464; x_wconf 94' lang='lat' dir='ltr'><strong>de</strong></span> <span class='ocrx_word' id='word_1_201' title='bbox 627 3399 807 3482; x_wconf 87' lang='lat' dir='ltr'><strong>majoribus</strong></span> <span class='ocrx_word' id='word_1_202' title='bbox 826 3400 981 3479; x_wconf 86' lang='lat' dir='ltr'><strong>scientiis,</strong></span> <span class='ocrx_word' id='word_1_203' title='bbox 998 3420 1064 3465; x_wconf 91' lang='lat' dir='ltr'><strong>non</strong></span> <span class='ocrx_word' id='word_1_204' title='bbox 1084 3400 1144 3463; x_wconf 89' lang='lat' dir='ltr'><strong>luit</strong></span> <span class='ocrx_word' id='word_1_205' title='bbox 1165 3411 1298 3483; x_wconf 90' lang='lat' dir='ltr'><strong>tempus</strong></span> <span class='ocrx_word' id='word_1_206' title='bbox 1321 3403 1435 3465; x_wconf 90' lang='lat' dir='ltr'><strong>utendi</strong></span> <span class='ocrx_word' id='word_1_207' title='bbox 1460 3402 1507 3465; x_wconf 88' lang='lat' dir='ltr'><strong>eis</strong></span> 
     </span>
     <span class='ocr_line' id='line_1_26' title="bbox 182 3504 1506 3587; baseline 0.002 -21"><span class='ocrx_word' id='word_1_208' title='bbox 182 3509 311 3585; x_wconf 71' lang='lat' dir='ltr'><strong>neglected</strong></span> <span class='ocrx_word' id='word_1_209' title='bbox 354 3505 416 3568; x_wconf 88' lang='lat' dir='ltr'><strong>nisi</strong></span> <span class='ocrx_word' id='word_1_210' title='bbox 437 3504 471 3566; x_wconf 92' lang='lat' dir='ltr'><strong>in</strong></span> <span class='ocrx_word' id='word_1_211' title='bbox 493 3505 625 3568; x_wconf 93' lang='lat' dir='ltr'><strong>duobus</strong></span> <span class='ocrx_word' id='word_1_212' title='bbox 647 3505 786 3582; x_wconf 88' lang='lat' dir='ltr'><strong>casibus,</strong></span> <span class='ocrx_word' id='word_1_213' title='bbox 803 3505 937 3579; x_wconf 90' lang='lat' dir='ltr'><strong>scilicet,</strong></span> <span class='ocrx_word' id='word_1_214' title='bbox 955 3505 1157 3568; x_wconf 89' lang='lat' dir='ltr'><strong>astronomia</strong></span> <span class='ocrx_word' id='word_1_215' title='bbox 1181 3525 1240 3587; x_wconf 92' lang='lat' dir='ltr'><strong>pro</strong></span> <span class='ocrx_word' id='word_1_216' title='bbox 1258 3505 1455 3580; x_wconf 86' lang='lat' dir='ltr'><strong>calendario,</strong></span> <span class='ocrx_word' id='word_1_217' title='bbox 1472 3516 1506 3569; x_wconf 91' lang='lat' dir='ltr'><strong>et</strong></span> 
     </span>
     <span class='ocr_line' id='line_1_27' title="bbox 181 3576 1504 3691; baseline 0.002 -22"><span class='ocrx_word' id='word_1_218' title='bbox 181 3576 341 3639; x_wconf 67' lang='lat' dir='ltr'><strong>puuoeopuy.</strong></span> <span class='ocrx_word' id='word_1_219' title='bbox 354 3608 479 3671; x_wconf 90' lang='lat' dir='ltr'><strong>musica</strong></span> <span class='ocrx_word' id='word_1_220' title='bbox 504 3629 565 3690; x_wconf 94' lang='lat' dir='ltr'><strong>pro</strong></span> <span class='ocrx_word' id='word_1_221' title='bbox 592 3607 705 3672; x_wconf 87' lang='lat' dir='ltr'><strong>officio</strong></span> <span class='ocrx_word' id='word_1_222' title='bbox 727 3609 848 3672; x_wconf 90' lang='lat' dir='ltr'><strong>divino.</strong></span> <span class='ocrx_word' id='word_1_223' title='bbox 906 3608 1003 3672; x_wconf 90' lang='lat' dir='ltr'><strong>Patet</strong></span> <span class='ocrx_word' id='word_1_224' title='bbox 1030 3609 1115 3670; x_wconf 93' lang='lat' dir='ltr'><strong>enim</strong></span> <span class='ocrx_word' id='word_1_225' title='bbox 1143 3629 1203 3690; x_wconf 90' lang='lat' dir='ltr'><strong>per</strong></span> <span class='ocrx_word' id='word_1_226' title='bbox 1224 3609 1387 3687; x_wconf 89' lang='lat' dir='ltr'><strong>historias,</strong></span> <span class='ocrx_word' id='word_1_227' title='bbox 1413 3610 1504 3691; x_wconf 92' lang='lat' dir='ltr'><strong>quod</strong></span> 
     </span>
     <span class='ocr_line' id='line_1_28' title="bbox 354 3709 1505 3793; baseline 0.003 -20"><span class='ocrx_word' id='word_1_228' title='bbox 354 3711 519 3774; x_wconf 88' lang='lat' dir='ltr'><strong>Eusebius</strong></span> <span class='ocrx_word' id='word_1_229' title='bbox 554 3709 786 3788; x_wconf 81' lang='lat' dir='ltr'><strong>Caesariensis,</strong></span> <span class='ocrx_word' id='word_1_230' title='bbox 814 3720 848 3775; x_wconf 90' lang='lat' dir='ltr'><strong>et</strong></span> <span class='ocrx_word' id='word_1_231' title='bbox 876 3711 997 3775; x_wconf 87' lang='lat' dir='ltr'><strong>beatus</strong></span> <span class='ocrx_word' id='word_1_232' title='bbox 1026 3711 1179 3793; x_wconf 87' lang='lat' dir='ltr'><strong>Cyrillus,</strong></span> <span class='ocrx_word' id='word_1_233' title='bbox 1209 3721 1242 3776; x_wconf 92' lang='lat' dir='ltr'><strong>et</strong></span> <span class='ocrx_word' id='word_1_234' title='bbox 1272 3713 1441 3777; x_wconf 89' lang='lat' dir='ltr'><strong>Victorius</strong></span> <span class='ocrx_word' id='word_1_235' title='bbox 1472 3725 1505 3777; x_wconf 93' lang='lat' dir='ltr'><strong>et</strong></span> 
     </span>
     <span class='ocr_line' id='line_1_29' title="bbox 352 3813 1507 3900; baseline 0.005 -24"><span class='ocrx_word' id='word_1_236' title='bbox 352 3813 536 3895; x_wconf 87' lang='lat' dir='ltr'><strong>Dionysius</strong></span> <span class='ocrx_word' id='word_1_237' title='bbox 560 3813 679 3878; x_wconf 87' lang='lat' dir='ltr'><strong>Abbas</strong></span> <span class='ocrx_word' id='word_1_238' title='bbox 707 3815 890 3892; x_wconf 73' lang='lat' dir='ltr'><strong>RomanuS,</strong></span> <span class='ocrx_word' id='word_1_239' title='bbox 914 3815 1007 3896; x_wconf 86' lang='lat' dir='ltr'><strong>cujus</strong></span> <span class='ocrx_word' id='word_1_240' title='bbox 1036 3816 1222 3881; x_wconf 91' lang='lat' dir='ltr'><strong>doctrinam</strong></span> <span class='ocrx_word' id='word_1_241' title='bbox 1250 3837 1337 3882; x_wconf 90' lang='lat' dir='ltr'><strong>nunc</strong></span> <span class='ocrx_word' id='word_1_242' title='bbox 1359 3819 1507 3900; x_wconf 89' lang='lat' dir='ltr'><strong>sequitur</strong></span> 
     </span>
     <span class='ocr_line' id='line_1_30' title="bbox 350 3917 1506 4004; baseline 0.003 -22"><span class='ocrx_word' id='word_1_243' title='bbox 350 3917 489 3982; x_wconf 88' lang='lat' dir='ltr'><strong>ecclesia</strong></span> <span class='ocrx_word' id='word_1_244' title='bbox 507 3937 567 4000; x_wconf 90' lang='lat' dir='ltr'><strong>per</strong></span> <span class='ocrx_word' id='word_1_245' title='bbox 584 3917 677 4000; x_wconf 87' lang='lat' dir='ltr'><strong>leges</strong></span> <span class='ocrx_word' id='word_1_246' title='bbox 697 3920 928 3997; x_wconf 86' lang='lat' dir='ltr'><strong>astronomiae,</strong></span> <span class='ocrx_word' id='word_1_247' title='bbox 943 3929 977 3983; x_wconf 91' lang='lat' dir='ltr'><strong>et</strong></span> <span class='ocrx_word' id='word_1_248' title='bbox 998 3919 1054 3982; x_wconf 93' lang='lat' dir='ltr'><strong>alii</strong></span> <span class='ocrx_word' id='word_1_249' title='bbox 1075 3941 1120 3984; x_wconf 89' lang='lat' dir='ltr'><strong>ex</strong></span> <span class='ocrx_word' id='word_1_250' title='bbox 1140 3923 1300 3985; x_wconf 91' lang='lat' dir='ltr'><strong>mandato</strong></span> <span class='ocrx_word' id='word_1_251' title='bbox 1321 3921 1506 4004; x_wconf 90' lang='lat' dir='ltr'><strong>apostolico</strong></span> 
     </span>
     <span class='ocr_line' id='line_1_31' title="bbox 352 4020 1505 4106; baseline 0.006 -23"><span class='ocrx_word' id='word_1_252' title='bbox 352 4021 582 4084; x_wconf 86' lang='lat' dir='ltr'><strong>laboraverunt</strong></span> <span class='ocrx_word' id='word_1_253' title='bbox 599 4021 633 4083; x_wconf 94' lang='lat' dir='ltr'><strong>in</strong></span> <span class='ocrx_word' id='word_1_254' title='bbox 648 4020 711 4084; x_wconf 90' lang='lat' dir='ltr'><strong>hac</strong></span> <span class='ocrx_word' id='word_1_255' title='bbox 726 4031 838 4103; x_wconf 88' lang='lat' dir='ltr'><strong>parte;</strong></span> <span class='ocrx_word' id='word_1_256' title='bbox 859 4023 919 4084; x_wconf 90' lang='lat' dir='ltr'><strong>sed</strong></span> <span class='ocrx_word' id='word_1_257' title='bbox 935 4021 1018 4086; x_wconf 90' lang='lat' dir='ltr'><strong>aliae</strong></span> <span class='ocrx_word' id='word_1_258' title='bbox 1033 4024 1189 4087; x_wconf 89' lang='lat' dir='ltr'><strong>scientiae</strong></span> <span class='ocrx_word' id='word_1_259' title='bbox 1209 4024 1352 4106; x_wconf 87' lang='lat' dir='ltr'><strong>majores</strong></span> <span class='ocrx_word' id='word_1_260' title='bbox 1372 4025 1505 4090; x_wconf 90' lang='lat' dir='ltr'><strong>suerunt</strong></span> 
     </span>
     <span class='ocr_line' id='line_1_32' title="bbox 350 4123 1505 4212; baseline 0.005 -24"><span class='ocrx_word' id='word_1_261' title='bbox 350 4123 533 4206; x_wconf 87' lang='lat' dir='ltr'><strong>neglectae,</strong></span> <span class='ocrx_word' id='word_1_262' title='bbox 547 4135 582 4188; x_wconf 90' lang='lat' dir='ltr'><strong>et</strong></span> <span class='ocrx_word' id='word_1_263' title='bbox 603 4125 778 4207; x_wconf 84' lang='lat' dir='ltr'><strong>praecipue</strong></span> <span class='ocrx_word' id='word_1_264' title='bbox 797 4125 881 4188; x_wconf 86' lang='lat' dir='ltr'><strong>istae</strong></span> <span class='ocrx_word' id='word_1_265' title='bbox 901 4146 987 4208; x_wconf 89' lang='lat' dir='ltr'><strong>quae</strong></span> <span class='ocrx_word' id='word_1_266' title='bbox 1004 4125 1129 4207; x_wconf 89' lang='lat' dir='ltr'><strong>judicia</strong></span> <span class='ocrx_word' id='word_1_267' title='bbox 1149 4137 1183 4191; x_wconf 90' lang='lat' dir='ltr'><strong>et</strong></span> <span class='ocrx_word' id='word_1_268' title='bbox 1203 4148 1304 4209; x_wconf 91' lang='lat' dir='ltr'><strong>opera</strong></span> <span class='ocrx_word' id='word_1_269' title='bbox 1323 4129 1505 4212; x_wconf 92' lang='lat' dir='ltr'><strong>sapientiae</strong></span> 
     </span>
     <span class='ocr_line' id='line_1_33' title="bbox 351 4226 1504 4317; baseline 0.003 -27"><span class='ocrx_word' id='word_1_270' title='bbox 351 4226 529 4310; x_wconf 85' lang='lat' dir='ltr'><strong>magnilica</strong></span> <span class='ocrx_word' id='word_1_271' title='bbox 539 4239 721 4292; x_wconf 90' lang='lat' dir='ltr'><strong>noscuntur</strong></span> <span class='ocrx_word' id='word_1_272' title='bbox 730 4229 910 4294; x_wconf 87' lang='lat' dir='ltr'><strong>continere.</strong></span> <span class='ocrx_word' id='word_1_273' title='bbox 943 4229 988 4293; x_wconf 90' lang='lat' dir='ltr'><strong>Et</strong></span> <span class='ocrx_word' id='word_1_274' title='bbox 999 4229 1097 4311; x_wconf 88' lang='lat' dir='ltr'><strong>hujus</strong></span> <span class='ocrx_word' id='word_1_275' title='bbox 1108 4249 1207 4294; x_wconf 88' lang='lat' dir='ltr'><strong>causa</strong></span> <span class='ocrx_word' id='word_1_276' title='bbox 1218 4231 1281 4294; x_wconf 90' lang='lat' dir='ltr'><strong>suit</strong></span> <span class='ocrx_word' id='word_1_277' title='bbox 1292 4233 1504 4317; x_wconf 91' lang='lat' dir='ltr'><strong>quintuplex.</strong></span> 
     </span>
     <span class='ocr_line' id='line_1_34' title="bbox 352 4330 1505 4418; baseline 0.004 -22"><span class='ocrx_word' id='word_1_278' title='bbox 352 4332 441 4396; x_wconf 89' lang='lat' dir='ltr'><strong>Nam</strong></span> <span class='ocrx_word' id='word_1_279' title='bbox 463 4330 673 4414; x_wconf 81' lang='lat' dir='ltr'><strong>philosophia</strong></span> <span class='ocrx_word' id='word_1_280' title='bbox 692 4343 770 4396; x_wconf 90' lang='lat' dir='ltr'><strong>ante</strong></span> <span class='ocrx_word' id='word_1_281' title='bbox 791 4331 915 4397; x_wconf 88' lang='lat' dir='ltr'><strong>Christi</strong></span> <span class='ocrx_word' id='word_1_282' title='bbox 933 4334 1115 4397; x_wconf 87' lang='lat' dir='ltr'><strong>adventum</strong></span> <span class='ocrx_word' id='word_1_283' title='bbox 1138 4334 1233 4398; x_wconf 89' lang='lat' dir='ltr'><strong>dedit</strong></span> <span class='ocrx_word' id='word_1_284' title='bbox 1254 4335 1345 4418; x_wconf 85' lang='lat' dir='ltr'><strong>leges</strong></span> <span class='ocrx_word' id='word_1_285' title='bbox 1367 4339 1505 4415; x_wconf 91' lang='lat' dir='ltr'><strong>mund0,</strong></span> 
     </span>
     <span class='ocr_line' id='line_1_35' title="bbox 384 4485 1339 4549; baseline 0.005 -16"><span class='ocrx_word' id='word_1_286' title='bbox 384 4485 393 4516; x_wconf 82' lang='lat'><strong>¹</strong></span> <span class='ocrx_word' id='word_1_287' title='bbox 410 4485 583 4548; x_wconf 76' lang='lat' dir='ltr'><strong>Quapropter,</strong></span> <span class='ocrx_word' id='word_1_288' title='bbox 592 4485 619 4545; x_wconf 86' lang='lat' dir='ltr'><strong>J.</strong></span> <span class='ocrx_word' id='word_1_289' title='bbox 1170 4487 1181 4515; x_wconf 88' lang='lat'><strong>¹</strong></span> <span class='ocrx_word' id='word_1_290' title='bbox 1196 4491 1301 4548; x_wconf 74' lang='lat' dir='ltr'><strong>sanctis,</strong></span> <span class='ocrx_word' id='word_1_291' title='bbox 1313 4489 1339 4549; x_wconf 88' lang='lat' dir='ltr'><strong>J.</strong></span> 
     </span>
     <span class='ocr_line' id='line_1_36' title="bbox 382 4563 1507 4630; baseline 0.005 -17"><span class='ocrx_word' id='word_1_292' title='bbox 382 4564 465 4613; x_wconf 79' lang='lat' dir='ltr'><strong>’&#39;l&#39;ne</strong></span> <span class='ocrx_word' id='word_1_293' title='bbox 479 4563 529 4613; x_wconf 76' lang='lat' dir='ltr'><strong>last</strong></span> <span class='ocrx_word' id='word_1_294' title='bbox 544 4571 602 4626; x_wconf 73' lang='lat' dir='ltr'><strong>pert</strong></span> <span class='ocrx_word' id='word_1_295' title='bbox 616 4563 647 4612; x_wconf 80' lang='lat' dir='ltr'><strong>ol</strong></span> <span class='ocrx_word' id='word_1_296' title='bbox 660 4563 706 4612; x_wconf 87' lang='lat' dir='ltr'><strong>the</strong></span> <span class='ocrx_word' id='word_1_297' title='bbox 722 4570 849 4612; x_wconf 83' lang='lat' dir='ltr'><strong>sentence</strong></span> <span class='ocrx_word' id='word_1_298' title='bbox 866 4563 889 4612; x_wconf 82' lang='lat' dir='ltr'><strong>is</strong></span> <span class='ocrx_word' id='word_1_299' title='bbox 906 4564 1014 4613; x_wconf 83' lang='lat' dir='ltr'><strong>omitted</strong></span> <span class='ocrx_word' id='word_1_300' title='bbox 1025 4565 1052 4612; x_wconf 86' lang='lat' dir='ltr'><strong>in</strong></span> <span class='ocrx_word' id='word_1_301' title='bbox 1070 4564 1103 4616; x_wconf 89' lang='grc' dir='ltr'><strong>Ο.</strong></span> <span class='ocrx_word' id='word_1_302' title='bbox 1119 4566 1171 4614; x_wconf 77' lang='lat' dir='ltr'><strong>and</strong></span> <span class='ocrx_word' id='word_1_303' title='bbox 1190 4566 1220 4616; x_wconf 86' lang='grc' dir='ltr'><strong>Ι).</strong></span> <span class='ocrx_word' id='word_1_304' title='bbox 1258 4567 1322 4616; x_wconf 80' lang='lat' dir='ltr'><strong>Like</strong></span> <span class='ocrx_word' id='word_1_305' title='bbox 1340 4583 1419 4630; x_wconf 79' lang='lat' dir='ltr'><strong>many</strong></span> <span class='ocrx_word' id='word_1_306' title='bbox 1430 4571 1507 4619; x_wconf 88' lang='lat' dir='ltr'><strong>other</strong></span> 
     </span>
     <span class='ocr_line' id='line_1_37' title="bbox 352 4641 1439 4709; baseline 0.006 -18"><span class='ocrx_word' id='word_1_307' title='bbox 352 4642 725 4707; x_wconf 70' lang='lat' dir='ltr'><strong>passagesintbefirsttbme</strong></span> <span class='ocrx_word' id='word_1_308' title='bbox 735 4641 850 4706; x_wconf 72' lang='lat' dir='ltr'><strong>purtsol</strong></span> <span class='ocrx_word' id='word_1_309' title='bbox 857 4641 903 4692; x_wconf 84' lang='lat' dir='ltr'><strong>the</strong></span> <span class='ocrx_word' id='word_1_310' title='bbox 914 4641 997 4704; x_wconf 67' lang='lat' dir='ltr'><strong>wod,</strong></span> <span class='ocrx_word' id='word_1_311' title='bbox 1009 4642 1297 4709; x_wconf 76' lang='lat' dir='ltr'><strong>ithesbeensupplied</strong></span> <span class='ocrx_word' id='word_1_312' title='bbox 1309 4646 1374 4696; x_wconf 83' lang='lat' dir='ltr'><strong>lrom</strong></span> <span class='ocrx_word' id='word_1_313' title='bbox 1385 4647 1439 4709; x_wconf 84' lang='lat' dir='ltr'><strong>Jut.</strong></span> 
     </span>
    </p>
   </div>
   <div class='ocr_carea' id='block_1_5' title="bbox 0 0 1792 5375">
    <p class='ocr_par' dir='ltr' id='par_1_5' title="bbox 0 0 1792 5375">
     <span class='ocr_line' id='line_1_38' title="bbox 0 0 1792 5375; baseline 0 1"><span class='ocrx_word' id='word_1_314' title='bbox 0 0 1792 5375; x_wconf 95' lang='lat' dir='ltr'><strong> </strong></span> 
     </span>
    </p>
   </div>
  </div>
 </body>
</html>
