3575 5375
385 622 444 683 186
607 627 763 687 OPERIS
788 626 976 696 MAJORIS
1001 627 1115 686 PARS
1140 624 1323 700 QUARTA.

381 788 480 869 hujus
491 788 628 853 nominis
639 788 805 871 Josaphat
817 799 877 862 est,
887 789 920 850 in
933 796 1110 871 conspectu
1122 788 1269 852 Domini.
1294 787 1340 851 Et
1351 785 1535 869 Jerusalem

381 890 545 973 significat
566 893 726 956 visionem
748 892 848 974 pacis,
867 903 901 956 et
925 892 1093 956 moraliter
1112 901 1164 955 est
1184 891 1293 956 anima
1311 901 1426 956 sancta
1448 910 1536 972 quae

381 993 484 1062 habet
507 1016 624 1079 pacem
643 997 771 1075 cordis;
798 995 972 1079 allegorice
995 995 1160 1079 significat
1185 995 1369 1061 Ecclesiam
1392 995 1536 1059 militan-

381 1108 470 1180 tem;
493 1102 677 1185 anagogice
701 1100 885 1164 Ecclesiam
909 1100 1180 1183 triumphantem.

416 1204 492 1288 ,Qui
501 1205 599 1287 igitur
610 1228 630 1270 a
642 1205 802 1288 principio
811 1206 899 1269 vitae
911 1225 990 1269 suae
999 1226 1056 1269 seu
1069 1206 1113 1269 ab
1125 1217 1198 1269 ortu
1209 1205 1392 1269 nativitatis
1402 1225 1482 1267 suae
1491 1204 1535 1268 ab

381 1310 507 1372 oriente
516 1310 651 1373 rationis
662 1310 875 1373 deliberantis
885 1330 942 1372 seu
953 1330 1013 1373 usu
1023 1309 1159 1372 rationis
1170 1309 1241 1374 vult
1250 1309 1405 1374 devenire
1414 1307 1534 1373 saltem

380 1413 412 1475 in
427 1414 598 1478 occidente
612 1415 700 1478 vitae
715 1434 795 1478 suae
810 1423 845 1476 et
860 1414 892 1476 in
909 1423 1080 1477 senectute
1095 1414 1138 1476 ad
1154 1434 1272 1496 pacem
1289 1413 1406 1484 cordis,
1421 1423 1456 1475 et
1470 1412 1535 1476 hoc

382 1516 567 1597 moraliter;
589 1528 624 1581 et
644 1529 682 1583 ut
702 1519 745 1580 sit
770 1519 956 1582 membrum
976 1515 1073 1582 fidele
1092 1525 1126 1580 et
1147 1516 1330 1601 perfectum
1356 1516 1534 1593 Ecclesiae,

380 1622 443 1684 sub
458 1621 551 1703 cujus
567 1622 684 1685 umbra
695 1621 804 1704 jaceat
820 1622 853 1684 in
870 1642 952 1704 pace
967 1631 1082 1684 contra
1100 1621 1243 1685 insultus
1261 1622 1367 1685 hostis
1388 1620 1534 1702 maligni,

380 1735 415 1790 et
433 1727 496 1790 hoc
511 1725 706 1809 allegorice;
730 1736 763 1790 et
785 1735 821 1790 ut
841 1727 884 1790 sit
905 1726 977 1807 ejus
999 1727 1205 1791 conversatio
1229 1728 1262 1790 in
1284 1724 1418 1790 coelesti
1440 1724 1535 1805 Jeru-

379 1829 483 1894 salem
499 1831 531 1893 in
548 1831 611 1895 hac
624 1831 702 1904 vita,
718 1841 750 1894 et
766 1830 982 1893 transferatur
1004 1830 1037 1892 in
1060 1842 1167 1893 morte
1186 1832 1230 1894 ad
1253 1829 1343 1893 illam
1365 1830 1534 1893 civitatem

379 1949 540 2012 sanctam,
564 1935 621 1998 ubi
648 1934 775 1997 sedebit
801 1935 831 1996 in
864 1934 1109 2016 pulchritudine
1133 1935 1224 2016 pacis
1254 1935 1288 1997 in
1311 1934 1533 1998 tabernaculis

380 2037 519 2102 fiduciae
541 2037 595 2101 vel
614 2040 725 2121 requie
746 2038 925 2121 opulenta;
954 2039 1054 2103 debet
1073 2040 1180 2121 primo
1199 2039 1392 2121 Jordanem,
1412 2038 1445 2102 id
1470 2047 1533 2112 est,

380 2145 550 2221 mundum,
572 2153 631 2207 aut
654 2144 715 2208 sibi
739 2143 945 2225 subjiciendo
969 2143 1160 2226 relinquere,
1177 2154 1214 2206 ut
1236 2144 1340 2207 sancti
1361 2142 1533 2218 seculares,

379 2257 437 2311 aut
458 2248 591 2311 omnino
614 2248 835 2312 renunciando
857 2249 1020 2326 recedere,
1036 2258 1072 2311 ut
1092 2248 1246 2330 religiosi.
1295 2247 1344 2309 lbi
1368 2248 1455 2310 enim
1479 2256 1533 2310 est

378 2353 504 2436 primus
530 2353 653 2435 gradus
676 2354 765 2417 vitae
788 2352 966 2434 spiritualis
989 2364 1024 2416 et
1050 2353 1123 2416 aliis
1148 2350 1282 2416 facilior.
1329 2349 1407 2433 Quo
1433 2349 1533 2428 facto,

378 2468 511 2540 oportet
529 2459 666 2542 aggredi
683 2478 824 2536 carnem,
840 2458 920 2541 quia
940 2459 1046 2541 ipsam
1069 2477 1136 2520 nou
1156 2467 1207 2520 est
1227 2457 1274 2520 ita
1294 2455 1389 2520 facile
1402 2458 1533 2519 vincere

378 2561 463 2625 sicut
479 2563 650 2626 mundum.
698 2562 760 2624 Est
779 2562 867 2625 enim
887 2561 990 2644 pestis
1010 2560 1180 2625 familiaris
1202 2570 1236 2623 et
1259 2580 1325 2625 nou
1347 2560 1533 2641 relinquens

379 2665 575 2747 subjectum.
619 2667 731 2731 Debet
745 2675 857 2730 autem
873 2667 980 2751 ipsam
996 2688 1063 2729 non
1078 2668 1248 2731 destruere
1263 2674 1297 2728 et
1312 2684 1389 2729 cum
1404 2663 1532 2746 impetu

379 2769 536 2853 frangere,
561 2774 621 2834 sed
652 2771 814 2853 paulatim
844 2784 878 2836 et
905 2773 1047 2835 discrete
1073 2771 1143 2853 ejus
1169 2772 1357 2853 superbiam
1384 2771 1532 2833 domare.

380 2874 519 2956 Propter
537 2875 626 2957 quod
646 2876 874 2940 consideratur
894 2876 1026 2957 Jericho
1045 2896 1121 2940 cum
1143 2896 1204 2939 sua
1218 2875 1356 2958 planitie
1367 2898 1377 2948 ς
1401 2884 1437 2936 et
1456 2873 1532 2937 ideo

378 2979 479 3042 debet
503 2979 678 3061 poenitens
702 2979 800 3062 plana
820 2982 874 3042 via
899 2980 1086 3064 procedere,
1108 2990 1145 3043 ut
1171 2978 1368 3043 rationabile
1391 2980 1433 3041 sit
1460 2977 1533 3060 ejus

378 3084 583 3165 obsequium,
599 3104 641 3147 ne
657 3084 683 3147 si
700 3104 830 3147 carnem
847 3085 948 3148 stulte
968 3085 1097 3161 obruat,
1119 3105 1185 3148 non
1208 3084 1313 3166 possit
1332 3084 1466 3165 spiritus
1488 3082 1532 3144 ad

377 3187 494 3251 altiora
521 3189 718 3270 pertingere.
766 3188 843 3251 Hoc
867 3189 955 3252 enim
982 3198 1032 3251 est
1058 3197 1173 3252 contra
1197 3188 1320 3251 multos
1346 3188 1390 3251 ad
1417 3185 1533 3270 poeni·

377 3292 515 3355 tentiam
539 3312 722 3369 conversos,
744 3292 800 3374 qui
828 3292 937 3373 primo
955 3282 1042 3357 arlno
1064 3291 1116 3355 vel
1142 3291 1288 3357 secundo
1310 3312 1449 3374 corpora
1472 3310 1533 3353 sua

377 3395 560 3472 destruunt,
578 3406 612 3460 et
629 3407 744 3478 postea
760 3395 844 3459 fiunt
860 3396 1002 3476 inutiles,
1019 3407 1055 3460 ut
1076 3416 1138 3460 nec
1158 3416 1195 3459 se
1217 3416 1278 3460 nec
1298 3394 1383 3458 alios
1397 3395 1533 3459 valeant

375 3499 497 3580 juvare.
555 3502 737 3583 Postquam
768 3521 846 3564 vero
884 3500 987 3563 homo
1025 3501 1186 3564 mundum
1223 3499 1460 3582 subjugaverit,
1497 3508 1533 3562 et

377 3622 508 3667 carnem
532 3614 569 3667 ut
595 3613 729 3689 oportet
752 3605 930 3681 domuerit,
953 3614 1033 3668 tunc
1055 3615 1089 3668 et
1112 3625 1177 3668 non
1200 3616 1277 3668 aute
1299 3615 1350 3667 est
1373 3615 1472 3686 aptus
1495 3614 1532 3667 ut

377 3707 535 3771 ascendat
567 3709 610 3771 ad
648 3709 879 3773 excellentiam
909 3710 997 3772 vitae
1034 3709 1212 3792 spiritualis
1248 3718 1283 3774 et
1320 3708 1532 3772 dulcedinem

377 3810 571 3874 devotionis.
633 3811 688 3874 Ex
723 3823 803 3877 tunc
832 3814 920 3876 enim
952 3823 1062 3895 potest
1092 3814 1270 3878 ascendere
1299 3814 1342 3877 ad
1381 3824 1532 3876 montem

378 3912 502 3977 Oliveti
511 3924 545 3977 et
554 3916 596 3977 ad
608 3936 767 3979 cacumen
778 3916 988 3999 perfectionis
997 3918 1169 3999 attingere,
1177 3927 1280 3999 atque
1290 3918 1321 3979 in
1331 3917 1532 3981 suavitatem

378 4016 535 4081 orationis
559 4029 593 4081 et
616 4019 905 4102 contemplationis
928 4042 963 4085 se
985 4022 1190 4103 immergere.
1237 4019 1324 4084 Cum
1339 4041 1418 4084 vero
1433 4019 1533 4084 fuerit

378 4122 576 4187 sufficienter
591 4124 792 4188 exercitatus
809 4126 841 4187 in
857 4145 993 4189 ascensu
1008 4135 1042 4189 et
1058 4126 1195 4189 circuitu
1211 4126 1306 4189 istius
1319 4123 1533 4198 celsitudinis,

377 4223 508 4289 adhuc1
524 4237 657 4309 oportet
673 4227 794 4291 vallem
809 4228 973 4312 Josaphat
988 4231 1137 4306 transire,
1152 4229 1215 4293 hoc
1231 4240 1289 4308 est,
1305 4239 1415 4294 totam
1426 4229 1533 4292 vitam

377 4348 471 4392 suam
488 4330 522 4392 in
537 4332 683 4412 perfecta
699 4331 886 4395 humilitate
901 4332 1000 4397 debet
1016 4334 1222 4411 concludere,
1237 4344 1274 4397 ut
1289 4334 1333 4395 sit
1356 4353 1485 4417 pauper
1498 4344 1534 4398 et

381 4431 513 4496 humilis
529 4436 647 4517 spiritu
663 4435 696 4497 in
712 4446 889 4517 conspectu
912 4436 985 4514 Dei,
1000 4455 1067 4501 non
1086 4438 1119 4499 in
1140 4438 1245 4501 oculis
1264 4439 1332 4501 suis
1345 4437 1400 4499 vel
1422 4438 1535 4501 homi·

379 4554 467 4601 num.
504 4537 603 4601 Multi
619 4539 706 4601 enim
721 4550 883 4621 apparent
898 4538 1039 4603 humiles
1054 4541 1116 4603 sibi
1131 4552 1165 4606 et
1180 4542 1260 4618 aliis,
1275 4552 1309 4605 et
1324 4551 1403 4604 sunt
1418 4562 1536 4606 coram

572 4673 583 4706 ¹
599 4675 625 4737 J.
638 4676 694 4732 bas,
705 4679 712 4704 ‘
722 4682 784 4724 tunc
795 4682 865 4725 esset
877 4677 904 4724 iu
915 4676 1059 4738 jerusalem
1071 4679 1120 4727 uisi
1132 4680 1202 4741 quod
1215 4679 1335 4742 oportet!
