3575 5375
358 557 379 618 8
592 559 749 619 OPERIS
773 559 960 629 MAJORIS
985 558 1099 616 PARS
1124 556 1272 615 PRIMA.

359 731 489 795 fuerunt
512 752 643 815 semper
661 731 860 813 paucissimi.
907 730 996 795 Nam
1018 740 1095 795 sunt
1115 750 1192 796 vere
1216 728 1359 814 perfecti,
1380 728 1438 792 sed
1467 728 1510 790 de

361 853 467 897 10000
482 835 652 900 hominurn
669 856 754 900 unus
775 856 840 899 non
861 836 1026 899 invenitur
1046 835 1093 899 sic
1114 834 1278 918 perfectus
1296 833 1403 898 necin
1420 843 1509 896 statu

358 941 448 1003 vitae
470 959 578 1022 neque
609 940 641 1004 in
672 940 874 1021 professione
904 939 1105 1022 sapientiae;
1136 939 1265 1003 utinam
1288 939 1332 1001 de
1361 936 1509 1000 secundo

358 1064 478 1127 genere
495 1043 714 1128 perfectorum
733 1043 816 1107 infra
833 1044 1004 1107 denarium
1029 1064 1113 1106 unus
1134 1052 1233 1121 esset,
1249 1053 1282 1106 et
1298 1043 1345 1106 sic
1361 1041 1457 1113 ultra,
1472 1050 1510 1104 ut

359 1149 516 1231 perfectio
538 1169 747 1212 numerorum
772 1149 804 1210 in
829 1147 1021 1212 hominibus
1048 1157 1301 1211 conservaretur.
1349 1145 1417 1209 Sed
1443 1164 1508 1208 non

359 1261 410 1316 est
425 1253 480 1323 ita,
497 1252 565 1316 imo
581 1252 681 1334 longe
696 1252 790 1317 aliter
806 1253 979 1318 invenitur.
1026 1250 1188 1316 Similiter
1208 1253 1251 1315 de
1274 1250 1511 1315 consuetudine

361 1359 540 1440 probamus
563 1377 622 1440 per
652 1358 893 1440 experientiam
925 1358 1115 1442 inactibus
1147 1356 1277 1433 nostriS,
1302 1356 1392 1438 quod
1425 1373 1510 1416 nunc

359 1462 475 1524 datum
498 1470 549 1524 est
580 1461 613 1523 in
643 1461 816 1544 exemplis.
863 1460 1028 1525 Revolvat
1057 1460 1198 1543 quilibet
1219 1461 1323 1524 vitam
1348 1480 1441 1522 suam
1468 1460 1511 1521 ab

361 1564 499 1627 infantia
514 1584 583 1638 sua,
599 1574 632 1628 et
649 1565 793 1628 inveniet
808 1566 899 1649 quod
917 1566 949 1627 in
966 1564 1113 1647 pluribus
1127 1565 1198 1645 ejus
1214 1565 1368 1647 operibus
1385 1563 1512 1626 facilius

362 1668 450 1731 mala
465 1680 500 1735 et
515 1668 597 1731 falsa
613 1670 712 1733 duxit
728 1670 760 1731 in
779 1670 1062 1733 consuetudinem.
1108 1668 1196 1731 Nam
1213 1670 1246 1732 in
1265 1669 1362 1733 bonis
1378 1678 1411 1732 et
1427 1670 1513 1731 veris

363 1773 519 1837 identitas
533 1771 700 1837 humanae
713 1773 883 1857 fragilitati
900 1781 1007 1835 mater
1021 1783 1071 1837 est
1086 1774 1258 1847 satietatis
1276 1784 1309 1836 et
1330 1773 1513 1837 delectatur

363 1878 461 1940 miser
476 1876 579 1941 homo
595 1878 628 1940 in
644 1878 803 1940 varietate
819 1876 949 1940 utilium
959 1878 1139 1941 secundum
1157 1878 1355 1941 sententiam
1371 1876 1514 1941 auctori·

362 1990 469 2045 tatum
485 2000 568 2062 quas
584 1982 616 2043 in
633 1981 791 2064 principio
806 1980 968 2063 allegavi3
991 2001 1009 2044 e
1030 1982 1192 2046 contrario
1207 1982 1341 2063 quidem
1363 1981 1395 2043 in
1418 1980 1513 2043 malis

363 2094 397 2149 et
413 2083 503 2149 falsis
519 2106 558 2149 ac
575 2086 700 2150 nocivis
719 2086 783 2150 sibi
806 2094 841 2150 et
863 2085 945 2149 aliis.
991 2086 1080 2149 Nam
1103 2097 1139 2151 ut
1160 2088 1193 2149 in
1214 2085 1362 2168 pluribus
1377 2086 1514 2161 actibus,

364 2190 425 2253 nisi
455 2190 562 2271 gratia
593 2190 746 2272 specialis
776 2200 811 2256 ct
847 2190 1054 2273 privilegium
1093 2191 1240 2254 divinum
1279 2191 1312 2253 in
1348 2190 1514 2273 aliquibus

363 2294 514 2376 perfectis
537 2295 675 2372 obtinet,
706 2293 854 2357 humana
883 2294 1051 2377 corruptio
1081 2295 1257 2376 diligenter
1287 2296 1435 2358 continet
1466 2315 1514 2367 ea,

363 2416 449 2479 quae
471 2398 600 2460 veritati
624 2407 657 2460 et
681 2397 779 2461 saluti
802 2407 880 2462 sunt
904 2398 1085 2472 contraria3
1109 2418 1169 2461 nec
1190 2398 1300 2461 taedio
1323 2396 1464 2462 afficitur
1482 2398 1514 2459 in

364 2501 493 2583 peccati
513 2501 770 2579 continuatione,
787 2521 846 2564 nec
867 2499 1036 2564 fastidium
1053 2502 1096 2564 de
1118 2502 1202 2565 facili
1220 2501 1344 2564 invenit
1359 2502 1396 2564 in
1418 2501 1516 2563 rebus

365 2605 472 2667 variis.
517 2603 619 2686 Quod
643 2606 670 2666 si
694 2604 856 2688 aliquisa
884 2604 1058 2686 juventute
1081 2604 1264 2689 applicetur
1285 2606 1328 2669 ad
1362 2606 1452 2668 vitae
1482 2615 1515 2667 et

363 2709 518 2772 scientiae
535 2710 717 2783 veritatem,
735 2708 787 2772 hic
804 2719 841 2773 ut
861 2711 894 2772 in
916 2709 1065 2791 pluribus
1083 2710 1212 2774 actibus
1232 2712 1380 2774 continet
1396 2711 1515 2793 imper-

365 2813 552 2891 fectionem,
568 2822 602 2876 et
619 2813 651 2876 in
667 2835 707 2876 ea
724 2813 935 2895 jocundatur,
951 2812 1109 2897 perfectio
1130 2815 1218 2878 enim
1242 2815 1415 2879 contristat
1437 2834 1514 2876 curn

365 2917 568 3001 frequentius
581 2941 589 2992 ;
612 2938 687 2981 narn
702 2918 916 3001 paucissimos
932 2917 1083 2993 delectat,
1095 2929 1129 2983 et
1145 2919 1293 2982 maxime
1305 2919 1338 2982 in
1355 2919 1515 2983 virtutum

365 3031 399 3084 et
414 3020 625 3085 scientiarum
642 3019 856 3104 plenitudine,
872 3031 906 3084 et
922 3021 998 3085 ideo
1014 3023 1136 3086 accidit
1151 3043 1235 3105 quos
1255 3033 1348 3087 aetas
1362 3022 1516 3104 juvenilis

365 3125 424 3189 vix
447 3136 541 3189 cavet
564 3125 608 3188 ab
629 3146 749 3201 errore,
772 3135 807 3190 et
830 3136 982 3189 senectus
1004 3146 1080 3190 cum
1105 3147 1235 3190 summa
1257 3127 1451 3191 difficultate
1474 3126 1516 3189 ad

347 3229 600 3313 ‚perfectionem
625 3231 657 3293 in
687 3229 799 3312 aliquo
830 3230 1042 3295 transcendit.
1089 3230 1143 3294 De
1175 3229 1276 3312 vulgo
1307 3230 1395 3294 enim
1427 3231 1517 3294 idem

361 3334 524 3416 judicium
541 3345 600 3399 est.
647 3335 736 3398 Nam
751 3335 931 3399 multitudo
947 3334 1076 3416 generis
1092 3332 1230 3398 humani
1247 3355 1378 3417 semper
1398 3336 1518 3398 erravit

366 3440 397 3501 in
429 3437 493 3502 Dei
525 3439 672 3516 veritate,
697 3449 732 3503 et
761 3441 911 3523 paucitas
945 3437 1206 3503 Christianorum
1237 3440 1379 3522 recepit;
1417 3450 1519 3520 atque

366 3542 487 3606 scimus
517 3545 608 3625 quod
648 3544 742 3625 plebs
781 3541 1044 3608 Christianorum
1085 3543 1276 3626 imperfecta
1313 3554 1373 3607 est.
1429 3545 1518 3607 Nam

367 3645 518 3727 paucitas
540 3656 730 3710 sanctorum
754 3647 818 3710 hoc
841 3647 998 3712 ostendit.
1045 3644 1205 3710 Similiter
1226 3647 1270 3709 de
1288 3646 1519 3730 philosophica

368 3749 526 3827 doctrina,
550 3750 669 3833 vulgus
690 3750 778 3813 enim
801 3771 935 3832 semper
963 3751 1068 3814 caruit
1093 3750 1256 3832 sapientia
1279 3750 1518 3834 philosophiae.

369 3851 483 3916 Brevis
520 3854 609 3916 enim
655 3852 930 3940 philosophorum
970 3875 1125 3918 numerus
1162 3853 1226 3918 hoc
1271 3854 1427 3919 declarat.
1474 3856 1519 3919 Et

368 3957 486 4039 vulgus
522 3957 659 4040 quidem
697 3957 1005 4040 philosophantium
1045 3959 1274 4041 imperfectum
1309 3980 1439 4042 semper
1471 3980 1520 4023 re-

369 4061 498 4124 mansit.
545 4061 635 4124 Nam
654 4063 696 4125 de
718 4060 854 4126 famosis
871 4062 1089 4145 philosophus
1112 4062 1202 4126 solus
1220 4063 1421 4128 Aristoteles
1444 4083 1519 4128 cum

368 4185 428 4229 sua
450 4163 574 4229 familia
596 4175 733 4230 vocatus
756 4176 807 4230 est
827 4165 953 4248 judicio
977 4167 1126 4230 omnium
1146 4168 1344 4249 sapientum,
1360 4169 1520 4250 quoniam

370 4270 441 4352 ipse
464 4290 580 4334 omnes
603 4280 714 4351 partes
738 4269 970 4353 philosophiae
992 4271 1127 4352 digessit
1150 4273 1331 4337 secundum
1355 4272 1521 4356 possibili-

370 4383 473 4438 tatem
504 4374 553 4438 sui
585 4375 755 4456 tempori-s,
788 4374 847 4438 sed
879 4385 992 4438 tamen
1022 4376 1065 4437 ad
1104 4375 1204 4438 finem
1235 4376 1416 4458 sapientiae
1453 4395 1521 4438 non

370 4477 527 4562 pervenit,
543 4479 629 4542 sicut
644 4478 725 4543 satis
742 4476 1006 4543 manifestabitur
1022 4477 1165 4543 inferius.
