3575 5375
340 627 399 688 108
551 630 707 691 OPERIS
730 629 919 702 MAJORIS
942 630 1058 691 PARS
1082 632 1266 706 QUARTA.

338 793 514 857 undecimo
546 794 863 877 Metaphysicorum.
914 795 1129 878 Quapropter
1159 794 1310 879 proficiet
1344 789 1493 859 maxime

339 898 527 963 intellectus
543 900 628 963 circa
643 901 750 982 ipsam
765 901 997 982 quantitatem,
1013 921 1054 963 eo
1067 901 1158 984 quod
1171 909 1297 983 quanta
1309 911 1342 963 et
1354 919 1493 982 corpora

337 1003 370 1065 in
408 1013 569 1086 quantum
608 1003 798 1086 hujusmodi
835 1004 1095 1088 appropriantur
1131 1002 1312 1068 intellectui
1344 1004 1493 1068 humano

338 1108 518 1171 secundum
550 1118 675 1174 statum
705 1128 915 1173 communem
948 1109 1163 1193 intelligendi.
1218 1109 1494 1192 Unumquodque

340 1219 390 1274 est
412 1221 548 1294 propter
569 1212 657 1296 quod
682 1223 716 1277 et
739 1212 818 1276 illud
842 1214 958 1294 magis.

169 1306 286 1385 inyhtch
384 1315 444 1380 Ad
458 1336 590 1380 omnem
606 1326 718 1381 autem
735 1316 1018 1382 confirmationem
1036 1327 1148 1401 potest
1168 1315 1253 1381 ratio
1275 1315 1392 1381 ultima
1407 1315 1492 1380 sumi

170 1389 313 1504 ffiqunoe
340 1439 384 1482 ex
416 1420 622 1502 experientia
659 1421 872 1502 sapientum3
910 1441 987 1485 nam
1018 1440 1134 1485 omnes
1167 1421 1335 1502 sapientes
1364 1419 1492 1502 antiqui

171 1521 270 1556 concur.
340 1523 532 1587 laborarunt
547 1524 580 1586 in
597 1525 843 1601 mathematica,
853 1534 890 1590 ut
906 1524 1019 1589 omnia
1033 1525 1164 1599 scirent,
1175 1525 1259 1587 sicut
1275 1543 1337 1587 nos
1351 1523 1494 1587 vidimus

341 1628 385 1691 de
406 1627 570 1709 aliquibus
593 1629 695 1692 nostri
719 1630 887 1711 temporie,
911 1639 945 1693 et
971 1629 1156 1692 audivimus
1180 1630 1224 1693 de
1247 1627 1330 1704 aliis,
1355 1627 1412 1711 qui
1435 1647 1495 1709 per

342 1731 621 1806 mathematicam,
637 1753 738 1816 quam
762 1734 846 1798 bene
866 1735 1040 1809 sciverunt,
1062 1753 1197 1796 omnem
1221 1732 1391 1796 scientiam
1415 1750 1493 1814 cog·

341 1846 514 1899 noverunt.
563 1835 691 1900 Inventi
714 1838 802 1900 enim
823 1848 900 1902 sunt
919 1837 979 1900 viri
1002 1837 1227 1915 famosissimi,
1245 1846 1282 1900 ut
1306 1837 1494 1919 Episcopus

342 1939 510 2004 Robertus
530 1939 781 2020 Lincolniensis‚
796 1952 831 2006 et
850 1941 969 2007 Frater
984 1940 1100 2006 Adam
1119 1942 1162 2005 de
1179 1941 1332 2013 Marisco‚
1347 1949 1382 2004 et
1397 1939 1493 2002 multi

340 2043 405 2122 alii,
417 2045 475 2126 qui
484 2065 542 2128 per
553 2054 752 2128 potestatem
764 2045 1021 2111 mathematicae
1031 2046 1197 2110 sciverunt
1212 2065 1328 2109 causas
1344 2043 1493 2108 omnium

341 2147 517 2228 explicare,
533 2157 567 2211 et
586 2157 654 2212 tam
674 2149 821 2213 humana
841 2169 943 2232 quam
964 2149 1077 2213 divina
1098 2148 1301 2214 sufficienter
1316 2165 1494 2230 exponere.

343 2250 455 2333 Hujus
477 2262 588 2318 autem
612 2253 658 2316 rei
681 2253 845 2318 certitudo
868 2262 961 2337 patet
984 2253 1017 2316 in
1040 2253 1170 2337 scriptis
1192 2252 1322 2316 illorum
1340 2253 1493 2327 virorum,

342 2367 380 2421 ut
404 2358 446 2421 de
474 2358 754 2440 impressionibus,
780 2359 866 2422 sicut
895 2359 938 2423 de
968 2359 1049 2423 iride
1077 2367 1112 2422 et
1142 2359 1187 2421 de
1215 2359 1363 2432 cometis,
1387 2367 1420 2420 et
1451 2357 1494 2420 de

341 2462 556 2544 generatione
578 2462 703 2539 caloris,
731 2473 765 2527 et
791 2463 940 2527 locorum
965 2463 1080 2526 mundi
1106 2462 1365 2545 investigatione,
1391 2470 1425 2524 et
1451 2461 1495 2524 de

342 2565 538 2630 coelestibus
561 2577 594 2630 et
618 2567 699 2645 aliis,
722 2568 844 2650 quibus
867 2579 937 2633 tam
961 2566 1131 2649 theologia
1154 2587 1255 2650 quam
1283 2563 1494 2649 philosophia

341 2669 452 2735 utitur.
506 2669 719 2755 Quapropter
744 2671 954 2736 manifestum
982 2682 1033 2737 est
1062 2671 1153 2755 quod
1183 2669 1420 2735 mathematica
1443 2677 1494 2733 est

342 2775 478 2837 omnino
494 2775 675 2838 necessaria
692 2785 725 2839 et
741 2774 831 2839 utilis
846 2775 919 2841 aliis
933 2776 1088 2840 scientiis

389 2877 465 2941 Hae
488 2877 633 2942 rationes
659 2889 738 2943 sunt
765 2878 969 2952 universales,
991 2880 1104 2944 sedin
1125 2876 1312 2962 particulari
1333 2876 1495 2959 contingit

343 2981 407 3045 hoc
422 2982 551 3046 ostendi
575 2983 807 3046 descendendo
823 2983 865 3047 ad
886 3003 1004 3048 omnes
1025 2993 1134 3065 partes
1154 2981 1396 3065 philosophiae,
1411 3001 1494 3063 quo·

345 3086 447 3149 modo
475 3105 533 3169 per
554 3084 808 3167 applicationem
833 3086 1090 3152 mathematicae
1115 3087 1261 3151 sciuntur
1284 3086 1404 3149 omnia
1449 3083 1495 3147 Et

342 3189 407 3254 hoc
422 3188 500 3252 nihil
517 3188 604 3254 aliud
621 3201 682 3265 est,
702 3211 802 3274 quam
823 3192 997 3255 ostendere
1015 3191 1166 3255 scientias
1187 3190 1268 3253 alias
1290 3209 1357 3253 non
1375 3190 1496 3253 debere

343 3294 415 3357 sciri
431 3314 491 3375 per
505 3306 702 3379 argumenta
714 3293 887 3360 dialectica
902 3305 936 3359 et
950 3295 1128 3378 sophistica
1142 3314 1229 3376 quae
1244 3294 1496 3357 introducuntur

343 3398 569 3475 communiter,
596 3400 655 3463 sed
680 3420 739 3483 per
764 3400 1062 3465 demonstrationes
1089 3398 1339 3463 mathematicas
1361 3398 1496 3461 descen·

343 3504 461 3567 dentes
476 3504 508 3566 in
524 3504 680 3568 veritates
695 3513 729 3568 et
744 3524 845 3587 opera
863 3504 1001 3567 aliarum
1021 3503 1231 3567 scientiarum
1253 3511 1288 3567 et
1308 3499 1496 3585 regulantes

343 3626 407 3684 eas,
436 3607 506 3670 sine
536 3608 656 3690 quibus
686 3627 746 3671 nec
777 3617 916 3690 possunt
940 3605 1086 3689 intelligi,
1112 3627 1174 3672 nec
1203 3605 1410 3683 manifestari,
1435 3624 1497 3669 nec

343 3709 463 3783 doceri,
494 3730 556 3775 nec
586 3711 674 3774 disci.
730 3710 766 3776 Si
795 3712 869 3794 quis
892 3732 973 3775 vero
1002 3711 1035 3773 in
1065 3708 1250 3792 particulari
1280 3710 1497 3773 descenderet

343 3814 541 3897 applicando
575 3814 831 3880 mathematicae
861 3826 1062 3899 potestatem
1092 3816 1136 3879 ad
1165 3814 1312 3898 singulas
1336 3813 1498 3889 scientias,

343 3918 459 3981 viderit
481 3919 572 4000 quod
597 3917 675 3981 nihil
697 3920 729 3982 in
751 3920 797 3984 eis
817 3930 932 4002 posset
954 3918 1025 3984 sciri
1042 3917 1255 4001 magnificum
1277 3918 1347 3982 sine
1370 3917 1497 3981 mathe-

345 4021 474 4085 matica
520 4021 587 4086 Sed
613 4024 676 4087 hoc
699 4023 778 4087 nihil
801 4024 889 4087 aliud
913 4033 1009 4097 esset,
1034 4023 1093 4087 nisi
1115 4023 1316 4087 constituere
1337 4030 1498 4086 tractatus

343 4134 451 4188 certos
467 4125 509 4188 de
525 4126 677 4190 omnibus
692 4126 844 4205 scientiis,
862 4137 897 4192 et
911 4127 1048 4211 pervias
1062 4125 1317 4190 mathematicae
1331 4124 1498 4189 verificare

342 4228 453 4291 omnia
475 4249 562 4311 quae
584 4230 725 4295 scientiis
747 4232 887 4296 caeteris
909 4240 987 4296 sunt
1009 4230 1204 4296 necessaria.
1250 4228 1319 4294 Sed
1342 4229 1407 4293 hoc
1431 4247 1498 4292 non

344 4341 394 4396 est
409 4334 587 4415 praesentis
603 4335 842 4417 speculationis.
1023 4346 1027 4353 ’
