3575 5375
350 623 411 685 280
574 624 730 683 OPERIS
753 623 942 694 MAJORIS
966 623 1082 682 PARS
1107 622 1293 696 QUARYA.

351 789 506 855 dicuntur
520 799 639 872 epacta
654 787 821 871 sequentis
836 788 914 851 anni
930 787 1056 862 solaris,
1071 788 1167 871 quasi
1186 789 1340 870 eprbucta,
1360 786 1424 851 hoc
1445 797 1506 862 est,

351 903 685 977 superaugmentata3
707 901 742 957 et
758 913 817 976 per
833 892 906 955 illos
920 893 958 955 xi
970 893 1042 956 dies
1057 892 1238 975 majoratur
1252 903 1345 957 aetas
1361 891 1458 956 lunae
1474 891 1508 956 in

352 997 529 1080 primodie
545 996 712 1080 sequentis
727 997 816 1072 anni,
831 1005 865 1060 et
886 1016 946 1078 per
965 998 1101 1060 eosdem
1123 997 1194 1061 dies
1215 996 1398 1078 majoratur
1412 1008 1506 1060 aetas

352 1102 450 1167 lunae
465 1101 498 1165 in
513 1101 676 1185 principio
692 1100 867 1182 cujuslibet
884 1100 1008 1164 mensis
1022 1101 1122 1164 futuri
1143 1100 1221 1163 anni
1240 1120 1340 1184 super
1360 1111 1505 1164 aetatem

352 1225 446 1270 suam
473 1205 506 1268 in
533 1206 694 1289 principio
719 1203 896 1286 cujuslibet
923 1205 1045 1269 mensis
1075 1205 1194 1286 prioris
1215 1206 1303 1270 anni.
1360 1205 1406 1268 Et
1429 1205 1508 1288 quia

352 1307 541 1392 hujusmodi
558 1329 683 1373 errores
704 1309 910 1392 contingunt,
927 1329 1058 1373 necesse
1078 1320 1129 1374 est
1150 1319 1187 1373 ut
1207 1320 1300 1375 aetas
1319 1309 1417 1372 lunae
1431 1329 1508 1373 vera

353 1424 531 1496 quaeratur
546 1414 641 1477 aliter
656 1434 757 1496 quam
774 1432 834 1494 per
849 1412 1040 1496 hujusmodi
1055 1413 1175 1495 cyclos

185 1528 339 1596 Superiority
399 1518 445 1581 Et
461 1517 642 1582 remedium
655 1516 774 1581 horum
787 1517 935 1581 omnium
948 1526 1007 1595 est,
1017 1519 1108 1600 quod
1120 1538 1298 1601 possumus
1310 1537 1508 1601 cognoscere

185 1596 336 1712 idrl'dldand
354 1621 587 1706 primationem
624 1621 722 1684 lunae
758 1621 940 1686 secundum
971 1621 1145 1686 veritatem
1182 1623 1449 1699 astronomicam,
1479 1619 1508 1683 si

185 1727 213 1776 os
223 1727 332 1778 Hebrew
355 1745 566 1790 numeremus
592 1734 743 1809 tempora
769 1726 951 1789 secundum
981 1745 1087 1790 annos
1115 1735 1150 1788 et
1180 1746 1310 1790 menses
1333 1725 1507 1804 Arabum;

185 1793 275 1844 rables.
355 1831 432 1914 quia
448 1831 574 1913 primus
589 1830 660 1894 dies
676 1827 850 1910 cujuslibet
867 1831 990 1894 mensis
1004 1831 1081 1894 anni
1096 1829 1249 1893 Arabum
1265 1839 1316 1893 est
1336 1831 1407 1893 dies
1428 1850 1508 1894 con-

353 1934 533 2017 junctionis
562 1933 640 1998 solis
665 1943 699 1997 et
720 1935 818 1996 lunae
839 1933 1021 1998 secundum
1043 1955 1158 1998 eorum
1183 1936 1352 2017 utriusque
1375 1954 1507 1998 cursum

356 2039 514 2103 medium.
561 2039 661 2103 Unde
682 2037 709 2101 si
732 2038 822 2101 diem
845 2038 932 2102 hunc
947 2037 1101 2102 volumus
1122 2040 1231 2103 dicere
1252 2040 1396 2122 primurn
1417 2039 1507 2103 diem

355 2143 473 2208 aetatis
502 2140 607 2218 lunae,
638 2153 717 2206 tunc
751 2142 893 2225 cognitis
931 2143 1032 2208 initiis
1067 2142 1229 2207 mensium
1261 2153 1507 2225 cognoscuntur

355 2247 448 2311 initia
474 2245 719 2331 primationum.
764 2245 866 2328 Quod
891 2246 919 2309 si
945 2246 1086 2311 velimus
1113 2247 1267 2312 inchoare
1293 2247 1509 2328 primationes

355 2362 484 2416 nostras
510 2350 614 2432 prima
645 2350 699 2414 die
722 2350 857 2414 visionis
883 2350 982 2415 lunae
1003 2350 1056 2414 vel
1079 2352 1226 2414 secunda
1247 2349 1299 2414 vel
1328 2351 1436 2424 tertia,
1460 2350 1507 2414 in·

353 2455 514 2539 cipiemus
529 2453 744 2537 primationes
759 2462 887 2519 nostras
902 2476 921 2518 a
936 2456 1082 2519 secundo
1094 2454 1148 2518 die
1156 2453 1209 2518 vel
1219 2455 1320 2520 tertio
1331 2454 1509 2538 cujuslibet

355 2559 478 2623 mensis
492 2558 655 2636 Arabum,
672 2567 706 2621 et
729 2558 947 2639 procedemus
970 2558 1178 2624 uniformiter
1201 2561 1233 2622 in
1255 2559 1508 2640 computatione

352 2663 560 2728 lunationum
583 2670 616 2725 et
640 2681 706 2726 non
733 2662 906 2744 proveniet
932 2665 1029 2728 nobis
1055 2683 1155 2727 error.
1202 2663 1247 2728 Et
1270 2664 1350 2746 quia
1370 2663 1509 2728 scientia

351 2787 512 2831 annorum
524 2765 687 2843 Arabum,
696 2776 732 2830 et
746 2766 839 2832 initia
856 2768 1018 2831 mensium
1033 2768 1264 2843 eorum,.dabit
1280 2768 1378 2831 nobis
1391 2789 1506 2832 veram

352 2871 578 2953 cognitionem
597 2870 843 2951 primationum,
859 2870 936 2935 ideo
957 2891 1023 2936 non
1043 2882 1174 2954 oportet
1196 2872 1257 2935 nisi
1279 2893 1443 2936 recurrere
1463 2875 1508 2936 ad

353 2974 485 3039 tabulas
512 2982 545 3035 et
572 2992 715 3036 canones
738 2994 899 3037 annorum
923 2985 957 3039 et
984 2976 1148 3039 mensium
1163 2975 1326 3039 Arabum.
1373 2976 1419 3041 Et
1442 2976 1509 3041 hoc

354 3078 430 3142 dico
448 3077 631 3142 secundum
652 3076 839 3142 doctrinam
860 3100 946 3161 quae
960 3078 1095 3161 vulgata
1117 3090 1169 3144 est
1188 3082 1278 3163 apud
1298 3091 1509 3145 astronomos

355 3184 495 3247 Latinos
510 3190 544 3246 et
557 3179 699 3245 Arabes.
746 3180 782 3246 Si
798 3192 910 3246 tamen
926 3183 1067 3247 velimus
1080 3182 1147 3247 alia
1160 3185 1214 3246 vla
1228 3186 1416 3265 procedere,
1431 3205 1509 3268 pos·

355 3308 468 3353 sumus
483 3287 599 3351 eadem
615 3286 812 3352 certitudine
831 3290 889 3352 sed
910 3287 1026 3370 majori
1044 3288 1243 3353 auctoritate
1262 3290 1404 3370 probare
1422 3309 1509 3372 quae

355 3394 516 3469 volumus,
530 3392 654 3456 scilicet
674 3412 733 3474 per
753 3391 885 3456 tabulas
902 3392 1117 3469 Graecorum,
1132 3400 1167 3456 et
1189 3395 1336 3457 maxime
1358 3394 1509 3458 Hebrae-

354 3516 459 3561 orum.
521 3495 608 3559 Nam
638 3517 659 3560 a
696 3496 859 3578 principio
899 3495 1047 3560 Hebraei
1085 3494 1215 3560 luerunt
1253 3498 1444 3580 peritissimi
1475 3499 1509 3562 in

354 3600 517 3682 sapientia
543 3600 785 3676 astronomiae;
818 3608 853 3663 et
885 3620 1002 3664 omnes
1027 3601 1179 3665 nationes
1208 3600 1394 3667 habuerunt
1423 3603 1510 3668 hanc

354 3705 524 3767 scientiam
545 3703 630 3767 sicut
650 3714 795 3767 caeteras
814 3703 858 3767 ab
881 3704 938 3778 εἰς,
954 3705 1039 3769 sicut
1058 3705 1195 3787 probavi
1218 3706 1253 3769 in
1272 3708 1507 3788 superioribus.

356 3808 402 3871 Et
425 3806 501 3870 ideo
522 3806 550 3869 si
573 3807 647 3888 quis
670 3808 855 3870 consideret
878 3809 1010 3873 tabulas
1031 3810 1262 3874 Hebraeorum
1284 3813 1327 3875 ad
1350 3831 1507 3876 occasum

355 3911 434 3975 solis
448 3909 642 3991 Jerusalem,
658 3910 801 3974 inveniet
817 3910 950 3992 plenam
966 3913 999 3976 iu
1013 3912 1205 3994 hujusmodi
1219 3915 1404 3979 veritatem.

188 4032 215 4081 ln
227 4033 269 4083 ne
400 4015 469 4080 Sed
483 4015 636 4098 quamvis
650 4035 774 4079 errores
794 4036 879 4098 quos
901 4019 1090 4084 enumeravi
1109 4019 1176 4083 sint
1198 4020 1372 4085 horribiles
1393 4042 1510 4087 secun-

187 4104 284 4162 Pm‘
356 4121 437 4184 dum
453 4140 497 4198 se,
512 4130 623 4183 tamen
646 4140 713 4184 non
734 4130 785 4183 est
803 4123 1009 4204 comparatio
1030 4125 1074 4186 ad
1096 4144 1154 4187 eos
1176 4125 1233 4206 qui
1254 4144 1299 4188 ex
1316 4128 1389 4209 jam
1410 4127 1510 4193 dictis

187 4161 344 4294 {ilidii}
356 4232 549 4307 sequuntur.
597 4224 685 4289 Nam
708 4233 799 4289 totus
825 4228 910 4290 ordo
935 4226 1229 4291 ecclesiasticarum
1256 4228 1508 4295 solemnitatum

187 4294 338 4411 :03:02de
357 4327 569 4393 confunditur
598 4348 658 4411 per
686 4329 877 4413 hujusmodi
905 4330 1121 4412 primationes
1145 4351 1300 4397 erroneas
1325 4336 1509 4400 secundum

188 4424 244 4475 ¹⁸¹0·
357 4433 591 4509 calendarium,
609 4434 694 4498 sicut
719 4456 778 4517 per
800 4436 1087 4517 aequinoctiorum
1106 4434 1223 4499 falsam
1247 4435 1417 4505 fixionem.
1462 4440 1510 4505 Et

357 4558 398 4601 ne
416 4536 566 4601 differam
588 4537 620 4601 in
640 4537 723 4601 alios
745 4558 850 4602 annos
870 4538 913 4602 ad
933 4539 1136 4604 evidentiam
1160 4540 1254 4604 istius
1274 4544 1402 4622 erroris,
1417 4564 1510 4628 pono

356 4660 470 4706 casum
487 4642 519 4705 in
534 4642 597 4707 hoc
612 4662 708 4707 anno.
755 4644 844 4707 Nam
865 4664 933 4708 non
955 4642 1062 4709 solum
1085 4646 1195 4710 media
1217 4645 1408 4729 conjunctio
1427 4649 1511 4713 solis
