3575 5375
725 611 1014 672 ceocnnprnn.
1387 609 1449 689 365

296 775 447 856 Ethicus,
467 785 501 842 et
527 777 706 860 aliquando
730 776 814 840 inira
838 788 906 843 tres
931 777 1003 841 dies
1028 775 1215 840 ceciderunt
1241 796 1285 840 ex
1310 782 1450 856 utraque

294 892 389 963 parte
404 882 512 946 decies
528 892 667 946 centena
682 882 784 945 millia
796 882 977 946 hominum.
1007 879 1205 945 Alexander
1214 888 1326 943 tamen
1342 878 1449 962 magis

294 997 366 1051 arte
381 997 415 1052 et
430 988 565 1070 ingenio
580 987 657 1051 vicit
672 1007 772 1071 quarn
787 1006 954 1051 armorum
966 995 1141 1071 potestate.
1172 984 1304 1049 Etcum
1316 983 1448 1049 luerunt

296 1092 433 1156 excitati
454 1093 538 1156 sicut
562 1091 627 1155 ursi
648 1093 691 1156 de
713 1091 859 1155 cavernis
881 1091 955 1167 suis,
970 1110 1037 1154 non
1059 1089 1170 1171 potuit
1192 1111 1250 1153 eos
1272 1091 1448 1171 reprimere

294 1215 354 1278 per
367 1195 566 1271 violentiam,
582 1197 642 1260 sed
659 1196 752 1260 Deus
767 1195 854 1278 juvit
875 1215 934 1279 per
951 1205 1058 1259 terrae
1078 1203 1205 1258 motum
1226 1202 1261 1258 et
1279 1193 1448 1258 clausuras

295 1301 467 1364 montium.
514 1301 612 1365 Nunc
632 1310 744 1364 autem
765 1309 883 1384 ruptae
904 1309 992 1377 sunt,
1006 1309 1041 1364 et
1060 1299 1117 1363 diu
1139 1299 1301 1381 estquod
1323 1297 1448 1362 fractae

295 1413 372 1469 sunt
387 1404 456 1468 sive
471 1416 577 1470 terrae
592 1415 684 1469 motu
699 1404 766 1468 sive
781 1413 957 1468 vetustate.

340 1508 386 1571 Et
402 1509 677 1575 considerandum
695 1519 746 1573 est
763 1508 942 1592 diligenter
960 1509 1004 1572 de
1026 1508 1107 1573 locis
1129 1507 1210 1572 istis.
1257 1506 1347 1571 Nam
1369 1506 1447 1590 Gog
1458 1509 1542 1588 Thoe
1702 1589 1705 1594 Ι

296 1621 330 1676 et
347 1612 485 1699 Magog,
499 1615 542 1678 de
562 1614 682 1698 quibus
702 1613 856 1678 Ezechiel
875 1613 1085 1696 prophetavit
1105 1622 1139 1678 et
1159 1612 1393 1699 Apocalypsis,
1411 1613 1446 1676 in
1459 1589 1592 1693 fflffbe

294 1716 347 1781 his
359 1717 441 1782 locis
453 1729 530 1783 sunt
542 1717 666 1793 inclusi,
676 1719 857 1783 secundum
867 1720 959 1800 quod
971 1718 1051 1783 dicit
1063 1719 1291 1801 Hieronymus
1301 1719 1447 1783 secundo
1460 1708 1589 1826 “ffletd

296 1819 383 1886 libro
398 1845 496 1910 super
512 1822 734 1888 Ezechielem.
778 1821 855 1906 Gog
872 1820 1030 1904 Scythica
1048 1843 1131 1906 gens
1148 1832 1242 1887 trans
1260 1821 1446 1888 Caucasum
1459 1791 1489 1826 ex
1591 1811 1598 1824 ⁰

296 1933 330 1990 et
347 1926 511 1994 Maeotim
529 1938 562 1994 et
580 1927 738 2012 Caspium
755 1947 846 1990 mare
861 1929 904 1991 ad
924 1926 1052 1991 lndiam
1073 1947 1176 2009 usque
1187 1928 1389 2003 tenduntur;
1412 1936 1447 1991 et

294 2049 313 2092 a
344 2033 490 2118 principe
517 2033 595 2117 Gog
623 2033 819 2114 omnesqui
842 2031 967 2094 subditi
989 2040 1067 2094 sunt
1090 2030 1216 2114 Magog
1237 2030 1448 2112 appellantur

296 2144 331 2198 et
342 2135 460 2216 Judaei
474 2137 634 2211 similiter,
645 2155 728 2218 quos
741 2134 877 2199 Orosius
893 2133 995 2197 etalii
1010 2134 1117 2198 sancti
1132 2133 1275 2197 referunt
1287 2133 1445 2196 exituros

296 2236 414 2324 Atque
439 2243 524 2306 sicut
552 2241 693 2305 Ethicus
717 2241 840 2314 scribit,
865 2238 1061 2305 Alexander
1085 2239 1217 2304 inclusit
1236 2239 1352 2320 viginti
1377 2237 1446 2302 duo

297 2364 399 2426 regna
417 2347 459 2410 de
475 2348 577 2431 stirpe
593 2346 671 2428 Gog
691 2354 724 2410 et
746 2345 881 2427 Magog,
897 2345 1029 2408 exitura
1047 2345 1081 2408 in
1102 2343 1219 2409 diebus
1238 2341 1446 2418 Antichristi‚

295 2449 352 2531 qui
368 2452 531 2514 mundum
546 2451 655 2534 primo
668 2450 847 2513 vastabunt
857 2459 891 2514 et
903 2449 1024 2514 deinde
1035 2450 1219 2514 obviabunt
1227 2447 1446 2528 Antichristo,

295 2563 328 2616 et
343 2555 511 2619 vocabunt
526 2576 602 2618 eum
621 2554 731 2618 Deum
748 2554 908 2629 Deorum,
921 2556 1004 2620 sicut
1022 2564 1056 2620 et
1077 2557 1195 2619 beatus
1219 2555 1446 2636 Hieronymus

298 2658 481 2724 confirmat.
521 2659 553 2725 O
569 2680 670 2744 quarn
687 2660 907 2725 necessarium
922 2670 973 2724 est
987 2658 1145 2725 ecclesiae
1163 2658 1237 2735 Dei,
1252 2667 1290 2723 ut
1305 2656 1445 2743 proelati

297 2774 331 2827 et
356 2764 416 2829 viri
442 2764 594 2830 catholici
619 2765 701 2829 haec
726 2765 799 2829 loca
828 2765 1047 2843 considerent,
1076 2785 1143 2829 non
1172 2765 1279 2830 solum
1308 2773 1445 2848 propter

294 2869 541 2933 conversionem
558 2869 707 2954 gentium
724 2870 756 2933 in
773 2869 838 2934 illis
854 2869 945 2946 locis,
961 2880 996 2934 et
1010 2869 1270 2936 consolationem
1288 2868 1443 2935 Christia-

294 2992 412 3036 norum
438 2976 645 3058 captivorum
664 2974 797 3053 ibidem,
820 2976 879 3039 sed
900 2983 1037 3059 propter
1059 2975 1321 3060 persecutionem
1341 2973 1444 3039 Anti·

295 3076 417 3154 christi‚
442 3090 479 3143 ut
509 3080 632 3143 sciatur
658 3078 746 3143 unde
771 3089 930 3145 venturus
954 3080 1010 3157 sit,
1037 3088 1071 3145 et
1100 3080 1244 3163 quando,
1272 3077 1445 3163 perhanc

293 3182 589 3247 considerationem
606 3192 639 3247 et
654 3182 735 3247 alias
751 3183 880 3248 multas.

337 3285 370 3348 A
398 3288 503 3367 portis
528 3308 607 3349 vero
635 3286 763 3369 Caspiis
787 3287 901 3374 incipit
923 3308 1014 3352 mare
1038 3284 1219 3371 Caspium¹
1242 3287 1378 3351 extendi
1409 3285 1443 3351 in
1456 3287 1584 3365 ruscu-

293 3388 430 3471 longum
454 3390 496 3454 ad
518 3391 703 3468 orientem;
733 3401 767 3457 et
790 3392 822 3455 in
845 3391 950 3457 latum
972 3394 1015 3456 ad
1033 3392 1231 3476 aquilonem,
1246 3401 1280 3456 et
1302 3399 1353 3455 est
1376 3411 1442 3455 non
1455 3369 1602 3471 ἓξὲξ

293 3494 402 3558 minus
417 3513 518 3577 quarn
536 3493 707 3559 Ponticum
724 3516 823 3569 mare,
839 3505 876 3560 ut
891 3496 973 3562 dicit
985 3496 1117 3575 Plinius,
1129 3506 1163 3561 et
1180 3496 1283 3560 habet
1298 3497 1442 3578 spatium

296 3608 440 3682 quatuor
474 3598 635 3662 mensium
670 3598 702 3661 in
735 3600 884 3665 circuitu.
930 3601 1047 3666 Frater
1074 3620 1153 3664 vero
1181 3598 1382 3664 Willielmus
1410 3601 1444 3664 in

328 3794 337 3828 ¹
354 3796 410 3845 The
422 3796 538 3856 changes
549 3795 580 3844 of
594 3795 699 3858 opinion
713 3796 738 3845 in
751 3796 880 3859 antiquity
891 3811 922 3845 as
933 3802 960 3845 to
972 3796 1024 3846 this
1033 3812 1081 3847 sea
1090 3812 1134 3845 are
1145 3796 1257 3848 curicus.
1293 3795 1444 3847 Herodotus

292 3876 344 3925 and
355 3874 482 3924 Aristotle
498 3874 559 3924 held
575 3874 620 3923 the
636 3882 693 3923 true
708 3875 776 3923 view
793 3875 849 3923 that
866 3875 886 3924 it
902 3890 959 3923 was
975 3876 1138 3924 surrounded
1151 3875 1187 3937 by
1197 3874 1266 3924 land.
1300 3874 1352 3925 See
1363 3875 1443 3925 Arist

291 3952 389 4002 Mum.
402 3954 426 4001 ii.
438 3968 460 4011 1,
474 3956 486 4012 ξ
502 3967 540 4001 10.
574 3951 627 4001 But
644 3951 782 4012 Patrocles,
795 3968 828 4002 an
845 3953 933 4001 officer
948 3953 978 4002 oi
987 3952 1132 4002 Antiochus
1148 3952 1169 4014 1,
1180 3952 1336 4002 maintained
1351 3955 1406 4002 that
1423 3954 1444 4002 it

292 4048 349 4082 was
365 4048 381 4081 a
399 4031 456 4094 guli
470 4030 500 4081 ol
513 4032 558 4081 the
577 4030 700 4080 northern
717 4046 807 4093 ocean,
826 4033 877 4081 end
894 4032 951 4080 that
966 4031 986 4081 it
999 4032 1088 4081 would
1099 4032 1132 4082 be
1145 4032 1258 4094 possible
1274 4038 1302 4081 to
1316 4032 1363 4080 sail
1377 4032 1443 4080 from

292 4111 313 4160 it
330 4112 413 4160 round
430 4117 458 4159 to
475 4110 519 4159 the
538 4108 628 4157 lndian
645 4123 691 4157 sea
708 4108 820 4171 (Strabo,
834 4110 869 4157 xi.
884 4124 925 4171 11,
938 4114 951 4168 ἦ
962 4110 999 4173 6).
1033 4109 1110 4172 Pliny
1126 4118 1200 4158 went
1215 4124 1247 4159 so
1261 4109 1300 4159 sar
1315 4125 1346 4158 as
1357 4116 1385 4158 to
1395 4124 1445 4171 say

295 4190 352 4239 that
367 4188 498 4238 Patrocles
513 4188 564 4236 had
576 4184 689 4248 actually
700 4187 893 4250 accomplished
912 4188 965 4237 this
975 4203 1076 4250 voyage
1089 4188 1167 4251 (Hr'st
1180 4187 1239 4235 Nat.
1253 4188 1284 4235 vi.
1299 4187 1349 4250 η).
1383 4187 1445 4237 And

292 4266 525 4324 notwithstanding
539 4264 595 4313 that
611 4262 730 4326 Ptolemy
747 4266 865 4313 reverted
883 4272 912 4314 to
929 4265 975 4314 the
991 4265 1072 4315 belief
1082 4266 1137 4314 that
1153 4266 1198 4315 the
1213 4264 1324 4327 Caspian
1336 4279 1393 4314 was
1407 4280 1441 4314 an

289 4344 378 4393 inland
395 4360 440 4393 sea
452 4340 668 4406 (cosmographia,
681 4341 724 4391 vii.
737 4356 762 4403 5,
772 4346 785 4400 ί
795 4342 833 4405 4),
851 4340 950 4406 Pliny's
962 4344 1031 4393 view
1047 4344 1185 4393 continued
1202 4350 1230 4391 to
1248 4342 1281 4391 be
1296 4344 1443 4392 reasserted

290 4422 402 4483 through
413 4422 458 4471 the
470 4420 567 4470 liiiddle
577 4418 657 4483 Ages,
671 4419 707 4467 till
720 4419 815 4481 Bacon,
829 4436 863 4469 on
881 4422 928 4469 the
942 4422 1072 4484 authority
1087 4420 1117 4470 oi
1131 4420 1287 4483 Rubnrquis,
1300 4422 1443 4471 continued

290 4498 335 4548 the
347 4500 398 4547 iact
409 4500 465 4547 that
476 4499 495 4546 it
506 4514 561 4547 was
572 4498 733 4547 surrounded
750 4497 785 4560 by
797 4499 868 4549 land.
901 4498 991 4549 Bacon
1005 4500 1130 4548 however
1146 4499 1190 4547 did
1205 4504 1251 4547 not
1268 4497 1322 4547 inee
1340 4498 1446 4548 himself

290 4577 356 4627 from
370 4576 510 4640 Ptolemys
525 4590 599 4625 error
610 4575 640 4625 oi
651 4576 796 4639 supposing
806 4577 838 4626 its
849 4582 965 4640 greatest
981 4577 1072 4640 length
1088 4585 1116 4627 to
1131 4575 1163 4626 be
1175 4576 1241 4626 from
1257 4582 1315 4626 east
1326 4583 1354 4625 to
1363 4584 1440 4637 west,

291 4655 381 4704 rather
391 4655 455 4705 than
466 4654 530 4705 ironr
542 4654 618 4705 north
629 4660 657 4703 to
669 4654 755 4705 south.
