3575 5375
421 648 771 709 MATHEMATICAE
795 651 847 709 IN
867 652 1036 713 DIVINIS
1063 655 1270 714 UTILITAS.
1360 671 1420 734 215

271 822 445 876 occurrunt
474 813 574 877 radiis
603 812 775 892 solaribus,
800 815 921 880 accidit
947 836 1006 898 per
1032 817 1198 901 duplicem
1225 817 1419 883 fractionem

270 917 362 997 quod
383 916 490 998 possit
509 919 553 982 ad
573 917 705 981 oculum
725 920 820 982 etad
840 928 966 985 tactum
985 922 1062 1004 eligi
1083 933 1224 1005 punctus
1241 923 1325 987 aeris
1343 933 1420 1006 post

271 1018 461 1100 hujusmodi
484 1041 613 1104 corpus,
629 1022 663 1085 in
685 1042 754 1105 quo
775 1031 899 1106 stuppa
914 1024 1001 1089 sicca
1015 1025 1068 1089 vel
1091 1026 1216 1109 aliquid
1233 1028 1318 1092 bene
1333 1048 1420 1091 com·

270 1121 427 1187 bustibile
447 1126 654 1201 accendatur,
677 1137 714 1190 ut
736 1126 825 1208 prius
847 1127 997 1192 habitum
1020 1139 1080 1194 est.
1126 1131 1171 1194 Et
1193 1130 1275 1196 haec
1295 1130 1420 1214 triplex

270 1226 442 1293 calefactio
468 1239 580 1311 potest
606 1231 714 1294 vocari
743 1230 866 1314 triplex
893 1233 1091 1311 combustio,
1113 1237 1156 1298 de
1182 1255 1248 1316 qua
1274 1235 1420 1318 loquitur

269 1332 428 1413 scriptura
441 1355 449 1412 ;
463 1333 516 1398 vel
527 1334 623 1398 aliter
638 1355 813 1417 possumus
828 1335 938 1400 dicere
949 1339 1040 1420 quod
1051 1338 1129 1402 lacit
1141 1359 1241 1402 unam
1255 1341 1418 1405 montium

270 1437 533 1501 combustionem
558 1439 602 1503 de
627 1441 732 1504 tribus
759 1441 799 1503 de
826 1441 946 1523 quibus
976 1443 1137 1525 scriptura
1167 1443 1316 1520 intendit,
1342 1464 1418 1508 cum

270 1541 359 1617 dicit,
381 1541 451 1605 ‘sol
479 1541 652 1624 tripliciter
677 1544 789 1607 exurit
815 1541 966 1609 montes?
1011 1546 1100 1611 Nam
1127 1547 1192 1610 alio
1219 1549 1318 1612 modo
1341 1568 1418 1612 con-

268 1645 429 1709 sideratur
446 1646 632 1711 combustio
653 1667 754 1729 penes
771 1648 967 1714 varietatem
988 1650 1195 1734 angulorum,
1213 1653 1292 1735 quia
1309 1652 1419 1715 multi·

269 1749 405 1832 plicatio
421 1749 502 1814 lucis
516 1749 567 1815 vel
584 1761 634 1815 est
649 1751 691 1815 ad
708 1753 846 1835 angulos
859 1763 977 1824 rectos,
989 1754 1041 1818 vel
1057 1753 1221 1838 obliquos,
1232 1754 1286 1820 vel
1301 1755 1418 1819 nullos.

270 1852 307 1917 Si
329 1854 372 1918 ad
394 1855 557 1938 obliquos,
573 1866 623 1920 est
646 1854 740 1920 fortis
760 1857 869 1933 actio;
892 1857 920 1921 si
943 1859 988 1922 ad
1010 1869 1126 1934 rectos,
1148 1858 1263 1924 sortior
1285 1869 1336 1924 est
1359 1881 1418 1944 per

268 1958 350 2021 xviii
375 1959 474 2042 primi
501 1958 751 2024 Elementorum
779 1960 927 2026 Euclidis
956 1972 991 2026 et
1013 1983 1072 2045 per
1100 1963 1183 2028 alias
1203 1965 1295 2042 vias3
1324 1966 1352 2028 si
1374 1965 1419 2029 ad

268 2061 386 2143 nullos,
407 2063 584 2128 fortissima
603 2076 739 2148 propter
760 2066 989 2129 omnimodam
1006 2067 1251 2149 aequalitatem,
1271 2080 1308 2133 ut
1327 2069 1418 2151 prius

268 2165 419 2231 habitum
435 2177 492 2232 est
531 2167 599 2232 Sed
613 2169 657 2232 ab
672 2170 761 2232 omni
777 2179 901 2251 puncto
916 2169 994 2234 solis
1009 2170 1053 2233 ad
1067 2171 1239 2252 quodlibet
1257 2181 1417 2253 punctum

269 2272 392 2335 montis
413 2272 536 2353 objecti
552 2270 613 2336 soli
631 2273 766 2336 veniunt
785 2274 877 2348 radii,
893 2282 928 2336 et
947 2271 1064 2337 infiniti
1079 2275 1204 2338 cadunt
1222 2276 1265 2338 ad
1278 2275 1418 2358 angulos

268 2384 384 2450 rectos,
396 2374 516 2439 infiniti
531 2377 575 2440 ad
586 2375 746 2458 obliquos,
761 2387 797 2441 ut
814 2374 1023 2441 manifestum
1035 2388 1096 2442 est.
1127 2377 1289 2460 Quamvis
1303 2388 1416 2443 autem

268 2478 455 2562 superficies
466 2481 627 2543 montium
637 2501 702 2544 non
713 2491 763 2544 est
773 2481 894 2564 ubique
903 2481 1009 2565 polita
1019 2491 1053 2545 et
1065 2481 1157 2562 lenis,
1167 2501 1226 2546 nec
1235 2483 1416 2564 sphaerica,

266 2593 380 2645 tamen
402 2583 435 2645 in
460 2583 570 2648 multis
593 2584 742 2667 partibus
764 2584 835 2666 ejus
856 2595 908 2650 est
923 2584 1123 2667 hujusmodi,
1138 2596 1172 2649 et
1187 2587 1341 2650 infinities
1357 2608 1417 2670 per

268 2686 494 2770 portiunculas
510 2689 662 2767 diversas,
677 2700 712 2755 et
727 2690 802 2754 ideo
821 2692 947 2755 ratione
966 2690 1206 2776 sphaericitatis
1227 2690 1415 2772 hujusmodi

266 2793 386 2856 accidit
406 2814 501 2858 casus
518 2796 562 2857 ad
578 2793 684 2859 nullos
703 2794 852 2877 angulos,
867 2804 902 2859 et
920 2796 995 2858 ideo
1015 2805 1066 2859 est
1085 2795 1210 2878 triplex
1229 2796 1415 2861 incidentia.

267 2896 480 2982 Quapropter
501 2899 620 2963 accidit
643 2898 766 2983 triplex
791 2901 958 2964 radiorum
977 2920 1072 2964 casus
1089 2920 1190 2982 penes
1209 2901 1367 2984 angulum
1383 2912 1416 2965 et

266 3003 485 3084 privationem
508 3003 631 3086 anguli.
677 3004 724 3068 Et
745 3006 778 3068 in
794 3003 948 3067 omnibus
971 3006 1078 3068 modis
1093 3015 1144 3069 est
1166 3003 1338 3069 calefactio
1359 3026 1417 3088 per

266 3126 380 3170 casum
397 3106 478 3172 lucis
498 3116 532 3172 et
547 3108 846 3192 congregationem.
892 3108 1103 3192 Quapropter
1118 3110 1282 3172 secundus
1297 3109 1416 3173 modus

265 3212 512 3290 combustionis,
526 3213 570 3275 de
591 3233 657 3294 quo
680 3213 826 3294 loquitur
849 3214 1020 3293 scriptura,
1036 3222 1146 3295 potest
1169 3213 1231 3276 hac
1253 3212 1306 3275 via
1329 3232 1416 3276 nunc

266 3317 354 3380 dicta
369 3316 538 3398 assignari.
576 3316 692 3380 Tertio
706 3337 784 3379 vero
801 3336 896 3380 casus
913 3318 994 3379 lucis
1008 3317 1154 3379 variatur
1168 3336 1270 3398 penes
1285 3315 1416 3398 figuras,

266 3437 344 3479 nam
368 3416 456 3479 cadit
479 3416 512 3479 in
536 3415 707 3497 sphaerica
729 3414 836 3499 figura
854 3426 888 3479 et
912 3416 1109 3499 pyramidali
1125 3415 1218 3497 cujus
1241 3435 1348 3479 conus
1364 3426 1415 3479 est

265 3520 297 3582 in
317 3518 386 3584 sole
401 3529 436 3584 et
452 3519 539 3583 basis
555 3520 587 3582 in
610 3529 733 3595 monte,
751 3530 852 3601 atque
872 3521 906 3583 in
922 3520 1118 3601 pyramidali
1133 3520 1226 3601 cujus
1241 3541 1343 3584 conus
1364 3532 1414 3585 est

264 3621 297 3681 in
327 3631 451 3703 puncto
482 3620 604 3683 montis
633 3630 667 3684 et
693 3620 781 3683 basis
808 3620 840 3683 in
867 3618 947 3683 sole.
994 3620 1041 3683 Et
1063 3618 1217 3684 omnibus
1239 3619 1288 3683 his
1311 3620 1416 3684 tribus

265 3724 374 3789 modis
395 3723 554 3807 figuratur
573 3723 807 3807 multiplicatio
825 3724 906 3789 lucis
920 3745 940 3787 a
956 3724 1026 3788 sole
1042 3725 1075 3786 in
1098 3735 1221 3802 monte,
1237 3735 1273 3787 ut
1288 3736 1415 3789 certum

264 3838 315 3892 est
341 3848 387 3891 ex
411 3829 618 3911 supradictis.
664 3828 732 3893 Sed
764 3828 997 3913 multiplicatio
1027 3828 1108 3893 lucis
1137 3829 1309 3911 sphaerica
1338 3829 1415 3895 licet

263 3934 369 4016 possit
389 3953 461 3997 esse
482 3933 586 4011 sortis,
601 3943 714 3996 tamen
735 3933 963 4016 pyramidalis,
978 3932 1070 4016 cujus
1090 3954 1192 3998 conus
1209 3944 1260 3998 est
1281 3936 1314 3997 in
1335 3933 1414 4012 sole,

264 4048 314 4102 est
333 4035 468 4114 sortior3
493 4046 526 4100 et
549 4038 777 4121 pyramidalis,
793 4038 887 4120 cujus
902 4059 1005 4104 conus
1019 4048 1072 4103 est
1089 4038 1122 4101 in
1142 4048 1266 4120 puncto
1283 4040 1414 4117 montis,

264 4150 314 4206 est
333 4141 518 4218 fortissima,
534 4142 620 4222 quia,
636 4152 672 4205 ut
688 4143 814 4206 dictum
830 4152 882 4206 est
897 4141 1062 4226 perillam
1078 4144 1286 4225 pyramidem
1304 4164 1324 4206 a
1342 4152 1415 4207 tota

263 4244 434 4329 superficie
449 4244 528 4309 solis
543 4244 674 4327 objecta
691 4247 797 4309 monti
814 4248 904 4310 venit
919 4247 980 4310 lux
998 4249 1041 4311 ad
1064 4246 1237 4329 quodlibet
1252 4257 1412 4329 punctum

264 4351 397 4428 montis,
412 4350 568 4432 quoniam
590 4349 679 4413 basis
699 4349 786 4413 illius
802 4351 986 4434 pyramidis
1006 4361 1058 4415 est
1073 4349 1260 4435 superficies
1274 4350 1365 4427 soliS,
1381 4360 1415 4413 et

263 4454 412 4519 infinitae
436 4454 519 4519 tales
541 4454 733 4536 pyramides
759 4456 897 4519 veniunt
920 4456 963 4519 ab
986 4458 1103 4520 eadem
1126 4453 1206 4520 solis
1229 4453 1413 4537 superficie,

261 4560 347 4622 sicut
367 4558 575 4623 manifestum
591 4567 642 4623 est
658 4556 821 4641 figuranti.
869 4559 916 4623 Et
930 4568 1048 4623 natura
1063 4579 1129 4623 non
1149 4559 1284 4641 requirit
1303 4556 1413 4640 plures

262 4662 384 4747 figuras
410 4662 443 4725 in
470 4660 747 4745 multiplicatione
777 4662 869 4737 lucis,
897 4682 957 4727 nec
986 4663 1019 4725 in
1045 4662 1183 4744 alicujus
1208 4661 1338 4727 virtutis
1360 4660 1412 4726 vel
