3575 5375
373 575 435 638 304
597 563 753 622 OPERIS
776 564 966 633 MAIORIS
990 562 1105 624 PARS
1129 564 1313 638 QUARTA.

375 740 549 794 maverunt
561 750 619 813 per
629 732 774 797 stadium
786 754 889 798 unum
902 735 1060 818 usquead
1073 731 1217 816 spatium
1230 729 1326 794 unius
1335 724 1530 810 quadrigae,

374 839 408 894 et
432 831 502 913 ipse
522 844 604 899 tunc
626 838 735 901 erexit
757 849 871 922 portas
894 840 997 902 mirae
1020 835 1259 921 magnitudinis
1283 843 1317 897 et
1341 830 1447 894 linivit
1471 849 1528 893 eas

374 935 537 1002 bitumine
563 941 744 1027 incognito,
769 946 858 1026 quod
883 964 944 1008 nec
968 943 1045 1027 igne
1072 963 1133 1007 nec
1160 941 1247 1005 ferro
1271 957 1331 1001 nec
1352 955 1440 1017 aqua
1465 953 1525 997 nec

375 1040 487 1124 aliqua
503 1067 538 1110 re
552 1047 687 1113 dissolvi
706 1059 827 1133 potest,
843 1049 905 1112 nisi
920 1046 993 1113 solo
1007 1059 1114 1113 terrae
1129 1056 1223 1112 motu
1238 1043 1396 1108 violento.

205 1151 305 1218 special
316 1216 341 1266 h,
420 1146 590 1230 Quoniam
622 1153 722 1236 igitur
752 1153 880 1218 infinita
910 1162 961 1218 est
992 1153 1117 1216 utilitas
1146 1147 1345 1235 cognitionis
1376 1145 1526 1208 locorum

205 1233 316 1334 gfff
335 1231 353 1266 ¹'
377 1249 475 1333 hujus
491 1255 604 1319 mundi
619 1277 681 1338 pro
696 1259 906 1341 philosophia
921 1268 955 1322 et
970 1255 1140 1341 theologia
1155 1267 1190 1320 et
1211 1253 1349 1320 ecclesia
1366 1249 1440 1326 Dei,
1451 1246 1529 1309 volo

205 1350 363 1480 ffiffim
377 1356 487 1422 adhuc
522 1361 624 1424 alium
655 1383 840 1428 sermonem
873 1363 917 1426 de
945 1361 1137 1443 hujusmodi
1168 1360 1248 1426 locis
1271 1371 1470 1438 componere
1493 1359 1526 1415 et

205 1480 279 1544 Pliny
290 1480 339 1530 aad
377 1460 555 1530 divisiones
570 1467 742 1551 regionum
757 1467 978 1531 evidentiores
991 1467 1159 1548 assignare
1172 1490 1180 1541 ;
1203 1476 1238 1530 et
1253 1483 1372 1546 sequar
1385 1457 1527 1523 Plinium

204 1547 306 1674 effla,
378 1565 610 1642 abundantius,
638 1592 739 1654 quem
766 1591 882 1635 omnes
905 1572 1011 1636 sancti
1034 1581 1068 1634 et
1097 1570 1265 1651 sapientes
1287 1565 1420 1650 sequuti
1441 1568 1528 1627 sunt.

379 1670 449 1735 Ubi
472 1683 583 1738 autem
606 1675 741 1759 aliquod
765 1685 893 1740 certum
918 1695 978 1757 per
1000 1672 1082 1740 alios
1105 1685 1257 1739 auctores
1280 1673 1436 1736 invenero
1457 1678 1528 1731 tam

377 1796 437 1858 per
458 1789 598 1854 sanctos,
618 1789 656 1843 ut
680 1779 933 1861 Hieronymum,
956 1779 1123 1855 Orosium,
1147 1779 1322 1852 Isidorum,
1345 1793 1447 1860 quam
1470 1790 1529 1854 per

377 1880 461 1944 alios
479 1893 641 1962 auctores,
658 1904 724 1947 non
746 1885 914 1968 negligam
936 1905 1023 1968 quae
1046 1883 1231 1947 necessaria
1251 1891 1328 1945 sunt
1350 1880 1528 1962 assignare.

379 1983 447 2049 Sed
483 1988 655 2068 regionum
694 1989 791 2053 nobis
827 1999 982 2054 notarum
1012 1987 1189 2052 divisiones
1219 1984 1432 2068 particulares
1462 2003 1529 2046 non

377 2099 508 2173 oportet
528 2101 696 2170 annotare,
711 2092 861 2157 similiter
877 2113 937 2157 nec
956 2093 1030 2157 loca
1046 2091 1175 2174 singula
1192 2093 1224 2156 in
1241 2091 1314 2154 aliis
1330 2089 1529 2173 regionibus,

378 2196 436 2258 sed
454 2197 559 2280 magis
575 2196 734 2262 notabilia
748 2209 784 2263 et
803 2197 980 2262 famosiora
1000 2198 1033 2262 in
1053 2197 1215 2278 scriptura
1236 2206 1270 2259 et
1295 2191 1528 2279 philosophla3

377 2299 420 2363 de
431 2301 551 2382 quibus
563 2311 680 2384 gentes
692 2303 886 2383 tyrannicae
899 2302 1031 2366 venient
1043 2311 1077 2365 et
1088 2310 1257 2377 venerunt,
1268 2318 1355 2381 quae
1366 2296 1527 2362 mundum

379 2403 562 2469 reseruntur
591 2409 633 2471 de
658 2407 837 2489 praeterito
862 2417 1012 2472 vastasse
1038 2415 1096 2470 aut
1125 2405 1304 2488 aliquando
1328 2413 1531 2467 vastaturae.

380 2507 427 2573 Et
441 2509 618 2592 assignabo
634 2511 714 2574 ritus
734 2520 768 2575 et
788 2521 896 2576 sectas
916 2512 1077 2592 gentium.
1093 2521 1130 2575 ut
1149 2511 1205 2592 qui
1224 2518 1302 2572 sunt
1324 2507 1457 2589 Pegasi,
1472 2505 1530 2588 qui

379 2611 583 2693 idololatrae,
599 2613 655 2698 qui
677 2613 817 2694 Tartari,
833 2625 867 2679 et
885 2616 933 2679 sic
953 2617 996 2679 de
1018 2615 1102 2683 aliis,
1117 2625 1154 2679 ut
1177 2615 1296 2677 certior
1313 2611 1530 2696 apprehensio

379 2716 527 2780 locorum
551 2728 665 2800 pateat
687 2717 879 2801 perlegenti.
928 2720 1023 2783 Haec
1045 2728 1157 2784 autem
1173 2720 1236 2793 via,
1251 2738 1318 2799 qua
1341 2713 1530 2798 procedam,

380 2840 447 2885 non
473 2830 525 2884 est
547 2842 608 2904 per
633 2821 901 2887 certificationem
931 2824 1164 2896 astronomiae,
1190 2822 1316 2885 scilicet
1346 2840 1405 2903 per
1434 2838 1531 2882 veras

379 2922 603 3006 longitudines
634 2936 668 2989 et
706 2925 921 2992 latitudines¹
952 2930 1101 2992 locorum
1131 2935 1282 3009 respectu
1313 2924 1418 2997 coeli3
1450 2922 1531 3006 quia

379 3028 526 3091 nondum
542 3028 667 3093 habent
684 3051 758 3094 eam
775 3031 893 3109 Latini,
908 3034 1034 3097 sedeat
1050 3041 1186 3113 sumpta
1202 3052 1246 3093 ex
1265 3028 1458 3093 auctoribus
1473 3026 1530 3108 qui

380 3132 495 3196 mundi
525 3133 674 3216 regiones
707 3136 897 3201 describunt
923 3138 1106 3201 secundum
1133 3135 1225 3219 quod
1252 3131 1393 3215 quilibet
1418 3137 1531 3213 potest

379 3235 455 3300 loca
483 3238 604 3301 natalis
628 3238 690 3302 soli
720 3239 915 3314 describere,
938 3249 972 3304 et
998 3259 1059 3323 per
1080 3240 1165 3304 alios
1189 3240 1232 3303 de
1255 3236 1336 3302 locis
1361 3234 1530 3300 extraneis

380 3341 521 3405 edoceri.

207 3438 368 3571 ffisffflm
426 3446 504 3510 Non
531 3467 700 3530 nunquam
725 3458 838 3513 tamen
865 3446 960 3531 plura
986 3449 1191 3531 reperiuntur
1215 3447 1347 3530 scripta,
1370 3464 1456 3529 quae
1489 3462 1533 3506 ex

208 3571 342 3622 travellers.

411 3671 420 3701 ¹
438 3672 469 3721 ln
481 3670 622 3735 Ptolemy's
632 3672 716 3734 Atlas,
730 3674 795 3724 lines
806 3674 837 3724 oi
850 3674 985 3736 longitude
996 3674 1048 3723 and
1060 3674 1168 3723 latitude
1182 3688 1225 3722 are
1237 3672 1337 3729 drawn,
1350 3686 1382 3720 so
1393 3676 1460 3719 asto
1472 3668 1532 3730 give

379 3767 413 3800 an
424 3766 587 3813 appearance
603 3752 634 3801 ol
646 3752 776 3815 precision
788 3760 815 3803 to
827 3753 869 3802 his
884 3768 964 3815 mapa,
979 3753 1067 3801 which
1084 3753 1111 3801 in
1129 3752 1221 3813 reality
1232 3752 1296 3812 they
1307 3751 1341 3799 do
1357 3756 1403 3798 not
1417 3760 1531 3809 possess.

380 3828 430 3878 His
441 3830 594 3891 conception
608 3829 637 3877 ol
643 3830 715 3879 what
727 3847 742 3879 a
754 3846 813 3893 map
824 3832 905 3893 ought
917 3838 944 3880 to
954 3832 987 3879 be
997 3846 1053 3880 was
1066 3831 1171 3880 derived
1182 3830 1249 3878 from
1262 3828 1433 3889 Hipparchus,
1447 3825 1498 3873 and
1510 3824 1534 3873 is

378 3906 537 3969 thorougbly
545 3908 679 3957 scientific.
711 3908 815 3971 Having
825 3910 900 3959 made
910 3910 985 3958 these
995 3925 1075 3972 mapa,
1084 3910 1118 3958 he
1129 3910 1203 3958 drew
1214 3923 1249 3970 up
1260 3923 1276 3956 a
1285 3906 1328 3955 list
1335 3905 1366 3954 ol
1373 3904 1460 3967 places
1469 3902 1534 3951 with

378 3988 425 4036 the
436 3986 538 4048 precise
554 3985 661 4035 latitude
673 3988 724 4035 and
737 3988 872 4049 longitude
885 3988 925 4047 (to
937 3988 982 4037 the
993 3987 1097 4037 twelnh
1113 3994 1171 4049 part
1182 3986 1213 4035 oi
1221 4003 1236 4034 a
1248 3984 1356 4046 degree)
1368 3982 1490 4043 assigned
1507 3988 1535 4029 to

380 4066 453 4113 each.
489 4063 540 4112 But
558 4064 633 4115 these
649 4066 776 4127 positione
787 4081 832 4114 are
843 4066 870 4113 in
887 4067 933 4115 the
946 4066 1072 4115 immense
1085 4065 1206 4126 majority
1218 4063 1248 4112 ol
1259 4077 1333 4112 casas
1349 4061 1441 4123 purely
1451 4060 1536 4121 hypo·

379 4142 492 4205 thetical,
506 4144 557 4192 and
574 4158 619 4192 are
631 4144 792 4194 determined
803 4144 839 4206 by
850 4145 895 4193 the
906 4144 965 4193 best
981 4145 1101 4193 estimate
1116 4144 1151 4191 he
1169 4143 1246 4190 could
1257 4150 1302 4203 get
1317 4141 1382 4188 from
1394 4135 1535 4187 travellers'

380 4230 490 4285 reporta.

414 4300 588 4362 considering
598 4302 643 4349 the
656 4300 779 4349 immense
794 4301 941 4364 reputation
954 4300 984 4349 oi
998 4300 1117 4361 Ptolemy
1130 4300 1223 4361 during
1233 4298 1278 4346 the
1289 4296 1385 4346 middle
1396 4310 1467 4356 ages,
1482 4295 1536 4344 itis

380 4378 525 4441 extremely
542 4379 701 4428 remarkable
718 4380 773 4427 that
791 4379 880 4428 Bacon
898 4378 992 4428 should
1013 4379 1080 4427 bave
1096 4394 1160 4427 seen
1179 4394 1209 4427 so
1226 4376 1324 4437 clearly
1340 4375 1386 4423 the
1402 4374 1536 4423 fallacious

380 4458 513 4507 character
525 4457 556 4506 ol
569 4458 620 4507 this
635 4458 691 4507 side
707 4456 738 4506 ol
752 4456 892 4519 Ptolemy's
909 4456 992 4517 work,
1004 4458 1054 4506 and
1070 4457 1163 4506 should
1182 4456 1257 4504 show
1274 4452 1381 4503 himself
1392 4468 1424 4502 so
1439 4452 1537 4514 clearly

380 4551 467 4586 aware
479 4536 509 4585 oi
518 4537 564 4585 the
578 4538 708 4597 necessity
720 4536 760 4585 lor
771 4544 890 4585 accurate
906 4536 1107 4585 determination
1120 4535 1150 4583 oi
1162 4534 1207 4582 the
1218 4533 1326 4582 latitude
1338 4533 1388 4581 and
1401 4531 1536 4593 longitude

379 4614 410 4665 ol
416 4616 481 4664 each
492 4614 566 4678 place
578 4615 613 4677 by
624 4614 805 4663 astronomical
817 4613 988 4664 observation.
1022 4614 1061 4663 Cl.
1073 4630 1098 4676 p.
1111 4628 1168 4675 80⁰·
