3575 5375
567 604 806 665 CORRECTIO
832 595 1107 662 CALENDARII.
1349 609 1410 670 273

260 767 460 833 carnatione.
513 769 604 836 Nam
639 768 848 834 Ptolemaeus
882 786 971 831 anno
1007 758 1065 825 cxl
1100 758 1144 823 ab
1181 756 1410 822 incarnatione

260 867 385 937 invenit
411 875 658 958 aequinoctium
680 873 812 940 vernale
838 873 874 936 xi
901 867 1058 935 calendas
1083 861 1213 946 Aprilis
1239 872 1273 925 et
1299 860 1410 924 solsti-

259 977 343 1040 tium
366 978 522 1060 hyemale
546 979 582 1044 xi
607 978 762 1044 calendas
783 975 941 1059 januarii,
962 981 999 1037 ut
1023 978 1116 1052 patet
1140 987 1184 1030 ex
1209 965 1410 1048 Almagesti.

260 1078 328 1145 Sed
355 1082 489 1146 abhoc
515 1083 590 1147 loco
620 1083 653 1146 in
680 1081 867 1148 calendario
897 1097 1002 1161 usque
1031 1074 1074 1137 ad
1105 1071 1180 1136 idus
1206 1070 1411 1144 Decembris,

260 1185 317 1248 ubi
346 1207 434 1250 nunc
461 1198 512 1252 est
538 1186 727 1262 solstitium,
749 1195 828 1250 sunt
858 1185 895 1247 ix
924 1182 997 1245 dies
1022 1176 1142 1262 quibus
1171 1174 1322 1238 ascendit
1347 1173 1411 1237 hoc

260 1287 449 1354 solstitium.
493 1289 562 1354 Sed
592 1291 637 1356 ab
664 1309 753 1354 anno
780 1286 985 1372 probationis
1010 1279 1195 1347 Ptolemaei
1221 1289 1298 1342 sunt
1324 1297 1411 1342 nunc

261 1393 304 1458 de
327 1396 421 1457 annis
445 1395 582 1459 Domini
605 1393 755 1460 mcxxvii
780 1414 820 1458 eo
842 1391 933 1475 quod
960 1408 1050 1453 nunc
1075 1386 1118 1450 sit
1145 1403 1251 1448 annus
1274 1382 1412 1446 Domini

262 1496 429 1572 mcclxvii
466 1519 487 1563 a
523 1497 644 1581 quibus
682 1498 710 1562 si
750 1498 928 1561 demantur
962 1490 1030 1569 cxl,
1064 1489 1123 1574 qui
1162 1486 1331 1552 fluxerunt
1369 1485 1413 1551 ab

265 1600 496 1665 incarnatione
520 1622 626 1684 usque
651 1601 694 1666 ad
722 1600 951 1685 probationem
977 1593 1172 1666 Ptolemaei,
1196 1596 1414 1660 remanebunt

263 1707 411 1770 mcxxvii
437 1705 521 1771 anni
568 1706 636 1771 Sed
664 1706 696 1768 in
725 1706 790 1768 isto
815 1711 968 1785 tempore
994 1717 1082 1763 nunc
1106 1700 1198 1765 dicto
1224 1719 1315 1762 cxxv
1336 1698 1414 1763 anni

262 1811 470 1892 reperiuntur
507 1811 619 1875 novies
656 1818 691 1874 et
726 1810 793 1873 duo
830 1808 910 1872 anni
947 1806 1043 1872 ultra.
1097 1803 1312 1887 Quapropter
1350 1802 1414 1866 hoc

263 1921 402 1996 tempus
439 1913 563 1978 scilicet
603 1934 697 1978 cxxv
732 1913 818 1987 anni,
854 1912 937 1977 satis
973 1909 1127 1978 convenit
1163 1928 1240 1971 cum
1278 1927 1414 1971 numero

263 2038 425 2086 annorum
457 2017 590 2094 Christi,
621 2029 659 2084 ut
691 2038 821 2101 semper
850 2037 934 2081 unus
966 2017 1038 2080 dies
1070 2014 1104 2078 io
1137 2023 1232 2078 tanto
1263 2023 1416 2096 tempore

265 2123 432 2187 minuatur
450 2124 493 2187 de
510 2124 696 2206 quantitate
715 2121 804 2197 anni,
821 2130 854 2185 et
877 2123 1015 2186 denotet
1038 2119 1259 2184 mutationem
1281 2115 1415 2180 solstitii

263 2236 297 2289 et
319 2227 529 2309 aequinoctii.

308 2329 479 2394 Protestor
507 2341 620 2394 tamen
650 2331 741 2414 quod
775 2331 809 2394 in
844 2342 940 2397 tanta
978 2329 1172 2398 difficultate
1202 2347 1268 2392 non
1297 2325 1416 2409 loquor
1427 2357 1560 2407 Thereare

266 2434 424 2515 praecise,
442 2435 501 2498 sed
524 2432 665 2499 multum
686 2436 872 2521 propinque
894 2436 1026 2501 veritati
1045 2432 1286 2510 certificandae,
1310 2425 1585 2539 ”muepiiiiineea

264 2557 332 2619 quo
350 2547 459 2602 currat
476 2537 582 2602 finalis
597 2538 749 2621 probatio
765 2561 863 2624 super
877 2542 956 2606 anni
971 2540 1159 2624 quantitate
1180 2548 1214 2602 et
1231 2537 1416 2602 mutatione
1426 2506 1521 2632 iiiiii„
1532 2556 1568 2632 qn.

264 2640 494 2709 solstitiorum.
542 2641 605 2709 Per
623 2642 693 2726 jam
723 2644 812 2710 dicta
841 2655 955 2711 tamen
976 2645 1161 2710 secundom
1184 2641 1415 2727 probationem
1429 2629 1584 2689 vesogsoon.

268 2745 451 2811 Ptolemaei
466 2767 532 2810 non
548 2748 657 2829 potuit
675 2747 708 2811 in
723 2749 781 2813 viii
797 2748 954 2815 calendas
972 2769 1045 2813 esse
1063 2747 1241 2812 solstitium
1262 2743 1418 2828 hyemale

267 2851 300 2916 in
324 2862 476 2934 tempore
499 2853 682 2917 nativitatis
702 2853 848 2930 Domini,
864 2855 924 2921 sed
948 2854 1096 2937 oportuit
1118 2853 1207 2935 quod
1231 2853 1264 2915 in
1287 2852 1418 2916 decimo

266 2955 421 3020 calendas
444 2956 560 3033 suerit;
591 2958 743 3040 eoquod
768 2958 800 3021 in
823 2958 879 3023 clx
902 2959 995 3023 annis
1016 2978 1038 3021 a
1059 2968 1212 3040 tempore
1235 2956 1418 3020 nativitatis

265 3080 369 3144 usque
394 3060 437 3124 ad
464 3060 696 3143 probationem
722 3062 905 3127 Ptolemaei
932 3083 999 3127 non
1026 3062 1136 3145 potuit
1159 3060 1280 3125 mutari
1305 3059 1417 3123 solsti-

265 3166 350 3229 tium
377 3185 436 3248 per
459 3175 527 3229 tres
552 3168 631 3243 dies,
654 3186 714 3229 nec
740 3187 799 3249 per
821 3169 915 3243 duos,
937 3168 997 3230 sed
1024 3186 1085 3249 per
1108 3185 1210 3228 unum
1237 3173 1272 3227 et
1297 3183 1416 3246 pamm

266 3270 309 3333 de
329 3268 406 3334 alio.
453 3270 500 3333 Et
522 3269 598 3334 ideo
621 3290 646 3335 x
667 3270 822 3334 calendas
839 3270 988 3351 Januarii
1011 3269 1119 3350 potuit
1142 3289 1214 3333 esse
1235 3267 1417 3329 secundum

259 3372 331 3436 'hoc
360 3373 450 3454 quod
482 3372 692 3436 Ptolemaeus
724 3372 848 3435 invenit
878 3374 916 3436 xi
945 3372 1109 3435 calendas
1167 3370 1216 3435 Et
1250 3389 1326 3433 cum
1358 3389 1419 3453 per

267 3477 408 3540 eandem
433 3476 664 3558 probationem
695 3475 875 3541 Ptolemaei
906 3476 1016 3559 potuit
1038 3474 1286 3557 aequinoctium
1309 3474 1417 3555 primo

268 3600 356 3645 anno
383 3580 565 3644 nativitatis
589 3578 689 3643 fuisse
712 3580 748 3645 xi
773 3579 930 3645 calendas
955 3578 1093 3662 Aprilis,
1117 3599 1183 3643 non
1209 3577 1319 3661 potuit
1346 3598 1418 3641 esse

266 3685 321 3751 viii
349 3685 436 3749 sicut
460 3683 568 3768 primo
594 3685 804 3749 crediderunt
834 3685 867 3749 in
893 3683 1032 3749 ecclesia
1058 3682 1235 3767 primitiva,
1258 3692 1293 3747 et
1318 3682 1419 3766 longe

268 3790 374 3874 magis
411 3809 478 3854 non
515 3788 624 3872 potuit
661 3808 733 3853 esse
769 3788 816 3853 xii
854 3788 1010 3854 calendas
1042 3786 1181 3871 Aprilis,
1214 3787 1299 3851 sicut
1330 3806 1418 3851 nunc

267 3896 413 3959 creditur
430 3894 612 3958 seeundum
632 3914 726 3959 usum
745 3893 911 3959 ecclesiae.
956 3892 1045 3975 Quia
1065 3913 1141 3957 cum
1160 3913 1291 3976 semper
1306 3912 1418 3956 ascen-

267 3999 318 4064 dit
343 3997 598 4079 aequinoctium,
621 4006 654 4061 et
678 3997 711 4061 in
733 4006 885 4080 tempore
908 3997 1092 4063 Ptolemaei
1119 3996 1181 4061 fuit
1203 3997 1240 4061 xi
1262 3996 1419 4061 calendas

266 4102 407 4184 Aprilis,
426 4112 505 4165 tunc
526 4112 605 4167 ante
623 4098 704 4165 illud
724 4110 857 4184 tempus
877 4103 940 4166 init
961 4112 1050 4167 retro
1070 4102 1159 4166 hunc
1179 4102 1290 4165 locum
1311 4100 1419 4182 magis

266 4226 381 4269 versus
403 4204 578 4287 Aprilem;
603 4214 637 4269 et
659 4205 735 4270 ideo
757 4226 782 4269 x
804 4206 960 4271 calendas
982 4207 1165 4271 secundum
1189 4204 1419 4289 probationem

268 4309 459 4376 Ptolemaei.
506 4307 697 4374 Secundum
726 4308 809 4374 haec
840 4311 941 4393 igitur
966 4331 1075 4394 neque
1104 4321 1183 4373 sunt
1213 4307 1420 4390 aequinoctia

267 4424 301 4479 et
325 4412 467 4479 solstitia
491 4411 568 4489 fixa,
591 4432 652 4476 nec
678 4422 756 4477 sunt
783 4413 852 4477 fixa
878 4414 943 4479 illis
971 4415 1089 4481 diebus
1110 4412 1232 4497 quibus
1255 4431 1334 4475 usus
1358 4408 1421 4474 iuit

267 4517 301 4583 in
322 4518 471 4581 ecclesia.
515 4516 588 4583 Nec
610 4515 671 4583 fuit
693 4516 918 4601 Hippocrates
939 4519 1038 4603 longe
1058 4541 1080 4584 a
1097 4518 1248 4594 veritate,
1263 4516 1420 4599 quoniam

86 4660 88 4677 2
267 4621 338 4709 ipse
360 4620 422 4686 iuit
442 4630 519 4685 ante
542 4619 710 4687 Christum
730 4620 804 4705 plus
827 4643 930 4705 quam
952 4644 1010 4689 ccc
1029 4622 1133 4700 annis,
1155 4632 1190 4687 et
1209 4623 1285 4685 ideo
1309 4618 1422 4705 potuit

86 4718 91 4753 l
309 4738 393 4793 von.
410 4738 434 4789 1.
835 4740 859 4795 τ
