3575 5375
429 649 780 708 MATHEMATICAE
804 649 856 706 IN
878 648 1048 706 DIVINIS
1076 648 1282 708 UTILITAS.
1375 663 1435 724 179

278 823 435 893 versatur,
468 815 638 896 quomodo
667 835 687 878 a
718 812 933 877 mutabilibus
966 813 1111 876 numeris
1149 813 1357 896 perveniatur
1389 813 1431 876 ad

278 917 511 994 immutabiles,
533 937 572 982 ac
598 919 626 982 si
657 917 831 980 invisibilia
865 917 930 980 Dei
953 937 1022 999 per
1056 937 1206 999 eaquae
1236 916 1325 982 sacta
1353 925 1432 979 sunt

279 1021 543 1103 conspiciantur.’
590 1023 676 1086 Item
703 1023 737 1084 in
763 1021 846 1085 libro
872 1023 914 1084 de
940 1022 1102 1085 Doctrina
1127 1021 1314 1086 Christiana
1342 1022 1433 1100 dicit,

279 1125 377 1188 ‘Non
408 1145 513 1207 pauca
543 1125 667 1190 claudit
696 1135 796 1208 atque
819 1127 949 1208 obtegit
980 1126 1013 1188 in
1049 1125 1171 1189 sanctis
1201 1125 1293 1188 libris
1323 1145 1430 1188 rerum

278 1230 475 1294 musicarum
487 1227 690 1311 ignorantia,’
702 1240 735 1293 et
744 1231 837 1311 ponit
848 1229 1003 1313 exempla
1012 1229 1044 1291 in
1055 1229 1212 1312 psalterio
1224 1229 1431 1293 decachordo

277 1344 312 1396 et
340 1334 479 1415 cythara
509 1343 543 1397 et
572 1333 771 1416 hujusmodi,
801 1345 834 1399 et
870 1334 1033 1417 adjungit,
1063 1334 1174 1415 ‘quod
1205 1333 1364 1398 musicam
1395 1335 1429 1395 in

278 1437 443 1521 plerisque
480 1439 560 1502 locis
597 1439 629 1501 in
667 1441 766 1503 sacris
804 1439 974 1522 scripturis
1011 1437 1250 1502 honorabiliter
1285 1439 1428 1520 positam

278 1541 481 1606 invenimus.'
516 1543 732 1608 Cassiodorus
747 1544 882 1625 quidem
894 1554 928 1607 et
940 1544 972 1606 in
984 1543 1150 1607 mandatis
1164 1542 1227 1606 Dei
1237 1550 1272 1606 et
1282 1543 1429 1605 moribus

277 1655 311 1708 et
333 1647 494 1728 scriptura
523 1667 616 1710 sacra
638 1660 672 1711 et
694 1647 727 1711 in
758 1648 912 1711 omnibus
940 1647 1038 1712 rebus
1067 1648 1185 1711 creatis
1215 1666 1289 1710 earn
1320 1645 1430 1710 valere

276 1751 446 1832 dijudicat.
492 1752 593 1817 Unde
610 1752 642 1815 in
650 1763 793 1817 tractatu
810 1752 954 1816 musicae
968 1754 1015 1815 sic
1026 1752 1083 1828 ait,
1098 1752 1246 1816 ‘Musica
1257 1752 1428 1834 disciplina

275 1876 335 1938 per
350 1877 466 1920 omnes
481 1867 573 1921 actus
588 1859 676 1921 vitae
691 1869 824 1922 nostrae
838 1857 1050 1933 diffunditur3
1073 1858 1217 1940 primum
1229 1856 1257 1920 si
1273 1857 1428 1920 creatoris

277 1964 436 2025 mandata
465 1960 631 2043 faciamus,
652 1973 686 2027 et
709 1965 798 2044 puris
821 1963 990 2027 mentibus
1012 1962 1148 2026 statutis
1170 1961 1214 2025 ab
1236 1982 1277 2026 eo
1306 1962 1429 2044 regulis

276 2067 466 2145 serviamus,
482 2066 606 2130 musica
621 2068 745 2150 quippe
761 2075 812 2130 est
827 2066 963 2130 scientia
977 2066 1063 2130 bene
1079 2067 1280 2129 modulandi.
1327 2065 1427 2147 Quod

275 2171 301 2232 si
325 2191 384 2234 nos
405 2171 508 2234 vitam
535 2172 624 2234 bona
654 2171 903 2234 conversatione
933 2181 1115 2234 tractamus
1144 2169 1202 2232 tali
1233 2170 1429 2251 disciplinae

276 2275 456 2357 probamur
492 2296 623 2358 semper
653 2295 725 2339 esse
754 2275 879 2339 sociati.
926 2273 1073 2356 Quando
1102 2294 1182 2337 vero
1218 2273 1427 2355 iniquitatem

275 2378 430 2460 gerimus,
453 2380 611 2444 musicam
638 2400 705 2443 non
732 2379 903 2443 habemus.
952 2378 990 2440 ln
1015 2378 1087 2459 ipsa
1113 2397 1247 2460 quoque
1272 2376 1429 2459 religione

274 2482 371 2546 valde
408 2486 575 2565 permixta
612 2495 682 2561 est3
720 2485 809 2548 unde
840 2483 989 2564 decalogi
1024 2481 1260 2560 decachordus,
1288 2483 1428 2545 tinnitus

274 2587 441 2669 cytharae,
451 2599 622 2672 tympana,
634 2589 749 2672 organi
765 2587 920 2665 melodia,
930 2587 1160 2669 cymbalarum
1171 2607 1292 2661 sonus3
1316 2588 1424 2668 ipsum

274 2714 406 2777 quoque
420 2694 615 2759 Psalterium
625 2696 667 2758 ad
681 2696 783 2758 instar
794 2695 1001 2758 instrumenti
1015 2693 1131 2757 musici
1142 2693 1349 2757 nominatum
1359 2712 1425 2755 non

208 2832 211 2837 Δ
274 2799 412 2861 dubium
429 2810 488 2874 est,
504 2819 545 2863 eo
559 2802 650 2882 quod
674 2802 707 2863 in
727 2801 799 2881 ipso
820 2800 1031 2863 contineatur
1049 2798 1209 2862 virtutum
1231 2796 1425 2861 coelestium

278 2904 388 2965 suavis
404 2904 500 2967 nimis
516 2914 549 2968 et
568 2913 664 2986 grata
689 2904 893 2981 modulatio;
916 2913 950 2967 et
975 2914 1011 2966 ut
1032 2903 1175 2966 breviter
1198 2911 1318 2966 cuncta
1335 2921 1424 2963 com-

274 3005 408 3087 plectar,
418 3009 573 3090 quicquid
592 3009 623 3070 in
641 3010 791 3090 supernis
802 3008 869 3071 sive
885 3009 919 3070 in
934 3008 1073 3071 terrenis
1087 3008 1185 3070 rebus
1197 3006 1426 3070 convenienter

273 3113 454 3174 secundum
470 3114 592 3177 actoris
607 3114 656 3175 sui
681 3113 932 3195 dispositionem
956 3114 1091 3195 geritur,
1107 3113 1150 3175 ab
1168 3109 1231 3174 hac
1250 3111 1425 3191 disciplina

273 3234 340 3277 non
376 3216 514 3280 refertur
550 3227 738 3298 exceptum.
784 3216 981 3279 Gratissima
1016 3236 1097 3279 vero
1134 3214 1232 3277 nimis
1269 3216 1424 3296 utilisque

273 3318 429 3401 cognitio,
450 3340 538 3401 quae
567 3340 701 3383 sensum
733 3330 882 3383 nostrum
913 3321 956 3381 ad
988 3339 1132 3401 superna
1156 3318 1252 3400 erigit
1274 3328 1308 3381 et
1330 3338 1425 3381 aures

273 3422 501 3487 modulatione
517 3420 716 3504 permulcet?

318 3527 371 3589 De
383 3526 525 3590 utilitate
541 3537 575 3591 et
590 3527 725 3590 scientia
737 3528 1035 3591 astronomicorum
1047 3526 1139 3605 dicit,
1149 3529 1158 3557 ‘
1170 3526 1422 3590 Astronomiam
1438 3534 1467 3581 or
1475 3542 1552 3583 astro

271 3632 299 3694 si
324 3641 417 3695 casta
442 3640 476 3694 et
503 3632 674 3695 moderata
700 3642 811 3695 mente
838 3631 1066 3714 perquirimus,
1087 3652 1203 3695 sensus
1225 3640 1365 3709 nostros,
1387 3642 1424 3694 ut
1438 3614 1525 3663 nom„

271 3746 399 3799 veteres
423 3736 546 3813 dicunt,
571 3756 692 3820 magna
714 3734 865 3799 claritate
890 3735 1068 3818 perfundit.
1129 3734 1238 3818 Quale
1261 3736 1349 3799 enim
1372 3745 1424 3799 est

271 3843 315 3903 ad
331 3840 441 3904 coelos
455 3840 601 3903 animam
617 3838 800 3922 subjicere¹
817 3850 851 3904 et
866 3849 973 3905 totam
990 3839 1081 3903 illam
1102 3840 1291 3905 machinam
1312 3860 1425 3924 super·

272 3966 347 4008 nam
361 3944 539 4028 indagabili
552 3946 679 4008 ratione
691 3946 864 4023 discutere,
873 3956 908 4009 et
919 3944 1100 4027 inspective
1111 3944 1229 4008 mentis
1240 3946 1424 4009 subtilitate

271 4070 315 4111 ex
341 4048 453 4130 aliqua
479 4059 574 4132 parte
600 4048 759 4131 colligere,
784 4051 875 4131 quod
905 4059 1017 4112 tantae
1043 4048 1280 4131 magnitudinis
1303 4070 1423 4113 arcana

270 4150 480 4216 velaverunt’
542 4151 588 4215 Et
618 4151 798 4234 subjungit,
828 4153 906 4213 ‘Ex
936 4152 1068 4233 quibus,
1098 4161 1136 4216 ut
1170 4152 1249 4214 mihi
1279 4152 1420 4229 videtur,

270 4254 404 4319 climata
427 4274 534 4334 nosse,
556 4254 708 4317 horarum
733 4254 841 4338 spatia
863 4255 1150 4337 comprehendere,
1171 4253 1268 4319 lunae
1291 4275 1420 4319 cursum

270 4380 331 4441 pro
349 4358 563 4440 inquisitione
584 4358 743 4436 Paschali,
763 4378 804 4420 ne
823 4356 989 4441 simplices
1006 4358 1120 4439 aliqua
1139 4357 1330 4422 confusione
1352 4368 1421 4420 tur-

270 4464 399 4541 bentur,
424 4484 491 4545 qua
521 4464 647 4527 ratione
678 4460 736 4524 fiat
766 4463 948 4540 advertere,
973 4482 1040 4525 non
1068 4462 1200 4524 videtur
1229 4461 1420 4525 absurdum.

271 4566 335 4631 Est
350 4576 384 4629 et
400 4566 465 4630 alia
481 4586 613 4649 quoque
631 4568 673 4629 de
691 4565 812 4629 talibus
832 4586 898 4629 non
917 4564 1131 4647 despicienda
1146 4565 1378 4642 commoditas,
1393 4566 1420 4628 si

663 4694 672 4724 ¹
690 4696 784 4746 Caelos
796 4698 881 4745 animo
892 4697 987 4757 subire,
999 4696 1024 4757 J.

827 4777 851 4826 N
873 4782 891 4830 2
