3575 5375
380 639 438 718 158
596 641 752 701 OPERIS
776 641 965 711 MAJORIS
990 642 1105 701 PARS
1129 641 1313 715 QUARTA.

207 813 365 927 grippes
378 813 489 886 potest
500 805 648 869 suscitari
660 827 668 882 ;
687 804 845 887 quoniam
862 804 889 868 si
903 804 1051 888 scyphus
1067 806 1238 870 continens
1252 825 1375 887 aquam
1388 815 1534 888 ponatur

246 896 260 928 C

207 885 347 1008 „cmiissng‘
377 909 411 971 in
434 907 507 972 loco
530 907 683 983 inferiori,
703 909 823 990 poterit
847 908 923 991 plus
946 929 1066 992 capere
1088 909 1132 973 de
1155 929 1252 991 aqua,
1273 929 1374 992 quam
1400 910 1433 972 in
1457 908 1533 974 loco

207 1007 356 1124 ffifflioe
378 1012 547 1094 superiori,
561 1022 597 1077 ut
613 1014 645 1076 in
662 1011 796 1076 cellario
812 1022 846 1076 et
860 1011 990 1076 solario.
1030 1013 1118 1076 Nam
1134 1023 1272 1097 propter
1284 1013 1532 1077 inclinationem

207 1139 299 1190 ,mys
378 1116 563 1181 naturalem
586 1135 693 1200 aquae
723 1117 765 1180 ad
789 1125 939 1180 centrum
962 1119 1080 1181 mundi
1110 1118 1300 1200 ubicunque
1322 1117 1373 1198 sit,
1397 1117 1467 1181 sive
1497 1118 1532 1181 in

207 1215 299 1256 ΜΨ·
378 1221 452 1284 loco
479 1221 649 1305 superiori,
673 1221 744 1284 sive
765 1219 920 1299 inferiori,
947 1231 1059 1304 partes
1081 1221 1153 1302 ejus
1175 1241 1307 1305 semper
1329 1230 1465 1286 currunt
1486 1221 1529 1284 ad

378 1324 563 1388 inferiorem
582 1325 714 1402 locum3
738 1333 771 1388 et
785 1324 862 1388 ideo
878 1345 938 1408 per
958 1325 1062 1389 lineas
1083 1324 1237 1408 aequales
1252 1346 1384 1408 semper
1404 1325 1532 1389 distant

377 1451 397 1493 a
413 1439 536 1504 centr0,
551 1441 585 1493 et
600 1430 676 1492 ideo
691 1438 824 1511 oportet
843 1449 973 1513 semper
988 1432 1078 1511 quod
1100 1450 1176 1512 pars
1194 1431 1346 1512 superior
1360 1449 1468 1512 aquae
1487 1430 1531 1494 sit

376 1533 485 1615 portio
501 1533 598 1597 unius
616 1533 774 1616 sphaerae
794 1533 1030 1598 describendae
1046 1534 1132 1597 circa
1147 1543 1295 1597 centrum
1312 1535 1439 1610 mundi,
1453 1534 1532 1598 licet

376 1638 409 1700 in
433 1635 536 1702 fundo
559 1637 676 1719 scyphi
700 1637 820 1702 retinet
843 1636 984 1722 figuram
1006 1639 1100 1715 vasis,
1121 1639 1200 1723 quia
1223 1639 1268 1703 ibi
1290 1638 1398 1702 solum
1421 1639 1531 1722 tangit

375 1761 434 1805 vas
449 1750 483 1804 et
495 1760 561 1805 non
572 1742 730 1823 superius.
762 1740 1529 1827 Quareparssupremafigurabitursecundum

376 1845 484 1928 legem
507 1845 679 1929 gravitatis
702 1865 817 1928 aquae,
833 1856 867 1909 et
889 1846 954 1910 hoc
977 1857 1028 1911 est
1050 1857 1202 1930 respectu
1224 1848 1329 1911 oentri
1353 1849 1479 1922 mundi,
1495 1860 1529 1912 et

376 1950 450 2013 ideo
479 1951 627 2034 superior
656 1969 732 2032 pars
763 1951 823 2014 erit
852 1952 963 2034 portio
993 1952 1153 2035 sphaerae
1182 1951 1416 2035 imaginandae
1445 1953 1531 2016 circa

375 2063 523 2119 centrum
562 2055 686 2118 mundi.
733 2054 800 2119 Sed
836 2065 966 2121 constat
995 2058 1086 2140 quod
1121 2058 1154 2120 in
1185 2055 1260 2120 ioco
1295 2057 1438 2120 inferiori
1468 2057 1531 2120 erit

375 2159 485 2242 portio
508 2160 644 2223 minoris
666 2158 828 2242 sphaerae
851 2171 886 2224 et
911 2161 945 2223 in
969 2161 1130 2244 superiori
1156 2162 1268 2246 portio
1293 2160 1436 2243 majoris,
1449 2161 1531 2243 quia

377 2263 482 2347 magis
497 2272 577 2327 tunc
592 2263 731 2327 distabit
746 2285 766 2327 a
781 2272 911 2343 centro;
931 2285 1009 2329 nam
1024 2264 1165 2348 sphaera
1178 2266 1330 2348 superior
1344 2267 1531 2330 continebit

376 2367 571 2446 inferiorem,
587 2377 623 2432 ut
639 2377 732 2452 patet
748 2369 782 2430 in
800 2368 930 2432 circulis
945 2369 1032 2433 circa
1046 2370 1134 2433 idem
1150 2378 1310 2434 centrum.
1358 2368 1531 2433 Diameter

373 2482 486 2536 autem
516 2471 634 2555 scyphi
664 2471 727 2537 erit
758 2471 882 2536 chorda
911 2475 1085 2556 utriusque
1120 2474 1291 2556 portionis,
1319 2475 1348 2538 si
1383 2473 1531 2556 scyphus

375 2575 555 2658 impleatur
566 2576 739 2658 utrobique
749 2586 911 2657 quantum
924 2588 1036 2661 potest
1046 2598 1174 2663 capere.
1200 2577 1292 2661 Ergo
1302 2579 1357 2642 illa
1367 2579 1531 2643 diameter

375 2680 536 2745 resecabit
551 2681 593 2745 de
614 2680 732 2763 majori
746 2681 889 2764 sphaera
906 2684 1071 2747 minorem
1090 2683 1290 2768 portionem,
1303 2694 1338 2749 et
1353 2684 1395 2748 de
1410 2683 1530 2748 minori

377 2784 547 2866 majorem.
618 2785 665 2848 Et
709 2805 769 2868 per
808 2788 941 2851 xxxviii
982 2788 1243 2871 propositionem
1287 2787 1530 2873 triangulorum

375 2888 513 2970 Jordani
524 2886 547 2967 ¹,
572 2890 605 2953 in
631 2889 761 2954 circulis
787 2890 1017 2975 inaequalibus
1042 2894 1159 2957 eadem
1185 2892 1311 2956 chorda
1334 2903 1463 2958 resecat
1486 2894 1530 2957 de

376 2993 493 3075 majori
514 2992 636 3058 circulo
655 2995 818 3057 minorem
839 2997 1036 3077 portionem,
1052 3008 1087 3061 et
1107 2999 1150 3062 de
1170 2996 1289 3061 minori
1310 2997 1480 3080 majorem,
1495 3006 1530 3061 ct

374 3100 421 3162 ita
436 3097 498 3163 erit
513 3099 556 3163 de
568 3097 728 3181 sphaeris

504 3253 675 3294 Α
847 3207 937 3271 Nam
955 3207 1126 3291 signentur
1144 3207 1189 3271 illi
1204 3206 1317 3270 circuli
1333 3207 1365 3269 in
1381 3205 1530 3289 sphaeris

846 3312 919 3387 iilis,
934 3321 970 3375 et
990 3313 1159 3395 portiones
1180 3312 1376 3375 circulorum
1396 3311 1431 3373 in
1452 3329 1529 3392 por·

845 3417 991 3480 tionibus
1015 3415 1238 3498 sphaerarum,
1261 3426 1297 3479 et
1320 3424 1413 3497 patet
1438 3413 1530 3497 quod

845 3516 934 3579 idem
951 3526 1011 3579 est.
1057 3516 1149 3599 Ergo
1171 3515 1280 3599 portio
1302 3535 1409 3596 aquae
1429 3534 1530 3596 super

845 3622 1043 3686 diametrum
1060 3620 1177 3703 scyphi
1193 3621 1254 3683 erit
1267 3618 1530 3700 major,quando

844 3748 904 3790 vas
920 3735 971 3789 est
984 3725 1016 3787 in
1031 3724 1175 3788 inferiori
1188 3724 1271 3802 loc0,
1280 3744 1381 3807 quam
1393 3720 1529 3806 quando

846 3840 897 3893 est
924 3830 956 3892 in
985 3828 1154 3912 superiori,
1179 3837 1214 3891 et
1239 3828 1315 3891 ideo
1344 3826 1530 3909 gibbositas

848 3934 954 4015 major
967 3942 1001 3997 et
1017 3944 1129 3997 tumor
1144 3932 1261 4010 altior3
1282 3952 1383 4013 quare
1393 3939 1530 4012 oportet

846 4040 938 4119 quod
955 4036 1031 4120 plus
1049 4039 1091 4101 de
1106 4057 1193 4119 aqua
1209 4036 1254 4099 ibi
1270 4036 1323 4114 sit,
1338 4036 1366 4098 si
1382 4033 1529 4116 scyphus

534 4118 595 4167 Μ·
610 4128 647 4182 ¹⁷·
847 4142 890 4205 sit
906 4142 1041 4204 omnino
1063 4141 1188 4223 plenus,
1203 4159 1304 4223 quam
1322 4139 1457 4222 quando
1477 4149 1529 4203 est

375 4244 408 4307 in
425 4244 585 4329 superiori
604 4242 685 4309 loco.
730 4244 943 4329 Quapropter
958 4245 1001 4309 ad
1019 4245 1159 4307 eandem
1181 4263 1300 4325 aquam
1321 4250 1432 4325 potest
1453 4241 1530 4326 plus

375 4348 502 4412 infundi
535 4349 578 4412 de
610 4368 698 4429 aqua
735 4350 767 4411 in
804 4347 981 4431 scyphum,
1009 4348 1145 4430 quando
1173 4357 1225 4411 est
1255 4344 1395 4423 inferius,
1425 4365 1529 4430 quam

375 4453 508 4535 quando
543 4461 593 4515 est
622 4452 781 4535 superius.
826 4452 915 4515 Nam
950 4451 1084 4514 inferius
1117 4472 1204 4534 aqua
1233 4471 1320 4534 quae
1347 4460 1400 4555 est
1429 4470 1531 4535 super

631 4674 639 4703 ²
657 4674 708 4725 See
721 4682 781 4725 note
792 4690 827 4724 on
839 4675 890 4725 this
900 4675 991 4724 writer
1002 4674 1028 4724 in
1040 4676 1113 4737 chap.
1128 4676 1166 4738 16,
1178 4690 1204 4739 p.
1217 4676 1272 4737 1⁶9.
