3575 5375
376 643 436 684 212
598 627 754 686 OPERIS
777 626 965 696 MAJORIS
989 625 1104 685 PARS
1128 626 1313 699 QUARTA.

375 789 555 872 scripturae
577 789 782 855 intellectum
805 790 1012 873 spiritualem
1028 800 1062 853 et
1078 788 1237 854 literalem
1261 788 1527 872 contemplantes

375 896 594 977 gauderemus
623 893 806 959 visibilibus
842 894 1067 958 instrumentis
1101 893 1248 972 excitati,
1280 894 1372 977 quod
1405 893 1528 958 scimus

377 997 489 1062 omnia
507 1017 595 1062 nunc
615 999 647 1061 in
666 998 804 1063 ecclesia
825 999 890 1062 Dei
906 1018 978 1062 esse
998 998 1176 1079 completa,
1191 1019 1278 1081 quae
1298 999 1369 1082 ipsa
1389 1017 1528 1079 corpora

374 1101 539 1166 sensibilia
569 1104 690 1168 nostris
719 1101 821 1168 oculis
851 1102 1059 1166 exhiberent.
1105 1103 1151 1167 Et
1181 1103 1257 1166 ideo
1292 1103 1374 1166 nihil
1409 1111 1527 1184 reputo

374 1207 504 1289 dignius
515 1208 663 1272 studioso
680 1209 713 1271 in
728 1207 889 1290 sapientia
903 1207 977 1282 Dei,
988 1228 1089 1289 quam
1106 1205 1296 1289 hujusmodi
1312 1206 1527 1289 figurationes

374 1311 590 1392 geometricas
626 1322 705 1377 ante
747 1313 818 1394 ejus
855 1310 969 1376 oculos
1010 1310 1172 1375 exhiberi.
1229 1311 1369 1376 Utinam
1408 1309 1528 1391 jubeat

375 1415 529 1479 dominus
546 1418 636 1500 quod
655 1417 737 1481 haec
758 1416 849 1482 fiant.
896 1416 943 1481 Et
963 1426 1040 1480 sunt
1058 1426 1202 1498 quatuor
1216 1415 1367 1480 homines
1384 1415 1436 1479 vel
1451 1425 1527 1490 tres,

377 1522 433 1602 qui
456 1522 602 1587 adhaec
627 1523 821 1598 sufficerent,
843 1522 903 1587 sed
926 1531 1002 1586 sunt
1029 1522 1221 1606 peritissimi
1246 1521 1462 1597 Latinorum3
1493 1529 1528 1582 et

377 1626 494 1689 merito
520 1626 641 1691 debent
666 1647 738 1692 esse
764 1628 871 1711 periti,
893 1629 1051 1710 quoniam
1078 1625 1254 1691 ineffabilis
1276 1624 1452 1690 difficultas
1472 1622 1527 1685 hic

376 1729 456 1793 latet
482 1739 617 1814 propter
642 1732 877 1797 obscuritatem
904 1741 1019 1797 textus
1044 1731 1137 1805 sacri,
1164 1741 1198 1795 et
1228 1740 1365 1814 propter
1395 1739 1527 1793 contra-

376 1834 508 1898 rietates
523 1846 710 1900 sanctorum
726 1845 760 1900 et
776 1837 982 1900 diversitates
997 1844 1202 1899 caeterorum
1218 1836 1456 1917 expositorum.

420 1937 488 2002 Sed
520 1940 614 2004 aliter
647 1951 740 2023 patet
775 1941 978 2024 geometrica
1008 1941 1133 2004 utilitas
1162 1948 1311 2022 respectu
1345 1937 1528 2021 sapientiae

265 2039 270 2051 '
376 2043 515 2123 divinae,
529 2054 598 2108 tam
621 2047 653 2108 in
674 2055 771 2109 textu
787 2066 889 2127 quam
911 2045 944 2107 in
960 2044 1210 2127 questionibus;
1232 2053 1267 2108 et
1286 2063 1352 2107 nou
1367 2042 1474 2107 solum
1492 2041 1527 2102 in

375 2145 434 2223 his,
446 2149 505 2212 sed
520 2150 553 2211 in
564 2135 866 2232 comparationibus
882 2148 1029 2232 pulchris
1044 2159 1193 2232 respectu
1206 2149 1334 2230 gratiae
1349 2157 1384 2211 et
1400 2142 1526 2229 gloriae

375 2261 408 2313 et
431 2273 559 2333 poenae
581 2253 717 2330 suturae,
734 2264 766 2318 et
790 2255 920 2319 cautela
941 2253 1107 2318 vitiorum.
1153 2253 1207 2316 De
1228 2253 1378 2335 quolibet
1401 2269 1526 2333 ponam

374 2356 512 2438 aliquod
533 2359 734 2441 exemplum.
782 2359 827 2422 Et
850 2379 911 2442 pro
933 2359 1088 2423 omnibus
1110 2357 1144 2420 in
1167 2355 1310 2440 generali
1333 2372 1526 2418 revocemus

374 2461 418 2523 ad
440 2464 642 2540 memoriam,
657 2464 749 2546 quod
772 2462 851 2527 nihil
874 2463 948 2526 sciri
971 2473 1083 2546 potest
1106 2463 1268 2526 derebus
1290 2460 1389 2543 hujus
1412 2459 1527 2522 mundi

374 2565 445 2627 sine
465 2568 666 2648 geometrica
686 2578 861 2652 potestate,
881 2578 917 2631 ut
939 2568 1029 2651 prius
1050 2567 1226 2649 probatum
1245 2575 1304 2628 est.
1352 2565 1397 2628 Et
1417 2584 1526 2627 rerum

375 2671 522 2752 cognitio
543 2672 725 2737 necessaria
748 2683 798 2737 est
822 2671 1034 2756 inscriptura
1054 2681 1193 2756 propter
1209 2691 1343 2735 sensum
1362 2667 1525 2733 literalem

375 2783 409 2836 et
428 2774 640 2855 spiritualem,
657 2786 693 2839 ut
712 2778 862 2858 superius
882 2778 1074 2860 expositum
1092 2787 1150 2841 est
1197 2776 1286 2840 Nam
1308 2774 1527 2858 proculdubio

374 2886 447 2941 tota
469 2899 576 2943 rerum
593 2882 706 2945 mundi
722 2882 843 2945 veritas
861 2882 950 2964 jacet
967 2882 1000 2943 in
1016 2902 1112 2945 sensu
1128 2880 1256 2954 literali,
1271 2889 1309 2942 ut
1324 2881 1450 2944 dictum
1466 2888 1527 2955 est,

376 2991 410 3045 et
440 2984 587 3049 maxime
616 3005 724 3048 rerum
755 2987 1042 3069 geometricamm,
1068 2986 1144 3067 quia
1174 2984 1255 3048 nihil
1286 2994 1336 3048 est
1360 2984 1457 3047 nobis
1482 2984 1527 3047 ad

376 3086 511 3168 plenum
535 3088 749 3172 intelligibile,
771 3090 832 3153 nisi
855 3088 1036 3174 figuraliter
1062 3100 1139 3153 ante
1165 3088 1278 3153 oculos
1304 3098 1436 3152 nostros
1461 3089 1526 3152 dis-

376 3203 541 3275 ponatur;
578 3205 612 3256 et
646 3194 720 3258 ideo
755 3194 787 3257 in
825 3196 987 3277 scriptura
1025 3195 1090 3258 Dei
1120 3203 1192 3258 tota
1222 3213 1331 3257 rerum
1364 3193 1526 3276 sapientia

378 3295 631 3380 figurationibus
665 3299 872 3381 geometricis
907 3297 1119 3363 certificanda
1148 3298 1334 3363 continetur
1363 3306 1397 3361 et
1427 3296 1527 3379 louge

377 3400 494 3464 melius
512 3422 611 3485 quam
628 3402 700 3485 ipsa
719 3402 930 3486 philosophia
945 3403 1050 3483 possit
1066 3404 1262 3484 exprimere.
1309 3402 1341 3464 N
1343 3422 1381 3467 ec
1398 3402 1526 3476 mirum,

376 3525 453 3568 cum
477 3506 547 3588 ipse
562 3505 655 3570 Deus
677 3518 793 3571 auctor
808 3508 910 3570 totius
930 3508 1110 3589 sapientiae
1132 3526 1225 3571 suam
1242 3506 1403 3571 ordinavit
1424 3504 1526 3587 scrip-

376 3619 495 3673 turam.
540 3610 652 3691 Quare
673 3632 732 3693 pro
753 3610 887 3675 infinitis
908 3611 1073 3694 exemplis
1093 3611 1169 3675 volo
1190 3632 1291 3674 unum
1307 3612 1351 3674 ad
1371 3628 1527 3693 praesens

375 3712 502 3777 afferre.
548 3714 635 3778 Nam
666 3715 867 3779 Aristoteles
897 3716 1002 3798 magis
1032 3715 1185 3778 omnibus
1214 3713 1527 3797 philosophantibus

376 3836 436 3879 nos
457 3816 595 3881 involvit
615 3820 683 3883 suis
702 3820 958 3883 obscuritatibus
978 3820 1012 3881 in
1033 3820 1206 3883 tractando
1222 3819 1265 3881 de
1282 3819 1373 3895 iride,
1388 3828 1425 3880 ut
1444 3814 1527 3879 nihil

375 3940 435 4002 per
454 3941 529 3984 eum
549 3924 640 4004 quod
660 3924 798 4006 dignum
819 3924 862 3986 sit
883 3922 1116 4005 intelligamus,
1136 3924 1240 3986 immo
1259 3922 1365 3986 multa
1385 3920 1468 3985 ialsa
1491 3921 1526 3984 in

374 4025 591 4090 translatione
626 4027 820 4091 Latinorum
858 4028 1076 4103 continentur,
1106 4027 1192 4092 sicut
1227 4048 1270 4089 ex
1307 4027 1525 4109 interpretum

374 4129 533 4193 varietate
559 4134 795 4196 contendImus
841 4132 930 4196 Nam
959 4133 1050 4215 quod
1077 4132 1109 4193 in
1136 4130 1305 4195 codicibus
1328 4131 1526 4194 Latinorum

373 4233 523 4311 habetur,
538 4238 628 4317 quod
644 4237 699 4300 iris
715 4257 780 4300 non
797 4237 916 4301 accidit
932 4237 974 4299 ad
996 4238 1105 4300 radios
1121 4236 1219 4299 lunae
1234 4235 1296 4299 nisi
1311 4234 1344 4299 in
1361 4236 1526 4318 quinqua·

374 4339 467 4421 ginta
488 4339 581 4403 annis
604 4340 665 4415 bis,
682 4341 855 4403 manifeste
876 4340 995 4404 salsum
1017 4351 1077 4413 est,
1092 4340 1177 4403 sicut
1198 4339 1340 4421 quilibet
1362 4348 1473 4420 potest
1491 4340 1527 4403 in

373 4441 554 4524 plenilunio
568 4445 702 4526 quando
718 4443 803 4527 pluit
822 4444 975 4527 experiri,
990 4444 1174 4508 dummodo
1194 4442 1328 4508 claritas
1346 4442 1443 4507 lunae
1457 4464 1527 4507 non

374 4547 573 4629 impediatur
599 4568 657 4630 per
683 4548 820 4611 nubium
848 4548 1057 4613 densitatem.
1104 4548 1151 4611 Et
1181 4548 1356 4612 Avicenna
1386 4549 1457 4611 dux
1486 4569 1527 4611 ac

372 4652 525 4734 princeps
550 4651 780 4735 philosophiae
806 4661 884 4735 post
910 4651 1141 4729 Aristotelem,
1161 4661 1200 4716 ut
1225 4651 1372 4717 clamant
1397 4672 1527 4729 omnes,

1706 1950 1708 2031 l
