3575 5375
646 641 815 700 crusna
839 641 1039 700 annonis.
1379 656 1416 719 15

309 811 376 877 Sed
393 833 459 875 non
479 812 586 877 solum
603 813 790 896 philosophi
806 814 910 878 immo
925 814 1030 878 sancti
1046 813 1167 897 aliquid
1184 814 1366 877 humanum
1383 813 1416 876 in

263 914 327 979 bac
348 926 442 1000 parte
461 919 549 1001 passi
571 928 656 983 sunt.
702 918 792 983 Nam
814 919 947 1002 ipsimet
970 928 1229 983 retractaverunt
1252 919 1415 982 dictorum

263 1040 397 1084 suorum
424 1022 676 1106 quamplurima.
729 1024 829 1089 Unde
852 1024 1070 1107 Augustinus,
1091 1024 1148 1107 qui
1179 1024 1285 1106 major
1311 1024 1414 1087 inin·

263 1125 438 1206 quisitione
467 1128 645 1191 veritatum
675 1128 880 1192 occultarum
914 1138 1093 1212 reputatur,
1123 1128 1198 1192 iecit
1226 1128 1347 1192 librum
1371 1128 1415 1190 de

264 1232 499 1295 retractatione
510 1252 633 1308 eorum,
644 1253 732 1315 quae
747 1253 814 1297 non
829 1234 915 1296 bene
928 1233 1149 1316 praedixerat.
1190 1234 1238 1298 Et
1249 1232 1415 1315 Hierony·

263 1352 336 1397 mus
350 1356 449 1418 super
466 1336 597 1414 isaiam,
612 1348 646 1402 et
666 1336 722 1400 alii
737 1337 848 1419 plures
868 1358 962 1402 suam
985 1358 1051 1402 non
1065 1346 1219 1401 verentur
1237 1347 1414 1402 retractare

262 1440 470 1504 sententiam.
510 1440 599 1503 Nam
616 1439 784 1506 celeritate
797 1442 945 1506 dictandi
960 1442 992 1505 in
1006 1442 1231 1506 transferendo
1243 1440 1363 1523 pluries
1377 1462 1413 1505 se

262 1542 438 1606 confitetur
448 1545 626 1628 deceptum
636 1545 743 1622 luisse,
749 1556 784 1609 et
794 1544 909 1609 multis
918 1545 990 1609 aliis
1002 1546 1124 1621 modis;
1136 1545 1226 1609 etsie
1236 1536 1413 1609 omnesalir

263 1646 417 1710 doctores
432 1648 588 1713 fecerunt.
635 1648 747 1715 Sancti
765 1650 866 1713 etiam
885 1650 947 1733 ipsi
967 1660 1083 1714 mutuo
1104 1670 1179 1713 suas
1199 1660 1414 1713 correxerunt

262 1751 445 1831 positiones
463 1762 497 1817 et
512 1755 574 1817 sibi
595 1755 733 1818 invicem
755 1754 883 1818 sortiter
905 1754 1110 1819 resistebant.
1155 1754 1268 1818 Etiam
1293 1753 1413 1818 Paulus

263 1854 364 1919 Petro
395 1857 578 1933 resistebat,
607 1861 692 1923 sicut
721 1860 863 1943 ipsemet
893 1858 1076 1925 confitetur.
1133 1859 1179 1922 Et
1202 1859 1413 1941 Augustinus

265 1957 465 2042 Hieronymi
486 1964 665 2028 sententias
686 1963 907 2047 reprehendit,
922 1973 957 2026 et
980 1960 1205 2044 Hieronymus
1221 1961 1412 2046 Augustino

261 2062 294 2124 in
313 2062 461 2146 pluribus
475 2067 682 2132 contradicit.
729 2067 823 2131 Haec
837 2066 994 2149 exempla
1009 2087 1119 2131 eorum
1135 2067 1310 2130 manifesta
1325 2077 1412 2142 sunt,

262 2177 300 2230 ut
316 2168 451 2233 inferius
464 2181 657 2254 exponetur,
669 2183 704 2237 et
716 2173 915 2255 posteriores
930 2172 1074 2254 priorum
1087 2170 1177 2235 dicta
1188 2181 1411 2235 correxenrnt.

264 2271 352 2335 Nam
383 2273 564 2358 Origenem
594 2278 780 2340 maximum
813 2276 986 2340 doctorem
1017 2275 1197 2339 secundum
1230 2294 1347 2338 omnes
1378 2276 1411 2338 in

263 2376 375 2440 multis
390 2380 591 2461 posteriores
606 2382 794 2464 reprobant,
804 2382 884 2462 quia
898 2380 983 2443 inter
996 2388 1128 2442 caetera
1142 2379 1252 2460 posuit
1268 2399 1410 2442 errorem

260 2481 454 2546 Avicennae
484 2484 527 2547 de
556 2486 729 2553 animabus
759 2483 1003 2567 peccatricibus,
1028 2484 1118 2566 quod
1153 2482 1243 2545 nulla
1273 2481 1413 2547 finaliter

261 2587 483 2651 damnabitur.
528 2587 575 2653 Et
601 2609 676 2653 cum
704 2588 799 2652 multi
826 2589 980 2652 doctores
1005 2588 1110 2652 sancti
1139 2597 1173 2652 et
1204 2587 1321 2650 famosi
1351 2608 1411 2651 ex·

260 2701 440 2773 posuerunt
454 2692 564 2771 Israel,
574 2703 611 2756 ut
625 2693 755 2758 dicatur
766 2695 821 2757 vir
832 2693 946 2757 milvis
956 2690 1072 2770 Deum,
1081 2694 1170 2756 venit
1184 2692 1412 2772 Hieronymus

260 2814 360 2876 super
370 2794 526 2860 Genesim
535 2807 570 2860 et
580 2797 700 2880 probat
710 2797 828 2862 iaisam
840 2817 914 2861 esse
923 2795 1255 2879 expositionem¹per
1267 2799 1410 2862 rationes

261 2897 507 2982 irrefragabiles,
521 2901 609 2965 sicut
627 2902 760 2967 inferius
777 2912 973 2984 exponetur.
1019 2901 1119 2966 Unde
1133 2900 1222 2978 dicit,
1237 2901 1410 2983 ‘quamvis

259 3005 465 3069 auctoritatis
494 3005 567 3083 sint,
590 3016 761 3070 eteorum
790 3008 909 3070 umbra
938 3027 998 3070 nos
1028 3005 1193 3089 opprimat
1222 3006 1279 3087 qui
1307 3005 1409 3070 Israel

259 3106 365 3170 virum
387 3109 554 3173 videntem
579 3111 689 3174 Deum
713 3110 921 3192 interpretati
946 3119 1034 3186 sunt,
1056 3119 1168 3172 tamen
1198 3109 1305 3191 magis
1331 3128 1408 3172 con-

259 3213 420 3277 sentimus
450 3213 525 3276 Deo
540 3215 605 3292 ,uei
634 3215 754 3299 angelo
782 3215 841 3296 qui
870 3215 934 3277 boc
964 3232 1086 3277 nomen
1117 3212 1284 3293 imposuit,
1307 3226 1408 3294 qaam

258 3317 448 3382 auctoritati
464 3317 601 3399 aiicujus
611 3318 820 3400 eloquentiae
830 3312 1003 3381 secularis!
1035 3316 1082 3379 Et
1090 3316 1242 3380 doctores
1254 3315 1408 3379 catholici

259 3418 293 3481 in
308 3421 426 3485 studiis
439 3420 644 3486 solemnibus
657 3422 827 3485 constituti
841 3440 927 3483 nunc
938 3422 1097 3503 temporis
1110 3421 1141 3482 in
1154 3418 1292 3502 publicis
1304 3420 1410 3483 muita

258 3533 479 3602 mutaverunt,
507 3547 593 3609 quae
629 3526 736 3591 sancti
764 3526 930 3602 dixerunt,
959 3544 1018 3587 eos
1048 3525 1101 3606 pie
1130 3532 1338 3606 exponentes
1372 3532 1408 3587 ut

258 3639 406 3709 possunt,
424 3629 515 3693 saiva
537 3631 687 3694 veritate.

658 3905 886 3972 Cnrrrunuu
910 3904 990 3969 Vll.

302 4057 470 4140 Quoniam
495 4061 596 4142 igitur
618 4060 701 4124 haec
721 4061 767 4124 ita
793 4081 830 4124 se
855 4060 991 4138 habent,
1016 4081 1081 4124 non
1108 4071 1241 4144 oportet
1263 4083 1324 4126 nos
1346 4063 1406 4126 ad·
1419 4069 1502 4147 Puro,

256 4161 390 4228 haerere
413 4165 568 4230 omnibus
593 4187 681 4250 quae
708 4167 864 4230 audimus
889 4175 923 4229 et
949 4164 1098 4250 legimus,
1124 4167 1182 4230 sed
1213 4167 1406 4230 examinare
1419 4135 1567 4266 ,lffilss'e'

256 4265 417 4332 debemus
434 4270 673 4335 districtissime
693 4271 875 4335 sententias
896 4270 1069 4352 majorum,
1084 4281 1121 4333 ut
1141 4271 1305 4334 addamus
1319 4290 1406 4388 quae
1419 4267 1544 4398 misia

256 4370 305 4435 eis
334 4373 518 4451 defuerunt,
548 4385 582 4438 et
614 4374 819 4456 corrigamus
848 4394 935 4458 quae
963 4383 1071 4438 errata
1097 4384 1183 4452 sunt,
1207 4395 1282 4438 cum
1314 4395 1406 4439 omnr
1419 4398 1525 4447 muro

1419 4463 1555 4526 authority.

289 4543 297 4572 ¹
316 4544 502 4595 Nevertbeiees
518 4545 544 4593 in
561 4543 688 4606 Jerome’s
704 4545 912 4594 Commentaries
927 4561 962 4594 on
981 4544 1065 4594 lsaiair
1082 4545 1134 4594 and
1149 4561 1184 4594 on
1200 4543 1281 4594 Amos
1292 4543 1353 4605 (vol
1372 4545 1405 4594 iv.

254 4637 281 4686 p.
293 4637 333 4685 η,
347 4623 400 4672 and
415 4623 465 4672 voi.
484 4623 518 4673 ui.
536 4639 561 4685 p.
583 4637 647 4686 ¹⁰3²
664 4623 695 4674 oi
707 4623 818 4688 liigue's
834 4624 888 4690 ed.)
905 4623 951 4673 the
969 4623 1166 4686 interpretation
1182 4622 1267 4672 muns
1284 4622 1369 4671 Deum
1386 4624 1408 4672 is

254 4702 387 4764 accepted.
