3575 5375
354 634 682 694 PHILOSOPHIAE
707 634 798 693 CUM
824 633 1068 693 THEOLOGIA
1096 634 1337 692 AFFINITAS.
1381 648 1421 709 37

268 793 374 859 sancti
390 804 501 877 patres
522 792 679 876 legendas
700 792 912 874 persuadent,
933 792 1090 873 quoniam
1112 812 1156 855 ex
1180 811 1302 874 magna
1326 800 1421 873 parte

268 898 437 981 appetitus
457 918 478 960 a
495 896 680 961 carnalibus
702 896 801 960 rebus
822 896 1018 971 extrahitur,
1036 905 1071 961 et
1091 895 1216 959 faciunt
1234 894 1420 959 desiderare

268 1022 355 1085 quae
369 1002 442 1065 solo
464 1004 564 1066 corde
584 1021 761 1086 possumus
783 1001 953 1082 respicere.
1000 1001 1047 1066 Et
1068 999 1279 1083 Augustinus
1301 1000 1420 1064 doctos

269 1105 391 1171 multos
405 1116 538 1171 sanctos
557 1104 658 1169 fuisse
677 1114 924 1183 commemorat,
941 1125 1016 1167 cum
1038 1104 1174 1186 quaerit,
1190 1104 1309 1167 Nonne
1331 1102 1418 1186 aspi-

268 1213 373 1275 cimus
384 1222 511 1292 quanto
524 1230 603 1274 auro
615 1210 861 1273 subsarcinatus
872 1209 992 1273 exierit
1004 1210 1046 1273 de
1058 1209 1221 1291 Aegypto
1232 1207 1419 1289 Cyprianus

267 1317 386 1379 doctor
393 1316 608 1379 suavissimus
619 1323 653 1378 et
664 1324 792 1397 martyr
806 1313 1027 1387 beatissimus,
1041 1323 1167 1397 quanto
1178 1312 1369 1377 Victorinus
1384 1324 1419 1377 et

267 1418 322 1485 alii
346 1418 440 1483 multi
464 1418 719 1483 innumerabiles
742 1416 871 1495 Graeci,
893 1428 927 1483 et
952 1418 1088 1501 Moyses
1111 1418 1247 1503 quidem
1271 1417 1418 1481 eruditus

267 1525 358 1589 omni
374 1524 538 1606 sapientia
552 1522 824 1606 Aegyptiorum?

685 1861 911 1929 Cnsrrusuu
936 1863 997 1929 IV.

312 2070 389 2133 Non
412 2068 521 2135 solum
550 2079 661 2134 autem
693 2071 812 2135 beatus
832 2070 1053 2152 Augustinus,
1077 2070 1134 2134 sed
1166 2079 1200 2133 et
1230 2069 1284 2133 alii
1311 2068 1416 2133 sancti
1431 2084 1585 2134 Corsorum-

266 2174 355 2238 idem
385 2184 543 2239 asserunt.
588 2174 677 2237 Nam
717 2174 945 2257 Hieronymus
981 2174 1023 2239 ad
1061 2193 1218 2256 magnum
1249 2182 1413 2237 oratorem
1427 2151 1526 2267 fjfflff'y

265 2279 356 2356 dicit,
374 2278 410 2343 Si
426 2280 602 2362 scripturas
621 2299 732 2342 sacras
752 2278 888 2360 legeres,
903 2279 977 2360 quis
994 2279 1119 2341 nesciat
1137 2288 1171 2341 et
1191 2278 1222 2339 in
1241 2277 1360 2358 Moyse
1375 2298 1413 2340 ac
1427 2284 1581 2332 authorities-

265 2382 500 2467 prophetarum
524 2381 616 2447 libris
636 2384 801 2465 quaedam
825 2392 997 2466 assumpta
1020 2404 1065 2446 ex
1095 2382 1268 2464 gentilium
1300 2382 1414 2445 libris?

267 2488 313 2552 Et
335 2489 461 2552 inducit
483 2489 526 2550 ad
551 2486 649 2568 hujus
671 2488 903 2570 probationem
926 2488 1107 2571 prophetas
1130 2488 1219 2570 ipsos
1242 2497 1277 2551 et
1299 2506 1415 2548 omnes

265 2592 417 2656 doctores
439 2592 586 2655 famosos
615 2612 635 2653 a
665 2591 827 2674 principio
858 2592 1024 2667 ecclesiae,
1054 2591 1112 2673 qui
1142 2590 1414 2673 philosophorum

268 2697 428 2761 doctrinis
445 2695 545 2759 fidem
563 2694 686 2760 Christi
702 2707 936 2778 persuaserunt
951 2697 1153 2781 principibus
1168 2706 1202 2760 et
1217 2694 1416 2774 infidelibus,

264 2821 303 2866 ac
318 2802 555 2865 roboraverunt
570 2799 806 2882 multipliciter.
854 2801 900 2865 Et
916 2801 1008 2866 Beda
1023 2821 1121 2885 super
1145 2800 1264 2863 librum
1282 2801 1413 2883 Regum

264 2905 354 2980 dicit,
384 2907 475 2988 quod
506 2903 690 2968 liberalium
720 2905 931 2968 scientiarum
970 2905 1167 2987 sapientiam
1197 2907 1288 2988 quasi
1319 2924 1413 2968 suam

263 3030 393 3074 sumere
407 3009 533 3072 licitum
551 3019 602 3072 est
619 3007 813 3074 Christianis
828 3030 866 3073 ac
882 3010 1038 3088 divinam,
1053 3009 1199 3096 alioquin
1221 3009 1363 3092 Moysen
1381 3020 1414 3072 et

265 3113 384 3178 Daniel
398 3115 563 3198 sapientia
574 3113 821 3196 Aegyptiorum
838 3125 872 3179 et
883 3115 1127 3180 Chaldaeorum
1143 3135 1209 3178 non
1221 3125 1412 3197 paterentur

262 3219 392 3282 erudiri.
438 3219 564 3283 Iterum
580 3218 624 3282 de
638 3218 765 3283 lactura
779 3217 897 3302 templi
912 3219 992 3282 dicit
1015 3217 1231 3283 Solomonem
1251 3236 1326 3281 cum
1345 3219 1414 3284 suis

262 3323 364 3385 servis
386 3322 516 3404 signare
533 3319 713 3402 Christum,
729 3331 763 3385 et
787 3321 906 3386 Hiram
924 3343 999 3387 cum
1021 3323 1087 3385 suis
1105 3319 1290 3404 significare
1304 3321 1411 3398 philo·

260 3426 384 3508 sophos
400 3436 434 3490 et
448 3428 615 3509 sapientes
630 3427 780 3508 gentiles,
798 3436 835 3490 ut
852 3427 1014 3510 templum
1028 3426 1102 3501 Dei,
1117 3425 1182 3490 hoc
1197 3435 1247 3488 est
1262 3424 1413 3502 ecclesia,

261 3551 327 3593 non
364 3529 472 3594 solum
510 3531 674 3614 sapientia
710 3530 903 3614 apostolica,
934 3531 993 3594 sed
1022 3528 1295 3612 philosophorum
1332 3548 1412 3592 con-

261 3641 442 3699 strueretur
455 3655 464 3712 ;
487 3636 564 3718 quia
575 3635 715 3717 gentiles
726 3637 770 3699 ab
782 3654 890 3699 errore
905 3633 1052 3698 conversi
1068 3643 1169 3716 atque
1183 3633 1226 3697 ad
1236 3633 1411 3697 veritatem

261 3738 422 3820 evangelii
437 3737 672 3816 transformati,
688 3740 806 3804 melius
821 3740 912 3822 ipsos
927 3739 1078 3821 gentium
1099 3758 1224 3802 errores
1240 3750 1413 3818 noverant,

261 3851 296 3907 et
310 3863 379 3925 quo
400 3844 521 3907 certius
542 3852 713 3921 noverunt,
731 3865 773 3908 eo
789 3844 998 3909 artificiosius
1020 3843 1082 3906 hos
1102 3863 1296 3927 expugnare
1310 3855 1412 3926 atque

261 3967 419 4012 evacuare
447 3948 642 4011 didicerunt.
690 3947 811 4013 Paulus
840 3948 1050 4030 evangelium
1077 3947 1167 4028 quod
1198 3968 1257 4030 per
1288 3947 1411 4012 revela·

259 4051 386 4115 tionem
401 4051 573 4128 didicerat,
583 4051 700 4116 melius
712 4053 823 4130 novit;
847 4055 905 4116 sed
919 4051 1101 4135 Dionysius
1116 4051 1234 4116 melius
1247 4053 1411 4117 revincere

260 4165 391 4238 poterat
421 4155 504 4220 falsa
534 4158 706 4238 dogmata,
736 4176 876 4238 quorum
915 4175 990 4220 cum
1021 4155 1185 4220 erroribus
1215 4167 1411 4239 argumenta

259 4280 280 4323 a
295 4281 399 4342 puero
414 4272 575 4337 noverat3
597 4270 630 4325 et
652 4263 727 4326 ideo
751 4261 913 4326 Salomon
930 4261 1019 4339 dicit,
1036 4261 1108 4326 Scis
1123 4261 1211 4324 enim
1233 4263 1324 4343 quod
1345 4281 1410 4325 nou

260 4361 358 4425 estin
374 4360 499 4445 populo
515 4381 591 4425 meo
605 4361 663 4435 vir,
679 4361 736 4444 qui
751 4371 889 4428 noverat
905 4361 993 4444 ligna
1010 4361 1157 4438 caedere,
1172 4362 1257 4425 sicut
1274 4359 1409 4424 Sidonii.

261 4464 357 4529 Haec
379 4474 412 4529 et
431 4463 621 4547 hujusmodi
644 4464 750 4528 multa
771 4465 895 4548 allegat
919 4467 1114 4531 venerabilis
1137 4465 1239 4528 Beda.
1286 4463 1352 4529 Sed
1376 4475 1411 4528 et

259 4567 381 4633 Paulus
418 4569 605 4653 Apostolus
644 4569 854 4654 Epimenidis
891 4581 1011 4654 poetae
1046 4592 1123 4635 usus
1156 4579 1207 4635 est
1241 4568 1411 4644 versiculo,

258 4674 407 4740 scribens
435 4675 478 4740 ad
517 4674 643 4753 Titum,
681 4673 875 4740 ‘Cretenses
912 4695 1043 4760 semper
1081 4676 1266 4756 mendaces,
1303 4673 1411 4741 malae
