3575 5375
366 637 693 696 PHILOSOPHIAE
719 637 810 696 CUM
836 637 1079 697 THEOLOGIA
1107 639 1348 699 AFFINITAS.
1393 656 1433 716 49

281 799 400 865 Enoch
416 802 522 884 magis
538 801 670 866 ascribit
686 820 787 885 quam
803 802 1017 883 sequentibus
1032 800 1250 885 philosophis.
1296 802 1341 867 Et
1357 824 1431 867 cum

280 907 442 970 medicina
472 908 579 988 magis
608 907 651 969 sit
681 906 865 970 necessaria
897 906 1022 969 homini
1057 926 1157 988 quam
1194 906 1319 971 multae
1348 906 1432 971 aliae

279 1010 441 1087 scientiae,
471 1031 538 1074 non
568 1019 618 1074 est
653 1009 792 1073 dubium
829 1010 910 1092 quin
945 1008 1000 1072 filii
1032 1008 1131 1074 Adae
1165 1019 1199 1074 et
1229 1011 1304 1075 Noe
1339 1011 1430 1074 illam

280 1113 483 1191 invenerunt,
504 1114 625 1197 quibus
649 1113 831 1195 sapientiae
857 1113 1030 1197 plenitudo
1057 1113 1137 1178 data
1163 1114 1231 1188 luit,
1255 1124 1288 1179 et
1311 1116 1431 1197 quibus

280 1238 473 1282 concessum
503 1229 554 1283 est
585 1227 654 1281 tam
683 1218 741 1282 diu
766 1218 877 1282 vivere
905 1228 1042 1300 propter
1071 1219 1220 1282 studium
1248 1219 1431 1303 sapientiae

280 1322 526 1405 perficiendum.

709 1561 936 1628 Carrrucuu
962 1564 1003 1627 X.

326 1718 404 1781 Post
443 1717 516 1793 hoc,
552 1727 703 1802 tempore
741 1718 929 1783 Othonielis
965 1719 1092 1801 Judicis
1130 1719 1241 1796 Israel,
1279 1720 1430 1802 regnavit
1441 1730 1559 1782 Cadmus

281 1819 430 1884 Cadmus
451 1821 638 1899 Thebaeus,
664 1820 721 1903 qui
749 1822 873 1905 primus
903 1823 997 1886 dedit
1023 1822 1134 1886 literas
1160 1820 1306 1899 Graecis,
1334 1823 1429 1887 utin

280 1924 443 1988 chronicis
468 1924 740 1989 Cluniacensibus
764 1927 932 1989 edocetur.
987 1923 1033 1987 Et
1059 1924 1151 1987 Beda
1176 1923 1209 1987 in
1237 1922 1322 1989 libro
1346 1936 1430 1989 tem-

281 2049 400 2110 porum
421 2028 542 2113 juniori
565 2038 600 2093 et
622 2029 742 2094 caeteri
767 2030 981 2104 concordant,
1004 2030 1094 2109 quod
1118 2028 1179 2092 sub
1201 2026 1299 2092 Aoth
1317 2027 1431 2109 judice

281 2132 455 2215 Amphion
494 2133 637 2196 musicus
670 2132 790 2209 floruit,
826 2133 884 2215 qui
915 2130 1011 2195 Aoth
1048 2130 1109 2195 suit
1145 2132 1318 2213 proximus
1356 2142 1430 2215 post

282 2236 507 2301 Othonielem.
553 2237 598 2300 Et
624 2237 687 2300 sub
713 2236 841 2301 Barach
864 2236 926 2299 suit
952 2236 1035 2298 alius
1060 2234 1186 2317 Apollo
1213 2233 1430 2319 philosophus

281 2343 463 2406 secundum
488 2339 688 2405 Chronicam
712 2340 973 2414 Cluniacensem,
997 2348 1112 2403 auctor
1137 2339 1328 2417 medicinae,
1344 2350 1428 2403 tem-

281 2465 445 2527 poraneus
462 2443 597 2509 Herculi
614 2445 768 2522 secundo,
787 2445 880 2527 cujus
897 2442 985 2508 sacta
1000 2444 1208 2506 celebrantur
1218 2467 1226 2518 ;
1249 2445 1335 2507 sicut
1350 2444 1430 2508 dicit

287 2548 496 2634 Augustinus
511 2551 641 2614 decimo
657 2559 777 2613 octavo
793 2549 877 2613 libro
893 2550 935 2612 de
955 2547 1099 2612 Civitate
1115 2548 1180 2611 Dei
1191 2545 1211 2611 ¹.
1258 2546 1326 2631 Qui
1342 2549 1429 2612 Her-

281 2654 371 2718 cules
386 2655 419 2718 in
434 2665 584 2738 tempore
599 2652 797 2718 Abimelech
810 2652 932 2735 judicis
944 2651 1081 2734 Trojam
1093 2652 1286 2727 devastavit,
1298 2663 1331 2718 et
1344 2654 1428 2739 pilas
1441 2664 1570 2718 hercules

281 2779 358 2823 suas
373 2759 406 2822 in
420 2760 516 2823 India
531 2760 657 2837 statuit,
668 2771 701 2824 et
714 2761 747 2822 in
760 2757 911 2822 Gadibus
926 2758 1096 2821 columnas
1107 2759 1222 2836 erexit,
1234 2768 1267 2823 et
1279 2759 1429 2823 dolorem

285 2865 391 2927 morbi
411 2885 478 2928 non
498 2864 604 2936 ferens
621 2864 767 2946 seipsum
788 2873 939 2946 tempore
961 2861 1104 2944 Jepthae
1119 2862 1242 2944 judicis
1263 2865 1431 2940 cremavit,

284 2980 321 3033 ut
332 2991 391 3053 per
400 2968 628 3052 Augustinum
643 2969 774 3032 decimo
789 2979 908 3033 octavo
924 2966 1018 3046 libro,
1030 2977 1064 3031 et
1076 2969 1166 3033 dicta
1182 2968 1334 3034 chronica
1349 2989 1430 3032 con-

284 3072 441 3138 firmatur.
487 3074 540 3137 De
560 3074 623 3138 hoc
641 3072 787 3136 Hercule
805 3072 951 3136 secundo
970 3083 1104 3155 propter
1119 3073 1182 3138 hoc
1201 3074 1338 3152 narravi,
1353 3075 1431 3156 quia

281 3178 365 3243 alius
380 3179 442 3242 luit
458 3177 620 3242 Hercules
635 3198 739 3261 prope
759 3188 894 3261 tempus
910 3177 1064 3240 Mercurii
1086 3177 1227 3258 majoris,
1243 3179 1300 3260 qui
1315 3198 1430 3260 parum

283 3291 359 3364 post
377 3303 453 3346 eum
475 3280 546 3359 luit,
562 3292 599 3345 ut
617 3290 728 3346 narrat
743 3281 963 3363 Augustinus,
977 3290 1010 3344 et
1031 3291 1106 3364 post
1129 3301 1206 3344 eum
1226 3282 1286 3346 suit
1305 3283 1431 3354 tertius

281 3387 338 3470 qui
353 3397 519 3451 certamen
535 3386 771 3468 Olympiacum
791 3386 974 3462 constituit,
990 3386 1079 3468 quod
1102 3385 1324 3449 intermissum
1344 3383 1431 3449 tilius

283 3491 354 3572 ejus
377 3491 573 3555 instauravit
597 3500 673 3574 post
697 3491 865 3554 excidium
885 3488 1008 3571 Trojae
1031 3510 1117 3553 anno
1140 3488 1214 3568 408,
1236 3498 1274 3552 ut
1297 3488 1430 3553 Solinus

281 3595 404 3659 scribit.
450 3595 551 3658 Unde
577 3594 674 3659 multi
699 3593 830 3676 decepti
856 3591 997 3668 luerunt,
1025 3613 1127 3658 unum
1152 3614 1224 3658 esse
1252 3593 1430 3659 Herculem

282 3700 504 3773 aestimantes,
521 3700 577 3781 qui
596 3699 708 3762 omnia
725 3698 848 3774 lecerit,
862 3717 949 3780 quae
964 3699 1007 3761 de
1023 3698 1169 3780 pluribus
1184 3699 1306 3782 scripta
1322 3709 1409 3764 sunt.

326 3802 485 3868 Similiter
506 3812 651 3867 erratum
674 3812 724 3865 est
747 3803 791 3866 de
816 3801 881 3866 hoc
904 3801 1105 3886 philosopho
1128 3803 1296 3885 Apolline.
1341 3802 1430 3866 Nam
1444 3817 1545 3882 Apollo

283 3928 407 3982 omnes,
422 3919 459 3972 ut
479 3908 557 3972 dicit
576 3905 793 3989 Augustinus,
808 3906 988 3971 aestimant
1006 3908 1113 3990 ipsum
1135 3906 1235 3971 luisse
1256 3907 1349 3970 illum
1351 3909 1484 3990 q,ui·

282 4033 343 4095 pro
368 4011 479 4075 Deo
471 4032 504 4074 rn
531 4010 635 4075 Delos
661 4009 768 4074 insula
795 4009 974 4084 colebatur,
997 4021 1156 4093 tanquam
1179 4032 1263 4074 unus
1286 4022 1320 4076 et
1343 4014 1432 4075 idem

283 4125 390 4192 esset3
414 4115 508 4197 cujus
526 4116 726 4179 contrarium
749 4114 936 4178 ostenditur
951 4115 1063 4179 multis
1086 4115 1296 4180 testimoniis.
1341 4116 1432 4179 Nam

283 4219 338 4284 ille
358 4219 494 4303 Apollo,
508 4219 564 4302 qui
581 4220 614 4282 in
635 4218 769 4300 templis
789 4218 894 4282 dabat
915 4220 1114 4295 testimonia,
1132 4220 1295 4284 invenitur
1312 4219 1431 4284 saltem

282 4323 492 4407 respondisse
514 4323 649 4405 quando
680 4323 789 4405 primo
815 4320 904 4387 sacta
934 4333 985 4386 est
1011 4324 1126 4387 civitas
1154 4323 1372 4398 Athenarum,
1395 4334 1433 4387 ut

282 4427 428 4504 Athena,
452 4446 538 4509 quae
560 4436 611 4491 est
635 4427 795 4501 Minerva,
812 4447 873 4509 pro
899 4424 973 4488 Dea
991 4426 1173 4502 coleretur;
1197 4438 1231 4491 et
1252 4427 1304 4490 hic
1324 4427 1431 4509 philo-

281 4531 406 4616 sophus
421 4552 488 4595 non
504 4540 616 4614 potest
631 4552 710 4605 esse,
726 4530 782 4612 qui
798 4550 860 4613 pro
877 4528 952 4592 Deo
969 4529 1134 4612 Delphico
1149 4530 1328 4594 colebatur.
1363 4527 1432 4594 Sed

741 4683 749 4713 ¹
769 4683 876 4733 omitted
886 4683 914 4732 in
925 4683 950 4744 J.

327 4777 409 4828 vot.
427 4778 450 4828 1.
852 4776 875 4826 F.
