3575 5375
638 635 806 694 CAUSAE
830 634 1029 694 ERRORIS.
1368 652 1404 694 21

255 800 389 878 valebit,
419 805 525 867 donec
554 803 778 868 Antichristus
803 816 836 869 et
861 804 933 886 ejus
958 814 1142 887 appareant
1169 825 1406 887 praecursores.

256 905 346 969 Nam
369 928 500 991 semper
517 909 650 971 bonitas
675 908 739 972 Dei
760 920 811 973 est
834 917 951 992 parata
970 910 1152 993 sapientiae
1175 912 1299 973 donum
1325 932 1406 994 aug-

256 1019 404 1075 mentare
431 1034 490 1095 per
519 1012 766 1095 subsequentes,
793 1023 827 1077 et
860 1013 1132 1097 subsequentium
1162 1016 1342 1080 sententias
1372 1017 1405 1078 in

256 1115 373 1179 melius
389 1116 633 1181 transformare.

683 1396 908 1461 cisinianum
932 1396 976 1459 X.

299 1563 477 1629 Caeterum
496 1567 564 1631 duo
587 1575 665 1630 sunt
687 1566 741 1630 hic
759 1567 975 1645 discutienda,
990 1566 1153 1645 videlicet,
1172 1580 1404 1653 praesumptae
1417 1580 1569 1630 Twohoeds

253 1667 410 1734 scientiae
446 1670 636 1748 ostentatio,
669 1680 703 1734 et
741 1670 914 1735 excusatio
952 1671 1158 1754 ignorantiae
1195 1672 1402 1739 infructuosa.
1416 1645 1502 1763 222¹?
1516 1727 1557 1761 ex-

255 1772 393 1856 Propter
422 1774 566 1857 primum
596 1775 756 1839 debemus
789 1776 961 1840 advertere
991 1776 1175 1860 diligenter,
1205 1778 1294 1860 quod
1326 1799 1402 1841 cum
1416 1794 1449 1891 ’ᾗ
1467 1780 1561 1827 ennon

252 1876 399 1942 infinitae
421 1889 498 1943 sunt
516 1880 674 1945 veritates
692 1880 831 1945 Domini
849 1892 883 1945 et
901 1890 1133 1959 creaturarum,
1149 1892 1251 1964 atque
1269 1884 1300 1946 in
1319 1904 1402 1966 qua·
1416 1858 1538 2023 stupf-w

253 1981 334 2046 libet
354 1992 431 2047 sunt
451 1984 575 2067 gradus
597 1984 859 2061 innumerabiles,
874 1996 1008 2067 oportet
1027 1986 1117 2069 quod
1136 2005 1242 2067 pauca
1259 1987 1403 2051 sciantur
1415 1976 1549 2089 {pihffssl

251 2106 273 2149 a
287 2088 444 2168 quolibet,
460 2097 494 2152 et
509 2089 586 2152 ideo
600 2090 643 2152 de
661 2087 874 2152 multitudine
895 2089 1051 2153 scitorum
1069 2108 1136 2153 non
1156 2101 1289 2174 oportet
1310 2092 1401 2173 quic·
1414 2057 1494 2157 sucin

253 2210 353 2272 quam
369 2191 513 2275 gloriari.
547 2192 681 2255 Etcum
698 2191 883 2257 intellectus
896 2204 1008 2256 noster
1020 2214 1055 2256 se
1070 2191 1171 2256 habet
1183 2194 1226 2257 ad
1244 2196 1403 2275 maxima,

253 2295 338 2358 sicut
355 2294 469 2359 oculus
487 2295 731 2378 vespertilionis
749 2297 793 2359 ad
817 2296 929 2359 lumen
949 2296 1036 2371 solis,
1054 2307 1091 2361 ut
1111 2297 1202 2379 prius
1222 2299 1402 2362 secundum

252 2398 498 2484 philosophiam
525 2400 705 2483 allegatum
733 2410 794 2478 est,
817 2409 950 2482 oportet
975 2400 1066 2482 quod
1093 2401 1159 2465 sint
1190 2422 1291 2485 parva
1320 2423 1405 2485 quae

252 2504 411 2569 veraciter
437 2504 600 2582 sciamus;
633 2525 711 2568 nam
738 2524 799 2587 pro
822 2513 913 2568 certo
936 2503 992 2567 ubi
1015 2504 1201 2568 intellectus
1229 2516 1340 2570 noster
1362 2508 1405 2571 de

251 2608 337 2671 sacili
354 2607 614 2692 comprehendit,
630 2609 710 2673 illud
725 2608 824 2672 valde
839 2609 1008 2673 modicum
1024 2618 1076 2673 est
1091 2618 1125 2673 et
1140 2609 1213 2688 vile,
1229 2620 1263 2674 et
1278 2622 1404 2695 quanto

252 2734 328 2777 cum
349 2715 467 2798 majori
488 2714 682 2779 difficultate
704 2715 879 2794 intellexit,
893 2725 989 2780 tanto
1011 2725 1061 2779 est
1079 2716 1221 2779 nobilius
1238 2719 1326 2800 quod
1342 2719 1402 2781 ad·

253 2819 402 2901 quiritur.
449 2818 516 2884 Sed
537 2829 651 2883 tamen
673 2840 772 2883 omne
794 2820 829 2884 id
852 2840 952 2902 super
969 2822 1060 2903 quod
1082 2830 1194 2904 potest
1217 2821 1402 2887 intellectus

252 2932 374 3002 noster,
395 2934 434 2988 ut
459 2923 623 3008 intelligat
645 2934 680 2990 et
703 2925 795 3004 sciat,
817 2934 950 3007 oportet
972 2926 1064 3008 quod
1088 2926 1132 2990 sit
1155 2926 1328 3010 indignum
1354 2946 1404 2989 re·

251 3039 367 3112 spectu
393 3049 518 3106 eorum,
539 3030 582 3094 ad
605 3049 691 3112 quae
715 3030 749 3093 in
772 3029 934 3112 principio
956 3031 1122 3095 credenda
1145 3052 1205 3094 sua
1230 3030 1402 3095 debilitate

251 3134 425 3217 obligetur,
442 3135 526 3197 sicut
541 3144 619 3197 sunt
633 3134 766 3198 divinae
781 3135 937 3198 veritates
951 3142 985 3196 et
1001 3133 1107 3198 multa
1120 3145 1244 3197 secreta
1264 3125 1419 3197 naturae*

250 3246 285 3302 et
311 3239 391 3301 artis
414 3238 611 3321 complentis
634 3247 794 3317 naturam,
817 3239 859 3300 de
883 3237 1006 3319 quibus
1031 3237 1122 3300 nulla
1146 3238 1231 3301 ratio
1254 3237 1402 3301 humana

250 3342 321 3406 dari
342 3352 452 3427 potest
474 3343 506 3405 in
529 3342 709 3426 principi03
732 3342 791 3405 sed
812 3351 944 3425 oportet
965 3343 1057 3423 quod
1079 3361 1139 3423 per
1162 3341 1401 3424 experientiam

250 3446 500 3511 illuminationis
521 3446 684 3510 interioris
707 3467 728 3509 a
751 3446 826 3510 Deo
853 3445 985 3529 recipiat
1012 3445 1224 3524 intellectum,
1247 3443 1401 3510 videlicet

250 3551 284 3614 in
306 3551 407 3615 sacris
428 3550 625 3615 veritatibus
651 3550 777 3632 gratiae
799 3559 833 3613 et
855 3549 989 3632 gloriae,
1011 3559 1046 3613 et
1072 3569 1131 3632 per
1157 3549 1398 3632 experientiam

248 3654 437 3720 sensibilem
460 3655 495 3718 in
516 3655 642 3719 areanis
665 3665 805 3719 naturae
824 3665 859 3719 et
881 3655 960 3719 artis
983 3653 1235 3736 expergefactus
1257 3655 1400 3720 inveniat

249 3760 419 3824 rationem.

293 3863 338 3928 Et
365 3863 475 3928 adhuc
501 3863 629 3927 minora
654 3872 731 3927 sunt
757 3861 857 3946 longe
880 3882 966 3945 quae
991 3863 1165 3939 credimus,
1185 3883 1286 3945 quam
1313 3879 1505 3946 quaePenect

248 3967 449 4051 ignoramus,
473 3968 556 4031 sicut
578 3975 657 4029 sunt
679 3976 806 4030 secreta
830 3967 906 4042 Dei,
927 3976 962 4030 et
984 3986 1105 4030 arcana
1125 3967 1213 4030 vitae
1237 3947 1559 4063 aetemae,¹‘uss2,⁸{}ffif³⁶

247 4091 333 4154 quae
359 4080 527 4152 utcunque
553 4070 635 4133 vidit
660 4069 859 4153 Apostolus,
885 4071 929 4133 ad
956 4070 1090 4133 tertium
1117 4069 1247 4134 coelum
1277 4081 1398 4155 raptus,
1412 4078 1513 4142 ableby

247 4175 396 4239 nesciens
418 4183 528 4237 utrum
552 4175 585 4237 in
607 4193 744 4256 corpore
758 4173 811 4236 vel
831 4183 929 4238 extra
949 4193 1076 4255 corpus,
1093 4193 1178 4256 quae
1198 4184 1292 4239 tanta
1312 4187 1399 4255 sunt,
1412 4160 1478 4193 man.

248 4288 285 4342 ut
311 4299 377 4342 non
407 4278 507 4343 liceat
532 4277 657 4342 homini
685 4278 774 4361 loqui
800 4278 842 4341 de
872 4277 947 4340 illis.
993 4277 1039 4341 Et
1065 4277 1217 4342 similiter
1243 4279 1275 4342 in
1303 4282 1400 4344 rebus

247 4383 390 4462 creatis3
426 4402 505 4446 nam
535 4383 580 4446 ob
619 4401 772 4465 magnam
811 4381 1001 4448 intellectus
1037 4382 1141 4445 nostri
1170 4383 1398 4448 difficultatem

247 4497 373 4552 certum
389 4497 449 4564 est,
464 4496 644 4569 antequam
660 4487 815 4551 videatur
829 4487 924 4551 Deus
939 4485 1021 4550 facie
1037 4488 1080 4551 ad
1095 4485 1212 4550 laciem
1228 4507 1399 4570 nunquam

246 4590 349 4656 bomo
375 4592 457 4657 sciet
482 4591 608 4673 aliquid
637 4591 669 4653 in
696 4590 762 4655 fine
787 4590 1002 4656 certitudinis.
1048 4590 1094 4655 Et
1125 4593 1152 4654 si
1182 4611 1242 4674 per
1271 4590 1398 4655 infinita

247 4695 434 4762 seculorum
464 4694 576 4760 secula
602 4695 727 4760 viveret
758 4695 790 4759 in
822 4696 885 4759 hac
916 4696 1127 4770 mortalitate,
1155 4713 1325 4777 nunquam
1355 4695 1399 4760 ad
