3575 5375
365 635 408 696 24
597 618 753 677 OPERIS
778 616 966 687 MAIORIS
991 614 1106 674 PARS
1132 614 1280 673 PRIMA.

197 821 285 870 usurps
293 804 335 855 the
368 798 475 856 estet
499 790 625 874 puritas
648 789 803 865 malitiae,
825 787 947 852 deinde
974 786 1179 869 ignorantiae
1205 784 1378 869 turpitudo
1404 786 1521 850 crescit

197 869 354 1001 ffissgge.
368 894 477 977 magis
498 904 532 957 et
554 894 673 957 clarius
696 891 867 956 revelatur.
914 892 1040 956 Crescit
1061 890 1204 973 quidem,
1219 891 1299 972 quia
1320 890 1435 953 nititur
1450 909 1471 952 a
1486 909 1522 953 se

249 997 258 1009 ’
367 1009 402 1064 et
422 999 465 1062 ab
486 997 559 1061 aliis
580 997 757 1060 excludere
780 996 997 1080 sapientiam3
1021 994 1167 1078 apertius
1187 994 1322 1076 quidem
1347 992 1522 1071 revelatur,

367 1102 525 1186 quoniam
548 1121 659 1165 coram
685 1101 759 1164 Deo
782 1110 816 1163 et
840 1096 1053 1163 hominibusl
1075 1098 1236 1161 veraciter
1261 1096 1436 1162 innotescit
1458 1095 1522 1159 hoc

366 1207 550 1271 secundum
564 1205 725 1287 judicium
741 1204 850 1268 omnis
865 1202 1023 1286 sapientis
1036 1223 1044 1279 ;
1067 1222 1149 1285 ergo
1164 1222 1238 1268 cum
1252 1200 1359 1283 judex
1371 1210 1523 1265 teneatur

368 1311 492 1375 habere
515 1308 686 1373 scientiam
709 1327 838 1385 causae,
862 1327 926 1371 non
953 1306 1055 1369 habet
1078 1306 1180 1370 homo
1202 1306 1356 1388 ignorans
1379 1305 1523 1369 auctori·

367 1424 473 1478 tatem
493 1412 663 1495 judicandi
686 1412 729 1475 de
750 1412 801 1475 his
819 1431 960 1494 quorum
979 1411 1080 1473 habet
1097 1411 1329 1493 ignorantiam.
1376 1410 1422 1472 Et
1446 1408 1523 1472 ideo

368 1520 395 1581 si
412 1520 454 1582 de
470 1518 534 1581 illis
548 1518 688 1581 affirmet
700 1516 752 1580 vel
767 1525 877 1597 neget,
887 1515 960 1597 ejus
972 1515 1099 1597 judicio
1114 1516 1192 1577 stari
1209 1535 1275 1578 non
1292 1513 1403 1589 debet,
1419 1514 1523 1576 immo

369 1644 412 1687 ex
428 1621 492 1685 hoc
508 1620 737 1685 vehementius
753 1620 982 1693 resistendum,
998 1619 1088 1701 quod
1109 1618 1274 1682 sententia
1288 1617 1524 1700 qualiscunque

370 1725 492 1791 seratur
519 1747 563 1789 ex
590 1724 776 1807 ignorantia
799 1745 839 1788 ea
865 1724 1098 1787 auctoritatem
1128 1742 1192 1785 non
1220 1723 1341 1786 habet:
1370 1721 1471 1785 Unde
1495 1720 1524 1784 si

370 1850 485 1893 verum
507 1830 640 1906 diceret,
662 1827 839 1892 verisimile
867 1846 935 1889 non
962 1837 1057 1892 esset.
1104 1827 1203 1903 Nam,
1225 1836 1262 1889 ut
1288 1826 1369 1891 dicit
1396 1824 1526 1889 Seneca

370 1934 454 1998 libro
480 1935 524 1998 de
546 1933 726 1997 virtutibus
756 1932 991 2005 cardinalibus,
1015 1928 1140 1995 nullam
1168 1930 1397 1995 auctoritatem
1422 1927 1526 1991 habet

371 2039 543 2115 sententia,
565 2039 622 2102 ubi
644 2038 701 2120 qui
724 2035 934 2100 damnandus
956 2043 1006 2097 est
1029 2035 1175 2098 damnat.
1221 2033 1436 2117 Quapropter
1456 2032 1526 2095 sive

370 2143 538 2226 sapientes
561 2142 649 2224 apud
672 2140 819 2222 vulgum,
837 2158 895 2202 seu
919 2138 1101 2219 secundum
1118 2137 1300 2215 veritatem,
1318 2138 1388 2201 sive
1408 2137 1525 2207 bonus,

371 2248 438 2310 sive
462 2256 594 2310 sanctus
618 2243 760 2308 affirmet
783 2243 834 2306 vel
859 2242 1014 2324 reprobet
1037 2242 1126 2323 quod
1155 2242 1294 2323 ignoret,
1317 2251 1351 2305 et
1378 2240 1526 2303 maxime

371 2352 405 2413 in
428 2348 643 2415 excusatione
665 2369 745 2411 suae
771 2347 990 2430 ignorantiae,
1012 2345 1064 2409 vel
1092 2344 1317 2410 ostentatione
1343 2344 1527 2427 sapientiae

370 2453 570 2537 apparentis,
585 2451 761 2536 approbari
784 2469 852 2513 non
872 2450 975 2514 debet
995 2468 1039 2511 ex
1061 2448 1125 2513 hac
1148 2460 1250 2532 parte,
1267 2448 1325 2511 sed
1348 2446 1471 2530 negligi
1492 2455 1526 2511 et

371 2557 561 2631 contradici,
576 2556 728 2638 quamvis
744 2576 788 2618 ex
803 2553 877 2618 aliis
891 2553 989 2617 luerit
1005 2553 1179 2636 magnifice
1194 2552 1442 2617 collaudandus.

710 2765 715 2773 .
787 2811 1012 2878 cirrruruu
1036 2811 1118 2875 XlI.

206 2977 363 3042 Knowledge
421 2959 520 3023 Hanc
531 2980 609 3024 vero
625 2979 758 3024 causam
770 2955 932 3024 malorum
949 2969 1137 3023 nostrorum
1150 2978 1224 3022 curn
1241 2957 1314 3022 aliis
1325 2959 1433 3022 tribus
1449 2959 1526 3022 ideo

205 3047 363 3159 ssgffissow
376 3064 563 3146 specialiter
580 3065 760 3144 introduxi,
774 3073 812 3128 ut
826 3065 976 3128 sciamus·
988 3083 1086 3140 nunc,
1100 3063 1185 3127 sicut
1201 3063 1232 3126 in
1254 3064 1424 3128 retroactis
1443 3073 1529 3127 tem-

205 3175 352 3240 neglected:
378 3169 522 3252 poribus,
549 3168 655 3234 multa
681 3189 767 3251 quae
795 3177 873 3233 sunt
898 3167 1073 3231 utilissima
1102 3176 1137 3232 et
1162 3168 1299 3233 omnino
1333 3169 1531 3246 necessaria,

206 3258 305 3357 {iffi
378 3274 489 3338 studio
519 3273 671 3337 absolute
698 3273 909 3337 considerato
941 3281 974 3337 et
1001 3282 1144 3354 quatuor
1173 3271 1281 3335 modis
1308 3272 1410 3336 relate
1437 3292 1530 3354 prae·

207 3374 303 3422 “¹²¹¹OE
377 3380 485 3453 tactis,
502 3381 614 3462 negari
629 3378 754 3462 negligi
775 3389 810 3441 et
825 3398 870 3441 ex
891 3377 962 3440 sola
979 3377 1166 3460 ignorantia
1184 3377 1360 3458 reprobari.
1407 3376 1454 3441 Et
1469 3397 1530 3459 pro

377 3482 513 3547 infinitis
525 3482 624 3547 latius
635 3482 845 3566 explicandis
856 3483 1020 3564 posterius
1035 3482 1068 3545 in
1083 3480 1221 3564 singulis
1237 3482 1387 3563 partibus
1399 3482 1530 3563 sapien-

375 3587 451 3665 tiae,
462 3587 540 3651 volo
555 3607 643 3650 nunc
658 3587 770 3669 aliqua
784 3594 882 3650 extra
897 3585 1111 3668 praemittere
1126 3585 1299 3667 grossiora.
1339 3582 1425 3648 Cum
1442 3585 1530 3648 enim

375 3689 562 3772 linguarum
584 3689 732 3770 cognitio
757 3698 792 3753 et
815 3689 1076 3754 Mathematicae
1096 3697 1147 3752 est
1174 3689 1322 3752 maxime
1349 3689 1532 3754 necessaria

377 3794 489 3856 studio
514 3792 717 3869 Latinorum,
733 3802 770 3856 ut
792 3802 919 3857 tactum
943 3802 994 3856 est
1015 3795 1175 3875 superius,
1190 3802 1223 3856 et
1246 3803 1436 3876 exponetur
1455 3792 1532 3858 loco

378 3907 578 3978 opportuno,
594 3905 627 3959 et
647 3896 707 3959 luit
723 3897 870 3979 praecise
890 3897 923 3959 in
940 3918 1000 3961 usu
1016 3906 1207 3960 sanctorum
1223 3907 1257 3961 et
1273 3898 1423 3960 omnium
1442 3897 1531 3979 sapi·

378 4009 491 4062 entum
514 4001 736 4080 antiquorum,
756 4019 818 4062 nos
841 3999 991 4063 moderni
1015 4000 1222 4083 negligimus,
1246 3999 1478 4077 adnihilamus,
1498 4009 1532 4064 et

377 4103 603 4186 reprobamus,
619 4102 697 4185 quia
712 4104 776 4167 ista
790 4112 825 4167 et
840 4122 955 4166 eorum
974 4103 1152 4167 utilitatem
1168 4103 1342 4168 nescimus.
1391 4104 1534 4183 Deinde,

379 4206 408 4269 si
433 4206 536 4289 aliqui
562 4208 728 4289 sapientes
758 4217 792 4270 et
822 4207 929 4271 sancti
955 4206 1021 4271 alia
1050 4206 1270 4289 neglexerunt
1300 4218 1358 4271 aut
1387 4207 1535 4273 humana

380 4309 559 4394 fragilitate
589 4311 710 4373 devicti
740 4319 798 4374 aut
827 4331 872 4374 ex
899 4331 998 4374 causa
1032 4310 1229 4390 rationabili,
1259 4332 1320 4374 nos
1351 4313 1535 4396 praesentis

380 4416 542 4497 temporis
560 4415 725 4478 obstinate
745 4424 780 4477 et
798 4413 1009 4497 pertinaciter
1030 4415 1229 4498 negligimus
1253 4424 1287 4478 et
1308 4416 1535 4498 reprobamus

285 4513 290 4520 ’
380 4517 594 4583 fortificantes
613 4529 759 4583 nostram
783 4518 1004 4600 ignorantiam
1024 4530 1160 4602 propter
1180 4518 1244 4585 hoc
1266 4520 1356 4603 quod
1375 4521 1483 4585 sancti
1502 4531 1536 4585 et

741 4635 805 4686 ²sic
818 4636 850 4686 O.
882 4635 917 4702 J.,
930 4637 1047 4686 omnibus
1058 4637 1164 4688 sanctis.
