3575 5375
376 634 435 681 100
591 620 749 681 OPERIS
772 621 962 693 MAJORIS
986 622 1101 682 PARS
1126 622 1308 696 QUARTA.

374 784 446 867 ejus
457 785 489 849 in
500 804 607 867 prosa,
620 795 654 850 et
670 796 787 864 metro,
800 796 834 850 et
846 786 1013 869 rhythmo,
1026 786 1237 851 nihilominus
1250 798 1362 852 tamen
1374 787 1439 852 hoc
1452 787 1534 853 facit

376 890 555 975 pueriliter,
579 902 613 954 et
637 911 697 973 per
718 890 806 953 viam
834 891 1039 969 narrationis,
1063 911 1128 954 non
1152 912 1212 975 per
1241 912 1367 969 causas,
1390 912 1451 956 nec
1473 912 1535 974 per

380 994 531 1059 rationes
592 994 683 1058 Nam
713 994 848 1059 alterius
877 994 1031 1059 scientiae
1061 1004 1113 1059 est
1150 997 1230 1061 dare
1259 1015 1375 1060 causas
1404 995 1536 1073 horum,

379 1099 504 1163 scilicet
520 1097 616 1172 illius,
632 1118 718 1180 quae
732 1118 852 1163 vocum
867 1107 1019 1163 naturam
1035 1099 1181 1180 plenarie
1199 1100 1302 1164 habet
1317 1101 1535 1174 considerare,

379 1213 413 1268 et
433 1203 516 1267 haec
534 1202 605 1267 sola
622 1214 673 1267 est
696 1204 831 1278 musica,
847 1203 942 1285 cujus
965 1203 1091 1287 species
1112 1213 1146 1267 et
1169 1214 1280 1286 partes
1300 1204 1425 1269 multae
1448 1216 1534 1269 sunt.

372 1307 470 1371 Nam
494 1328 560 1373 una
590 1316 641 1372 est
671 1308 831 1391 prosaica,
853 1317 887 1372 et
913 1306 1018 1371 altera
1050 1318 1101 1372 est
1132 1312 1270 1373 metrica
1299 1320 1334 1374 et
1364 1311 1463 1375 tertia
1484 1318 1536 1375 est

380 1412 578 1495 rhythmica,
602 1422 637 1477 et
662 1422 781 1496 quarta
810 1422 862 1476 est
887 1412 1006 1477 melica
1033 1414 1066 1475 in
1091 1422 1200 1477 cantu.
1257 1414 1304 1478 Et
1322 1426 1452 1497 praeter
1474 1414 1536 1478 has

380 1515 482 1581 habet
498 1516 620 1598 plures.
666 1515 713 1580 Et
727 1516 879 1599 prosaica
893 1518 992 1582 docet
1008 1537 1123 1581 causas
1143 1518 1291 1581 omnium
1311 1519 1536 1582 elevationum

279 1660 283 1666 ·
379 1639 499 1684 vocum
516 1621 549 1683 in
566 1639 673 1703 prosa,
685 1621 869 1684 secundum
884 1630 1080 1685 accentuum
1092 1620 1294 1686 differentias
1305 1632 1339 1687 et
1355 1622 1535 1686 secundum

374 1722 452 1787 ¹cola
468 1734 502 1787 et
514 1735 683 1789 commata
695 1734 729 1789 et
744 1723 898 1806 periodos
915 1734 949 1789 et
964 1723 1155 1806 hujusmodi
1166 1723 1187 1787 ¹.
1234 1724 1280 1788 Et
1289 1725 1427 1790 metrica
1437 1726 1537 1789 docet

381 1848 497 1893 omnes
513 1829 658 1894 rationes
673 1838 707 1891 et
721 1848 839 1892 causas
854 1828 978 1910 pedum
998 1837 1031 1892 et
1050 1839 1241 1893 metrorum.
1287 1828 1333 1893 Et
1350 1829 1537 1911 rhythmica

381 1932 425 1997 de
439 1934 529 1996 omui
545 1932 772 1997 modulatione
787 1944 821 1997 et
837 1934 1050 2017 proportione
1069 1934 1161 1997 suavi
1180 1933 1412 2015 rhythmorum
1428 1934 1538 2008 docet,

372 2038 460 2119 quia
478 2038 589 2101 omnia
605 2038 668 2101 ista
684 2046 761 2101 sunt
778 2037 942 2120 quaedam
964 2056 1085 2119 genera
1105 2047 1231 2115 cantus,
1246 2036 1323 2101 licet
1344 2057 1410 2100 non
1432 2038 1479 2102 sic
1500 2048 1538 2102 ut

382 2139 416 2204 in
446 2152 544 2205 cantu
576 2140 692 2205 usuali.
747 2142 834 2205 Nam
864 2151 1021 2205 accentus
1047 2141 1169 2205 dicitur
1190 2141 1285 2223 quasi
1307 2152 1472 2221 accantus,
1495 2142 1538 2206 de

380 2242 500 2317 accr'rzo,
529 2240 659 2305 accinis.
721 2241 822 2306 Unde
859 2242 903 2305 ad
938 2241 1098 2304 musicam
1128 2242 1296 2321 pertinent
1325 2242 1409 2305 sicut
1439 2242 1538 2306 docet

373 2341 602 2409 Cassiodorus
624 2345 657 2407 in
676 2347 813 2420 musica,
831 2354 866 2409 et
886 2344 1087 2410 Censorinus
1109 2344 1140 2407 in
1162 2343 1252 2409 libris
1275 2346 1317 2407 de
1337 2355 1486 2422 accentu,
1504 2354 1538 2409 et

381 2448 429 2512 sic
447 2448 490 2511 de
513 2448 596 2513 aliis.
643 2448 719 2512 Hoc
742 2458 855 2513 autem
879 2458 1044 2513 testantur
1067 2457 1218 2512 auctores
1240 2450 1395 2524 musicae,
1410 2458 1444 2513 et
1463 2449 1537 2513 libri

382 2553 426 2616 de
456 2552 512 2616 illa
543 2554 689 2617 scientia.
736 2553 781 2617 Et
807 2552 858 2615 his
882 2555 1065 2617 concordat
1082 2552 1308 2634 Alpharabius
1331 2555 1365 2617 in
1387 2553 1472 2618 libro
1496 2555 1539 2618 de

383 2656 544 2722 divisione
559 2657 776 2722 scientiarum
824 2656 917 2740 Ergo
938 2658 1156 2743 grammatica
1179 2657 1345 2740 dependet
1365 2657 1540 2722 causaliter

381 2781 427 2824 ex
442 2762 574 2826 musica

427 2864 558 2929 Eodem
584 2867 687 2930 modo
712 2866 830 2950 logica.
876 2867 965 2930 Nam
996 2866 1068 2930 finis
1098 2867 1225 2950 logicae
1255 2875 1305 2931 est
1338 2867 1538 2951 compositio

383 2979 655 3052 argumentorum
677 2991 764 3052 quae
783 2982 918 3035 movent
941 2971 1142 3037 intellectum
1165 2972 1347 3053 practicum
1370 2971 1414 3035 ad
1438 2970 1537 3036 fidem

384 3082 419 3138 et
444 3094 590 3137 amorem
616 3074 747 3139 virtutis
774 3084 808 3138 et
834 3074 998 3140 felicitatis
1028 3075 1165 3152 futurae,
1191 3085 1226 3138 ut
1253 3075 1341 3157 prius
1368 3086 1538 3140 ostensum

383 3188 444 3258 est,
458 3199 544 3261 quae
559 3189 756 3260 argumenta
771 3180 948 3244 traduntur
963 3183 996 3244 in
1012 3180 1099 3244 libris
1113 3179 1302 3245 Aristotelis
1317 3179 1360 3244 de
1375 3179 1426 3243 his
1442 3199 1538 3262 argu·

377 3284 515 3359 mentis,
530 3292 566 3347 ut
582 3284 785 3348 declaratum
801 3296 861 3348 est
908 3284 976 3350 Sed
1000 3285 1081 3350 haec
1101 3295 1296 3366 argumenta
1318 3285 1443 3348 debent
1466 3305 1540 3348 esse

383 3387 415 3449 in
433 3387 498 3452 fine
513 3387 774 3471 pulchritudinis,
785 3399 822 3454 ut
838 3389 987 3473 rapiatur
1001 3390 1131 3453 animus
1145 3388 1285 3452 hominis
1300 3389 1342 3452 ad
1354 3387 1540 3452 salutiferas

383 3493 541 3557 veritates
561 3493 672 3557 subito
690 3503 724 3557 et
747 3494 818 3558 sine
840 3495 1057 3575 praevisione,
1075 3504 1111 3556 ut
1134 3493 1272 3557 docetur
1294 3492 1327 3555 in
1350 3492 1414 3555 illis
1438 3493 1538 3557 libris.

386 3596 433 3660 Et
444 3596 694 3678 Alpharabius²
710 3597 773 3660 hoc
788 3599 888 3661 docet
900 3598 1049 3662 maxime
1062 3599 1104 3660 de
1117 3597 1257 3679 poetico,
1266 3596 1360 3678 cujus
1371 3617 1540 3660 sermones

417 3781 425 3809 ¹
445 3783 498 3831 For
518 3799 534 3832 a
557 3783 632 3832 fuller
653 3785 799 3834 discussion
822 3784 851 3833 of
870 3786 1046 3847 punctuation,
1070 3794 1160 3846 metre,
1185 3785 1238 3834 and
1261 3784 1374 3846 rhythm,
1397 3799 1443 3834 see
1468 3784 1541 3848 Opus

389 3859 511 3922 renium,
522 3862 562 3910 ch.
575 3864 665 3910 oaand
677 3865 719 3924 63.

417 3938 427 3966 ²
443 3939 501 3988 Abu
514 3940 582 3988 Nasr
592 3940 756 3990 Muhammed
767 3941 811 3990 ibn
826 3941 989 3991 lluhammed
1006 3942 1056 3990 ben
1069 3941 1185 3990 'sarchan
1199 3941 1248 3990 ben
1262 3940 1378 4002 Auzelag
1396 3939 1420 3989 el
1438 3937 1540 3999 Farribl,

385 4018 482 4067 known
497 4019 523 4067 in
539 4020 585 4068 the
596 4019 719 4068 Western
731 4021 816 4069 world
832 4036 862 4069 as
875 4020 1056 4083 Alpharabius,
1070 4035 1126 4068 was
1143 4019 1209 4067 born
1224 4035 1250 4068 Α.
1259 4034 1285 4069 o.
1298 4021 1348 4080 870
1364 4019 1390 4066 ln
1408 4020 1454 4068 the
1467 4026 1539 4068 town

386 4095 416 4145 of
430 4096 511 4145 Farab
523 4097 689 4159 (afterwards
707 4099 787 4147 called
806 4099 894 4160 Otrar)
908 4100 934 4146 in
947 4099 1101 4157 Turhestan,
1114 4097 1165 4146 and
1178 4098 1199 4146 is
1211 4112 1262 4145 one
1276 4095 1306 4144 of
1320 4112 1399 4158 many
1410 4097 1540 4146 instances

385 4176 496 4238 proving
507 4173 563 4224 that
576 4175 772 4225 llahommedan
785 4179 904 4239 learning
915 4177 942 4225 in
955 4177 1000 4225 the
1013 4175 1111 4225 Middle
1123 4176 1195 4238 Ages
1207 4191 1262 4224 was
1281 4183 1327 4224 not
1343 4176 1442 4224 limited
1455 4183 1483 4224 to
1494 4175 1541 4224 the

386 4254 456 4302 Arab
468 4270 536 4303 racc.
571 4254 614 4302 He
625 4271 682 4303 was
693 4256 814 4317 ignorant
825 4256 855 4304 of
862 4256 956 4304 Arabic
968 4256 1007 4304 till
1018 4255 1051 4304 he
1062 4271 1134 4304 came
1146 4263 1172 4303 to
1186 4255 1293 4316 Bagdad
1305 4254 1345 4303 for
1357 4254 1402 4303 the
1413 4269 1542 4316 purposes

386 4334 416 4382 of
425 4335 512 4394 study.
546 4333 651 4395 Having
663 4335 784 4394 acquired
801 4335 820 4382 it
836 4335 869 4383 he
881 4335 987 4384 became
1005 4349 1057 4382 one
1072 4333 1102 4381 of
1116 4333 1161 4381 the
1175 4341 1243 4381 most
1259 4332 1364 4382 zealous
1380 4333 1501 4381 studeuts
1515 4332 1546 4382 of

384 4411 519 4472 Aristotle,
532 4412 656 4474 devoting
671 4413 777 4461 himself
788 4414 914 4474 specially
932 4421 959 4461 to
977 4413 1022 4461 the
1038 4412 1142 4474 Plrya'cs
1158 4412 1210 4460 and
1226 4411 1271 4459 the
1288 4411 1327 4458 Dr
1343 4411 1451 4459 Ansina.
1485 4409 1543 4459 The

385 4493 464 4542 latter
474 4499 532 4554 part
543 4490 574 4540 of
587 4491 628 4540 his
641 4490 685 4539 life
696 4507 752 4540 was
768 4501 846 4552 spent
861 4491 888 4540 in
909 4492 1059 4550 Damascus,
1073 4491 1163 4540 where
1176 4489 1210 4538 he
1229 4489 1289 4538 died
1308 4489 1334 4536 ln
1350 4503 1401 4550 95⁰
1412 4503 1472 4538 ruo.
1506 4488 1546 4537 Of

385 4571 427 4620 his
444 4571 553 4634 original
570 4571 658 4620 works
671 4571 715 4620 the
729 4578 797 4618 most
813 4571 955 4632 important
970 4585 1024 4618 was
1040 4569 1115 4617 Liber
1127 4567 1157 4616 de
1172 4568 1425 4629 maurorumque
1436 4582 1544 4614 numero

382 4651 698 4718 panduserpmsranrru.
730 4649 793 4698 This
804 4650 880 4700 work
891 4665 947 4698 was
965 4647 1108 4698 translated
1123 4647 1158 4710 by
1172 4646 1325 4695 Dominicus
1342 4645 1501 4704 Gundisalvi,
1515 4652 1543 4697 at
