<?xml version="1.0" encoding="UTF-8"?>
<!DOCTYPE html PUBLIC "-//W3C//DTD XHTML 1.0 Transitional//EN"
    "http://www.w3.org/TR/xhtml1/DTD/xhtml1-transitional.dtd">
<html xmlns="http://www.w3.org/1999/xhtml" xml:lang="en" lang="en">
 <head>
  <title>
</title>
<meta http-equiv="Content-Type" content="text/html;charset=utf-8" />
  <meta name='ocr-system' content='tesseract 3.04.00' />
  <meta name='ocr-capabilities' content='ocr_page ocr_carea ocr_par ocr_line ocrx_word'/>
</head>
<body>
  <div class='ocr_page' id='page_1' title='image "./opusmajusrogerb01bridgoog/opusmajusrogerb01bridgoog_0233.png"; bbox 0 0 3575 5375; ppageno 0'>
   <div class='ocr_carea' id='block_1_1' title="bbox 389 600 1340 681">
    <p class='ocr_par' dir='ltr' id='par_1_1' title="bbox 389 600 1340 681">
     <span class='ocr_line' id='line_1_1' title="bbox 389 600 1340 681; baseline -0.003 -19"><span class='ocrx_word' id='word_1_1' title='bbox 389 602 431 681; x_wconf 80' lang='grc'>36</span> <span class='ocrx_word' id='word_1_2' title='bbox 597 604 752 662; x_wconf 85' lang='lat' dir='ltr'><em>OPERIS</em></span> <span class='ocrx_word' id='word_1_3' title='bbox 776 601 966 673; x_wconf 79' lang='lat' dir='ltr'><em>MAJORIS</em></span> <span class='ocrx_word' id='word_1_4' title='bbox 991 600 1106 661; x_wconf 84' lang='lat' dir='ltr'><em>PARS</em></span> <span class='ocrx_word' id='word_1_5' title='bbox 1131 600 1340 661; x_wconf 85' lang='lat' dir='ltr'><em>SECUNDA.</em></span> 
     </span>
    </p>
   </div>
   <div class='ocr_carea' id='block_1_2' title="bbox 220 760 1550 863">
    <p class='ocr_par' dir='ltr' id='par_1_2' title="bbox 220 760 1550 863">
     <span class='ocr_line' id='line_1_2' title="bbox 220 760 1550 863; baseline -0.005 -33"><span class='ocrx_word' id='word_1_6' title='bbox 220 781 275 831; x_wconf 78' lang='lat' dir='ltr'>thar</span> <span class='ocrx_word' id='word_1_7' title='bbox 287 782 355 831; x_wconf 65' lang='lat' dir='ltr'>tneo</span> <span class='ocrx_word' id='word_1_8' title='bbox 393 776 551 850; x_wconf 84' lang='lat' dir='ltr'><strong>tanquam</strong></span> <span class='ocrx_word' id='word_1_9' title='bbox 567 766 696 849; x_wconf 91' lang='lat' dir='ltr'>injustis</span> <span class='ocrx_word' id='word_1_10' title='bbox 715 765 960 848; x_wconf 79' lang='lat' dir='ltr'>possessoribus</span> <span class='ocrx_word' id='word_1_11' title='bbox 980 784 1096 849; x_wconf 90' lang='lat' dir='ltr'>rapere</span> <span class='ocrx_word' id='word_1_12' title='bbox 1112 764 1235 829; x_wconf 88' lang='lat' dir='ltr'>debent</span> <span class='ocrx_word' id='word_1_13' title='bbox 1253 762 1430 829; x_wconf 82' lang='lat' dir='ltr'>Christiani</span> <span class='ocrx_word' id='word_1_14' title='bbox 1447 760 1550 863; x_wconf 25' lang='lat' dir='ltr'>utilia,</span> 
     </span>
    </p>
   </div>
   <div class='ocr_carea' id='block_1_3' title="bbox 219 847 1542 963">
    <p class='ocr_par' dir='ltr' id='par_1_3' title="bbox 219 847 1542 963">
     <span class='ocr_line' id='line_1_3' title="bbox 219 847 1542 963; baseline -0.008 -25"><span class='ocrx_word' id='word_1_15' title='bbox 219 847 328 963; x_wconf 54' lang='lat' dir='ltr'>&#39;ciffi</span> <span class='ocrx_word' id='word_1_16' title='bbox 392 890 479 954; x_wconf 92' lang='lat' dir='ltr'>quae</span> <span class='ocrx_word' id='word_1_17' title='bbox 497 872 530 935; x_wconf 93' lang='lat' dir='ltr'>in</span> <span class='ocrx_word' id='word_1_18' title='bbox 546 872 637 935; x_wconf 89' lang='lat' dir='ltr'>libris</span> <span class='ocrx_word' id='word_1_19' title='bbox 652 891 766 936; x_wconf 89' lang='lat' dir='ltr'>eorum</span> <span class='ocrx_word' id='word_1_20' title='bbox 781 872 1002 948; x_wconf 90' lang='lat' dir='ltr'>continentur,</span> <span class='ocrx_word' id='word_1_21' title='bbox 1017 870 1102 933; x_wconf 92' lang='lat' dir='ltr'>sicut</span> <span class='ocrx_word' id='word_1_22' title='bbox 1118 868 1198 934; x_wconf 93' lang='lat' dir='ltr'>dicit</span> <span class='ocrx_word' id='word_1_23' title='bbox 1214 869 1434 953; x_wconf 84' lang='lat' dir='ltr'>Augustinus,</span> <span class='ocrx_word' id='word_1_24' title='bbox 1450 874 1542 949; x_wconf 91' lang='lat' dir='ltr'>patet</span> 
     </span>
    </p>
   </div>
   <div class='ocr_carea' id='block_1_4' title="bbox 219 970 1541 1476">
    <p class='ocr_par' dir='ltr' id='par_1_4' title="bbox 219 970 1541 1476">
     <span class='ocr_line' id='line_1_4' title="bbox 219 970 1541 1059; baseline 0.005 -33"><span class='ocrx_word' id='word_1_25' title='bbox 219 978 379 1047; x_wconf 73' lang='lat' dir='ltr'>philosophy.</span> <span class='ocrx_word' id='word_1_26' title='bbox 391 978 481 1058; x_wconf 90' lang='lat' dir='ltr'>quod</span> <span class='ocrx_word' id='word_1_27' title='bbox 500 976 711 1059; x_wconf 87' lang='lat' dir='ltr'>philosophia</span> <span class='ocrx_word' id='word_1_28' title='bbox 729 985 780 1041; x_wconf 88' lang='lat' dir='ltr'>est</span> <span class='ocrx_word' id='word_1_29' title='bbox 802 976 968 1057; x_wconf 89' lang='lat' dir='ltr'>condigna</span> <span class='ocrx_word' id='word_1_30' title='bbox 988 993 1101 1038; x_wconf 87' lang='lat' dir='ltr'>sacrae</span> <span class='ocrx_word' id='word_1_31' title='bbox 1123 974 1262 1038; x_wconf 90' lang='lat' dir='ltr'>veritati.</span> <span class='ocrx_word' id='word_1_32' title='bbox 1310 973 1356 1037; x_wconf 92' lang='lat' dir='ltr'>Et</span> <span class='ocrx_word' id='word_1_33' title='bbox 1372 973 1491 1036; x_wconf 91' lang='lat' dir='ltr'>iterum</span> <span class='ocrx_word' id='word_1_34' title='bbox 1508 970 1541 1033; x_wconf 92' lang='lat' dir='ltr'>in</span> 
     </span>
     <span class='ocr_line' id='line_1_5' title="bbox 390 1076 1540 1160; baseline -0.004 -17"><span class='ocrx_word' id='word_1_35' title='bbox 390 1080 484 1159; x_wconf 91' lang='lat' dir='ltr'>libro,</span> <span class='ocrx_word' id='word_1_36' title='bbox 507 1081 630 1145; x_wconf 90' lang='lat' dir='ltr'>scilicet</span> <span class='ocrx_word' id='word_1_37' title='bbox 651 1082 694 1144; x_wconf 90' lang='lat' dir='ltr'>de</span> <span class='ocrx_word' id='word_1_38' title='bbox 717 1079 868 1143; x_wconf 87' lang='lat' dir='ltr'>doctrina</span> <span class='ocrx_word' id='word_1_39' title='bbox 889 1077 1022 1154; x_wconf 83' lang='lat' dir='ltr'>Christi,</span> <span class='ocrx_word' id='word_1_40' title='bbox 1045 1079 1127 1142; x_wconf 89' lang='lat' dir='ltr'>dicit</span> <span class='ocrx_word' id='word_1_41' title='bbox 1150 1080 1240 1160; x_wconf 89' lang='lat' dir='ltr'>quod</span> <span class='ocrx_word' id='word_1_42' title='bbox 1266 1076 1540 1160; x_wconf 88' lang='lat' dir='ltr'>philosophorum</span> 
     </span>
     <span class='ocr_line' id='line_1_6' title="bbox 388 1181 1541 1268; baseline -0.003 -21"><span class='ocrx_word' id='word_1_43' title='bbox 388 1204 505 1248; x_wconf 90' lang='lat' dir='ltr'>aurum</span> <span class='ocrx_word' id='word_1_44' title='bbox 522 1194 555 1248; x_wconf 93' lang='lat' dir='ltr'>et</span> <span class='ocrx_word' id='word_1_45' title='bbox 573 1194 749 1268; x_wconf 89' lang='lat' dir='ltr'>argentum</span> <span class='ocrx_word' id='word_1_46' title='bbox 767 1204 832 1248; x_wconf 92' lang='lat' dir='ltr'>non</span> <span class='ocrx_word' id='word_1_47' title='bbox 848 1185 910 1267; x_wconf 91' lang='lat' dir='ltr'>ipsi</span> <span class='ocrx_word' id='word_1_48' title='bbox 927 1184 1149 1260; x_wconf 89' lang='lat' dir='ltr'>instituerunt,</span> <span class='ocrx_word' id='word_1_49' title='bbox 1165 1184 1223 1247; x_wconf 91' lang='lat' dir='ltr'>sed</span> <span class='ocrx_word' id='word_1_50' title='bbox 1241 1185 1284 1247; x_wconf 92' lang='lat' dir='ltr'>de</span> <span class='ocrx_word' id='word_1_51' title='bbox 1307 1181 1541 1246; x_wconf 84' lang='lat' dir='ltr'>communibus</span> 
     </span>
     <span class='ocr_line' id='line_1_7' title="bbox 387 1285 1541 1372; baseline -0.003 -20"><span class='ocrx_word' id='word_1_52' title='bbox 387 1290 482 1372; x_wconf 87' lang='lat' dir='ltr'>quasi</span> <span class='ocrx_word' id='word_1_53' title='bbox 508 1288 652 1353; x_wconf 89' lang='lat' dir='ltr'>metallis</span> <span class='ocrx_word' id='word_1_54' title='bbox 674 1289 808 1352; x_wconf 91' lang='lat' dir='ltr'>divinae</span> <span class='ocrx_word' id='word_1_55' title='bbox 830 1288 1069 1371; x_wconf 89' lang='lat' dir='ltr'>providentiae,</span> <span class='ocrx_word' id='word_1_56' title='bbox 1093 1308 1179 1371; x_wconf 93' lang='lat' dir='ltr'>quae</span> <span class='ocrx_word' id='word_1_57' title='bbox 1209 1288 1331 1371; x_wconf 90' lang='lat' dir='ltr'>ubique</span> <span class='ocrx_word' id='word_1_58' title='bbox 1354 1296 1405 1351; x_wconf 90' lang='lat' dir='ltr'>est</span> <span class='ocrx_word' id='word_1_59' title='bbox 1428 1285 1541 1361; x_wconf 84' lang='lat' dir='ltr'>eflusa,</span> 
     </span>
     <span class='ocr_line' id='line_1_8' title="bbox 387 1390 1539 1476; baseline -0.004 -18"><span class='ocrx_word' id='word_1_60' title='bbox 387 1396 530 1469; x_wconf 79' lang='lat' dir='ltr'>eruitur3</span> <span class='ocrx_word' id='word_1_61' title='bbox 567 1395 658 1476; x_wconf 93' lang='lat' dir='ltr'>quod</span> <span class='ocrx_word' id='word_1_62' title='bbox 696 1392 956 1476; x_wconf 86' lang='lat' dir='ltr'>praefiguratum</span> <span class='ocrx_word' id='word_1_63' title='bbox 994 1392 1095 1457; x_wconf 89' lang='lat' dir='ltr'>luisse</span> <span class='ocrx_word' id='word_1_64' title='bbox 1126 1394 1215 1469; x_wconf 93' lang='lat' dir='ltr'>dicit,</span> <span class='ocrx_word' id='word_1_65' title='bbox 1253 1394 1336 1456; x_wconf 91' lang='lat' dir='ltr'>sicut</span> <span class='ocrx_word' id='word_1_66' title='bbox 1374 1390 1539 1474; x_wconf 87' lang='lat' dir='ltr'>Aegyptii</span> 
     </span>
    </p>
   </div>
   <div class='ocr_carea' id='block_1_5' title="bbox 257 1496 1539 4710">
    <p class='ocr_par' dir='ltr' id='par_1_5' title="bbox 257 1496 1539 4710">
     <span class='ocr_line' id='line_1_9' title="bbox 387 1496 1539 1580; baseline -0.003 -19"><span class='ocrx_word' id='word_1_67' title='bbox 387 1497 530 1563; x_wconf 83' lang='lat' dir='ltr'>fecerant</span> <span class='ocrx_word' id='word_1_68' title='bbox 546 1518 625 1561; x_wconf 88' lang='lat' dir='ltr'>vasa</span> <span class='ocrx_word' id='word_1_69' title='bbox 644 1508 745 1580; x_wconf 87' lang='lat' dir='ltr'>atque</span> <span class='ocrx_word' id='word_1_70' title='bbox 762 1507 959 1562; x_wconf 89' lang='lat' dir='ltr'>ornamenta</span> <span class='ocrx_word' id='word_1_71' title='bbox 974 1497 1017 1561; x_wconf 90' lang='lat' dir='ltr'>de</span> <span class='ocrx_word' id='word_1_72' title='bbox 1039 1518 1119 1561; x_wconf 89' lang='lat' dir='ltr'>auro</span> <span class='ocrx_word' id='word_1_73' title='bbox 1134 1496 1186 1561; x_wconf 92' lang='lat' dir='ltr'>vel</span> <span class='ocrx_word' id='word_1_74' title='bbox 1207 1506 1347 1579; x_wconf 87' lang='lat' dir='ltr'>argento</span> <span class='ocrx_word' id='word_1_75' title='bbox 1363 1506 1397 1561; x_wconf 92' lang='lat' dir='ltr'>et</span> <span class='ocrx_word' id='word_1_76' title='bbox 1412 1506 1539 1559; x_wconf 88' lang='lat' dir='ltr'>vestem</span> 
     </span>
     <span class='ocr_line' id='line_1_10' title="bbox 385 1600 1538 1686; baseline -0.002 -21"><span class='ocrx_word' id='word_1_77' title='bbox 385 1622 487 1685; x_wconf 85' lang='lat' dir='ltr'>quam</span> <span class='ocrx_word' id='word_1_78' title='bbox 504 1601 559 1664; x_wconf 92' lang='lat' dir='ltr'>ille</span> <span class='ocrx_word' id='word_1_79' title='bbox 574 1602 718 1686; x_wconf 90' lang='lat' dir='ltr'>populus</span> <span class='ocrx_word' id='word_1_80' title='bbox 735 1602 850 1665; x_wconf 88' lang='lat' dir='ltr'>exiens</span> <span class='ocrx_word' id='word_1_81' title='bbox 869 1602 912 1665; x_wconf 95' lang='lat' dir='ltr'>de</span> <span class='ocrx_word' id='word_1_82' title='bbox 927 1601 1089 1683; x_wconf 89' lang='lat' dir='ltr'>Aegypto</span> <span class='ocrx_word' id='word_1_83' title='bbox 1112 1602 1174 1665; x_wconf 92' lang='lat' dir='ltr'>sibi</span> <span class='ocrx_word' id='word_1_84' title='bbox 1195 1602 1307 1683; x_wconf 92' lang='lat' dir='ltr'>potius</span> <span class='ocrx_word' id='word_1_85' title='bbox 1322 1610 1480 1683; x_wconf 88' lang='lat' dir='ltr'>tanquam</span> <span class='ocrx_word' id='word_1_86' title='bbox 1495 1600 1538 1663; x_wconf 90' lang='lat' dir='ltr'>ad</span> 
     </span>
     <span class='ocr_line' id='line_1_11' title="bbox 387 1704 1538 1789; baseline -0.001 -22"><span class='ocrx_word' id='word_1_87' title='bbox 387 1726 484 1769; x_wconf 91' lang='lat' dir='ltr'>usum</span> <span class='ocrx_word' id='word_1_88' title='bbox 511 1705 680 1769; x_wconf 90' lang='lat' dir='ltr'>meliorem</span> <span class='ocrx_word' id='word_1_89' title='bbox 703 1706 893 1779; x_wconf 88' lang='lat' dir='ltr'>vindicavit,</span> <span class='ocrx_word' id='word_1_90' title='bbox 916 1706 962 1769; x_wconf 90' lang='lat' dir='ltr'>sic</span> <span class='ocrx_word' id='word_1_91' title='bbox 984 1705 1156 1769; x_wconf 87' lang='lat' dir='ltr'>doctrinae</span> <span class='ocrx_word' id='word_1_92' title='bbox 1184 1705 1360 1789; x_wconf 84' lang='lat' dir='ltr'>gentilium</span> <span class='ocrx_word' id='word_1_93' title='bbox 1387 1704 1538 1769; x_wconf 88' lang='lat' dir='ltr'>liberales</span> 
     </span>
     <span class='ocr_line' id='line_1_12' title="bbox 388 1807 1538 1893; baseline 0 -21"><span class='ocrx_word' id='word_1_94' title='bbox 388 1807 579 1893; x_wconf 89' lang='lat' dir='ltr'>disciplinas</span> <span class='ocrx_word' id='word_1_95' title='bbox 595 1810 667 1873; x_wconf 90' lang='lat' dir='ltr'>usui</span> <span class='ocrx_word' id='word_1_96' title='bbox 683 1809 832 1873; x_wconf 88' lang='lat' dir='ltr'>veritatis</span> <span class='ocrx_word' id='word_1_97' title='bbox 853 1810 998 1890; x_wconf 90' lang='lat' dir='ltr'>aptiores</span> <span class='ocrx_word' id='word_1_98' title='bbox 1022 1820 1055 1872; x_wconf 92' lang='lat' dir='ltr'>et</span> <span class='ocrx_word' id='word_1_99' title='bbox 1078 1829 1207 1871; x_wconf 91' lang='lat' dir='ltr'>morum</span> <span class='ocrx_word' id='word_1_100' title='bbox 1233 1816 1410 1891; x_wconf 89' lang='lat' dir='ltr'>praecepta</span> <span class='ocrx_word' id='word_1_101' title='bbox 1431 1808 1538 1872; x_wconf 91' lang='lat' dir='ltr'>utilis·</span> 
     </span>
     <span class='ocr_line' id='line_1_13' title="bbox 386 1913 1537 1996; baseline -0.003 -18"><span class='ocrx_word' id='word_1_102' title='bbox 386 1915 470 1978; x_wconf 89' lang='lat' dir='ltr'>sima</span> <span class='ocrx_word' id='word_1_103' title='bbox 490 1915 672 1991; x_wconf 89' lang='lat' dir='ltr'>continent,</span> <span class='ocrx_word' id='word_1_104' title='bbox 694 1914 802 1996; x_wconf 87' lang='lat' dir='ltr'>deque</span> <span class='ocrx_word' id='word_1_105' title='bbox 827 1913 903 1976; x_wconf 92' lang='lat' dir='ltr'>Deo</span> <span class='ocrx_word' id='word_1_106' title='bbox 927 1915 999 1995; x_wconf 89' lang='lat' dir='ltr'>ipso</span> <span class='ocrx_word' id='word_1_107' title='bbox 1023 1913 1163 1977; x_wconf 92' lang='lat' dir='ltr'>colendo</span> <span class='ocrx_word' id='word_1_108' title='bbox 1192 1914 1296 1976; x_wconf 90' lang='lat' dir='ltr'>multa</span> <span class='ocrx_word' id='word_1_109' title='bbox 1326 1914 1537 1977; x_wconf 90' lang='lat' dir='ltr'>inveniuntur</span> 
     </span>
     <span class='ocr_line' id='line_1_14' title="bbox 387 2016 1538 2099; baseline 0 -19"><span class='ocrx_word' id='word_1_110' title='bbox 387 2018 476 2099; x_wconf 90' lang='lat' dir='ltr'>apud</span> <span class='ocrx_word' id='word_1_111' title='bbox 493 2037 558 2082; x_wconf 90' lang='lat' dir='ltr'>eos.</span> <span class='ocrx_word' id='word_1_112' title='bbox 606 2016 755 2082; x_wconf 82' lang='lat' dir='ltr'>Ulterius</span> <span class='ocrx_word' id='word_1_113' title='bbox 770 2017 833 2081; x_wconf 92' lang='lat' dir='ltr'>hoc</span> <span class='ocrx_word' id='word_1_114' title='bbox 849 2017 1005 2099; x_wconf 85' lang='lat' dir='ltr'>explicat,</span> <span class='ocrx_word' id='word_1_115' title='bbox 1023 2017 1145 2094; x_wconf 89' lang='lat' dir='ltr'>dicens,</span> <span class='ocrx_word' id='word_1_116' title='bbox 1162 2019 1194 2080; x_wconf 92' lang='lat' dir='ltr'>in</span> <span class='ocrx_word' id='word_1_117' title='bbox 1209 2018 1364 2080; x_wconf 91' lang='lat' dir='ltr'>omnibus</span> <span class='ocrx_word' id='word_1_118' title='bbox 1384 2016 1538 2080; x_wconf 88' lang='lat' dir='ltr'>humanis</span> 
     </span>
     <span class='ocr_line' id='line_1_15' title="bbox 388 2121 1537 2205; baseline -0.001 -19"><span class='ocrx_word' id='word_1_119' title='bbox 388 2122 594 2197; x_wconf 89' lang='lat' dir='ltr'>tractatibus,</span> <span class='ocrx_word' id='word_1_120' title='bbox 618 2141 705 2205; x_wconf 93' lang='lat' dir='ltr'>quae</span> <span class='ocrx_word' id='word_1_121' title='bbox 731 2131 808 2185; x_wconf 90' lang='lat' dir='ltr'>sunt</span> <span class='ocrx_word' id='word_1_122' title='bbox 829 2121 976 2199; x_wconf 88' lang='lat' dir='ltr'>moralia,</span> <span class='ocrx_word' id='word_1_123' title='bbox 992 2121 1043 2184; x_wconf 95' lang='lat' dir='ltr'>vel</span> <span class='ocrx_word' id='word_1_124' title='bbox 1065 2121 1249 2185; x_wconf 89' lang='lat' dir='ltr'>historialia</span> <span class='ocrx_word' id='word_1_125' title='bbox 1268 2122 1319 2185; x_wconf 92' lang='lat' dir='ltr'>vel</span> <span class='ocrx_word' id='word_1_126' title='bbox 1344 2121 1537 2201; x_wconf 88' lang='lat' dir='ltr'>artificialia,</span> 
     </span>
     <span class='ocr_line' id='line_1_16' title="bbox 384 2224 1535 2310; baseline 0.001 -21"><span class='ocrx_word' id='word_1_127' title='bbox 384 2228 557 2305; x_wconf 87' lang='lat' dir='ltr'>naturalia,</span> <span class='ocrx_word' id='word_1_128' title='bbox 581 2227 734 2310; x_wconf 89' lang='lat' dir='ltr'>logicalia</span> <span class='ocrx_word' id='word_1_129' title='bbox 756 2226 809 2290; x_wconf 90' lang='lat' dir='ltr'>vel</span> <span class='ocrx_word' id='word_1_130' title='bbox 831 2224 1104 2310; x_wconf 87' lang='lat' dir='ltr'>grammaticalia,</span> <span class='ocrx_word' id='word_1_131' title='bbox 1127 2236 1203 2290; x_wconf 89' lang='lat' dir='ltr'>sunt</span> <span class='ocrx_word' id='word_1_132' title='bbox 1227 2228 1322 2291; x_wconf 91' lang='lat' dir='ltr'>nobis</span> <span class='ocrx_word' id='word_1_133' title='bbox 1345 2229 1535 2292; x_wconf 86' lang='lat' dir='ltr'>necessaria.</span> 
     </span>
     <span class='ocr_line' id='line_1_17' title="bbox 385 2330 1535 2416; baseline 0.001 -21"><span class='ocrx_word' id='word_1_134' title='bbox 385 2330 474 2395; x_wconf 91' lang='lat' dir='ltr'>Nam</span> <span class='ocrx_word' id='word_1_135' title='bbox 491 2354 551 2416; x_wconf 89' lang='lat' dir='ltr'>pro</span> <span class='ocrx_word' id='word_1_136' title='bbox 572 2331 752 2395; x_wconf 88' lang='lat' dir='ltr'>moralibus</span> <span class='ocrx_word' id='word_1_137' title='bbox 772 2332 853 2396; x_wconf 91' lang='lat' dir='ltr'>dicit</span> <span class='ocrx_word' id='word_1_138' title='bbox 873 2342 1009 2405; x_wconf 89' lang='lat' dir='ltr'>vestem,</span> <span class='ocrx_word' id='word_1_139' title='bbox 1025 2351 1112 2415; x_wconf 93' lang='lat' dir='ltr'>quae</span> <span class='ocrx_word' id='word_1_140' title='bbox 1132 2331 1262 2395; x_wconf 89' lang='lat' dir='ltr'>illorum</span> <span class='ocrx_word' id='word_1_141' title='bbox 1288 2340 1339 2395; x_wconf 89' lang='lat' dir='ltr'>est</span> <span class='ocrx_word' id='word_1_142' title='bbox 1361 2333 1535 2396; x_wconf 92' lang='lat' dir='ltr'>hominum</span> 
     </span>
     <span class='ocr_line' id='line_1_18' title="bbox 384 2435 1533 2519; baseline 0.003 -20"><span class='ocrx_word' id='word_1_143' title='bbox 384 2438 518 2519; x_wconf 89' lang='lat' dir='ltr'>quidem</span> <span class='ocrx_word' id='word_1_144' title='bbox 536 2438 700 2501; x_wconf 89' lang='lat' dir='ltr'>institutio</span> <span class='ocrx_word' id='word_1_145' title='bbox 718 2435 777 2499; x_wconf 92' lang='lat' dir='ltr'>sed</span> <span class='ocrx_word' id='word_1_146' title='bbox 794 2445 908 2500; x_wconf 89' lang='lat' dir='ltr'>tamen</span> <span class='ocrx_word' id='word_1_147' title='bbox 926 2436 1184 2500; x_wconf 90' lang='lat' dir='ltr'>accommodata</span> <span class='ocrx_word' id='word_1_148' title='bbox 1204 2436 1367 2500; x_wconf 89' lang='lat' dir='ltr'>humanae</span> <span class='ocrx_word' id='word_1_149' title='bbox 1383 2438 1533 2502; x_wconf 86' lang='lat' dir='ltr'>societati</span> 
     </span>
     <span class='ocr_line' id='line_1_19' title="bbox 383 2541 1535 2624; baseline 0.002 -21"><span class='ocrx_word' id='word_1_150' title='bbox 383 2561 450 2622; x_wconf 92' lang='lat' dir='ltr'>qua</span> <span class='ocrx_word' id='word_1_151' title='bbox 482 2541 515 2603; x_wconf 92' lang='lat' dir='ltr'>in</span> <span class='ocrx_word' id='word_1_152' title='bbox 545 2542 607 2605; x_wconf 90' lang='lat' dir='ltr'>hac</span> <span class='ocrx_word' id='word_1_153' title='bbox 636 2541 707 2604; x_wconf 89' lang='lat' dir='ltr'>vita</span> <span class='ocrx_word' id='word_1_154' title='bbox 737 2559 848 2604; x_wconf 89' lang='lat' dir='ltr'>carere</span> <span class='ocrx_word' id='word_1_155' title='bbox 878 2560 945 2603; x_wconf 90' lang='lat' dir='ltr'>non</span> <span class='ocrx_word' id='word_1_156' title='bbox 983 2560 1168 2624; x_wconf 90' lang='lat' dir='ltr'>possumus,</span> <span class='ocrx_word' id='word_1_157' title='bbox 1199 2542 1231 2603; x_wconf 94' lang='lat' dir='ltr'>in</span> <span class='ocrx_word' id='word_1_158' title='bbox 1263 2562 1359 2606; x_wconf 88' lang='lat' dir='ltr'>usum</span> <span class='ocrx_word' id='word_1_159' title='bbox 1389 2544 1535 2607; x_wconf 91' lang='lat' dir='ltr'>converti</span> 
     </span>
     <span class='ocr_line' id='line_1_20' title="bbox 382 2642 1534 2731; baseline 0.003 -23"><span class='ocrx_word' id='word_1_160' title='bbox 382 2644 594 2708; x_wconf 88' lang='lat' dir='ltr'>christianum</span> <span class='ocrx_word' id='word_1_161' title='bbox 620 2645 729 2709; x_wconf 87' lang='lat' dir='ltr'>debet.</span> <span class='ocrx_word' id='word_1_162' title='bbox 774 2642 828 2707; x_wconf 91' lang='lat' dir='ltr'>De</span> <span class='ocrx_word' id='word_1_163' title='bbox 851 2644 1074 2709; x_wconf 90' lang='lat' dir='ltr'>historialibus</span> <span class='ocrx_word' id='word_1_164' title='bbox 1094 2646 1184 2724; x_wconf 90' lang='lat' dir='ltr'>dicit,</span> <span class='ocrx_word' id='word_1_165' title='bbox 1206 2646 1341 2711; x_wconf 88' lang='lat' dir='ltr'>historia</span> <span class='ocrx_word' id='word_1_166' title='bbox 1360 2648 1534 2731; x_wconf 88' lang='lat' dir='ltr'>gentilium</span> 
     </span>
     <span class='ocr_line' id='line_1_21' title="bbox 383 2748 1534 2834; baseline 0.006 -24"><span class='ocrx_word' id='word_1_167' title='bbox 383 2748 561 2831; x_wconf 88' lang='lat' dir='ltr'>plurimum</span> <span class='ocrx_word' id='word_1_168' title='bbox 585 2770 645 2813; x_wconf 92' lang='lat' dir='ltr'>nos</span> <span class='ocrx_word' id='word_1_169' title='bbox 668 2749 806 2830; x_wconf 85' lang='lat' dir='ltr'>adjuvat</span> <span class='ocrx_word' id='word_1_170' title='bbox 829 2748 871 2812; x_wconf 92' lang='lat' dir='ltr'>ad</span> <span class='ocrx_word' id='word_1_171' title='bbox 903 2760 1038 2813; x_wconf 90' lang='lat' dir='ltr'>sanctos</span> <span class='ocrx_word' id='word_1_172' title='bbox 1061 2752 1162 2815; x_wconf 90' lang='lat' dir='ltr'>libros</span> <span class='ocrx_word' id='word_1_173' title='bbox 1193 2750 1433 2834; x_wconf 88' lang='lat' dir='ltr'>intelligendos.</span> <span class='ocrx_word' id='word_1_174' title='bbox 1481 2754 1534 2817; x_wconf 87' lang='lat' dir='ltr'>De</span> 
     </span>
     <span class='ocr_line' id='line_1_22' title="bbox 382 2853 1533 2939; baseline 0.005 -22"><span class='ocrx_word' id='word_1_175' title='bbox 382 2853 455 2917; x_wconf 91' lang='lat' dir='ltr'>aliis</span> <span class='ocrx_word' id='word_1_176' title='bbox 466 2873 544 2916; x_wconf 92' lang='lat' dir='ltr'>vero</span> <span class='ocrx_word' id='word_1_177' title='bbox 555 2853 875 2918; x_wconf 87' lang='lat' dir='ltr'>considerationibus</span> <span class='ocrx_word' id='word_1_178' title='bbox 891 2863 961 2917; x_wconf 91' lang='lat' dir='ltr'>tam</span> <span class='ocrx_word' id='word_1_179' title='bbox 975 2854 1202 2920; x_wconf 88' lang='lat' dir='ltr'>artificialibus</span> <span class='ocrx_word' id='word_1_180' title='bbox 1217 2877 1317 2939; x_wconf 92' lang='lat' dir='ltr'>quam</span> <span class='ocrx_word' id='word_1_181' title='bbox 1329 2859 1533 2923; x_wconf 89' lang='lat' dir='ltr'>naturalibus</span> 
     </span>
     <span class='ocr_line' id='line_1_23' title="bbox 381 2955 1534 3041; baseline 0.006 -21"><span class='ocrx_word' id='word_1_182' title='bbox 381 2955 617 3034; x_wconf 89' lang='lat' dir='ltr'>dicit,Artium</span> <span class='ocrx_word' id='word_1_183' title='bbox 633 2968 746 3021; x_wconf 91' lang='lat' dir='ltr'>autem</span> <span class='ocrx_word' id='word_1_184' title='bbox 761 2967 976 3032; x_wconf 86' lang='lat' dir='ltr'>caeterarum,</span> <span class='ocrx_word' id='word_1_185' title='bbox 988 2960 1109 3041; x_wconf 91' lang='lat' dir='ltr'>quibus</span> <span class='ocrx_word' id='word_1_186' title='bbox 1124 2959 1346 3025; x_wconf 84' lang='lat' dir='ltr'>adfabricatur</span> <span class='ocrx_word' id='word_1_187' title='bbox 1360 2962 1491 3040; x_wconf 93' lang='lat' dir='ltr'>domus,</span> <span class='ocrx_word' id='word_1_188' title='bbox 1500 2973 1534 3027; x_wconf 89' lang='lat' dir='ltr'>et</span> 
     </span>
     <span class='ocr_line' id='line_1_24' title="bbox 381 3061 1534 3147; baseline 0.004 -22"><span class='ocrx_word' id='word_1_189' title='bbox 381 3061 581 3143; x_wconf 87' lang='lat' dir='ltr'>hujusmodi,</span> <span class='ocrx_word' id='word_1_190' title='bbox 608 3061 801 3139; x_wconf 90' lang='lat' dir='ltr'>medicinae,</span> <span class='ocrx_word' id='word_1_191' title='bbox 826 3061 878 3126; x_wconf 89' lang='lat' dir='ltr'>vel</span> <span class='ocrx_word' id='word_1_192' title='bbox 914 3063 1142 3144; x_wconf 86' lang='lat' dir='ltr'>agriculturae,</span> <span class='ocrx_word' id='word_1_193' title='bbox 1167 3065 1219 3129; x_wconf 89' lang='lat' dir='ltr'>vel</span> <span class='ocrx_word' id='word_1_194' title='bbox 1250 3085 1392 3147; x_wconf 90' lang='lat' dir='ltr'>quorum</span> <span class='ocrx_word' id='word_1_195' title='bbox 1426 3068 1534 3130; x_wconf 92' lang='lat' dir='ltr'>omnis</span> 
     </span>
     <span class='ocr_line' id='line_1_25' title="bbox 380 3165 1532 3244; baseline 0.007 -16"><span class='ocrx_word' id='word_1_196' title='bbox 380 3165 517 3231; x_wconf 82' lang='lat' dir='ltr'>effectus</span> <span class='ocrx_word' id='word_1_197' title='bbox 527 3168 615 3230; x_wconf 91' lang='lat' dir='ltr'>actio</span> <span class='ocrx_word' id='word_1_198' title='bbox 628 3175 686 3244; x_wconf 92' lang='lat' dir='ltr'>est,</span> <span class='ocrx_word' id='word_1_199' title='bbox 699 3177 736 3230; x_wconf 93' lang='lat' dir='ltr'>ut</span> <span class='ocrx_word' id='word_1_200' title='bbox 752 3166 979 3242; x_wconf 88' lang='lat' dir='ltr'>saltationum,</span> <span class='ocrx_word' id='word_1_201' title='bbox 991 3169 1191 3244; x_wconf 92' lang='lat' dir='ltr'>cursionum,</span> <span class='ocrx_word' id='word_1_202' title='bbox 1205 3169 1273 3242; x_wconf 75' lang='lat' dir='ltr'>dte,</span> <span class='ocrx_word' id='word_1_203' title='bbox 1286 3169 1404 3234; x_wconf 90' lang='lat' dir='ltr'>harum</span> <span class='ocrx_word' id='word_1_204' title='bbox 1419 3182 1532 3236; x_wconf 91' lang='lat' dir='ltr'>autem</span> 
     </span>
     <span class='ocr_line' id='line_1_26' title="bbox 380 3271 1534 3355; baseline 0.004 -20"><span class='ocrx_word' id='word_1_205' title='bbox 380 3272 527 3355; x_wconf 88' lang='lat' dir='ltr'>cognitio</span> <span class='ocrx_word' id='word_1_206' title='bbox 543 3272 735 3355; x_wconf 90' lang='lat' dir='ltr'>usurpanda</span> <span class='ocrx_word' id='word_1_207' title='bbox 749 3280 800 3334; x_wconf 92' lang='lat' dir='ltr'>est</span> <span class='ocrx_word' id='word_1_208' title='bbox 819 3273 861 3335; x_wconf 92' lang='lat' dir='ltr'>ad</span> <span class='ocrx_word' id='word_1_209' title='bbox 883 3271 1113 3353; x_wconf 91' lang='lat' dir='ltr'>judicandum,</span> <span class='ocrx_word' id='word_1_210' title='bbox 1134 3293 1176 3335; x_wconf 89' lang='lat' dir='ltr'>ne</span> <span class='ocrx_word' id='word_1_211' title='bbox 1195 3275 1331 3338; x_wconf 92' lang='lat' dir='ltr'>omnino</span> <span class='ocrx_word' id='word_1_212' title='bbox 1350 3276 1534 3340; x_wconf 89' lang='lat' dir='ltr'>nesciamus</span> 
     </span>
     <span class='ocr_line' id='line_1_27' title="bbox 380 3376 1533 3460; baseline 0.005 -22"><span class='ocrx_word' id='word_1_213' title='bbox 380 3377 460 3458; x_wconf 91' lang='lat' dir='ltr'>quid</span> <span class='ocrx_word' id='word_1_214' title='bbox 476 3378 639 3459; x_wconf 89' lang='lat' dir='ltr'>scriptura</span> <span class='ocrx_word' id='word_1_215' title='bbox 656 3376 735 3440; x_wconf 92' lang='lat' dir='ltr'>velit</span> <span class='ocrx_word' id='word_1_216' title='bbox 759 3376 934 3451; x_wconf 88' lang='lat' dir='ltr'>insinuare,</span> <span class='ocrx_word' id='word_1_217' title='bbox 951 3397 1026 3440; x_wconf 87' lang='lat' dir='ltr'>curn</span> <span class='ocrx_word' id='word_1_218' title='bbox 1044 3379 1086 3441; x_wconf 93' lang='lat' dir='ltr'>de</span> <span class='ocrx_word' id='word_1_219' title='bbox 1102 3378 1153 3440; x_wconf 94' lang='lat' dir='ltr'>his</span> <span class='ocrx_word' id='word_1_220' title='bbox 1171 3379 1296 3442; x_wconf 90' lang='lat' dir='ltr'>artibus</span> <span class='ocrx_word' id='word_1_221' title='bbox 1312 3379 1439 3460; x_wconf 89' lang='lat' dir='ltr'>aliquas</span> <span class='ocrx_word' id='word_1_222' title='bbox 1455 3380 1533 3444; x_wconf 85' lang='lat' dir='ltr'>lacit</span> 
     </span>
     <span class='ocr_line' id='line_1_28' title="bbox 380 3478 1534 3564; baseline 0.005 -22"><span class='ocrx_word' id='word_1_223' title='bbox 380 3478 509 3561; x_wconf 90' lang='lat' dir='ltr'>figuras.</span> <span class='ocrx_word' id='word_1_224' title='bbox 565 3481 629 3544; x_wconf 92' lang='lat' dir='ltr'>Pro</span> <span class='ocrx_word' id='word_1_225' title='bbox 666 3481 820 3545; x_wconf 91' lang='lat' dir='ltr'>omnibus</span> <span class='ocrx_word' id='word_1_226' title='bbox 858 3481 1062 3546; x_wconf 89' lang='lat' dir='ltr'>naturalibus</span> <span class='ocrx_word' id='word_1_227' title='bbox 1100 3482 1191 3556; x_wconf 90' lang='lat' dir='ltr'>dicit,</span> <span class='ocrx_word' id='word_1_228' title='bbox 1232 3481 1415 3564; x_wconf 89' lang='lat' dir='ltr'>Benignam</span> <span class='ocrx_word' id='word_1_229' title='bbox 1455 3505 1534 3549; x_wconf 92' lang='lat' dir='ltr'>sane</span> 
     </span>
     <span class='ocr_line' id='line_1_29' title="bbox 380 3585 1531 3669; baseline 0.005 -23"><span class='ocrx_word' id='word_1_230' title='bbox 380 3603 516 3666; x_wconf 90' lang='lat' dir='ltr'>operam</span> <span class='ocrx_word' id='word_1_231' title='bbox 532 3585 652 3647; x_wconf 86' lang='lat' dir='ltr'>faceret</span> <span class='ocrx_word' id='word_1_232' title='bbox 668 3604 731 3666; x_wconf 92' lang='lat' dir='ltr'>pro</span> <span class='ocrx_word' id='word_1_233' title='bbox 745 3603 838 3649; x_wconf 92' lang='lat' dir='ltr'>sacra</span> <span class='ocrx_word' id='word_1_234' title='bbox 854 3585 1025 3667; x_wconf 90' lang='lat' dir='ltr'>scriptura,</span> <span class='ocrx_word' id='word_1_235' title='bbox 1038 3586 1093 3667; x_wconf 90' lang='lat' dir='ltr'>qui</span> <span class='ocrx_word' id='word_1_236' title='bbox 1111 3585 1327 3668; x_wconf 90' lang='lat' dir='ltr'>proprietates</span> <span class='ocrx_word' id='word_1_237' title='bbox 1344 3598 1531 3669; x_wconf 89' lang='lat' dir='ltr'>temporum</span> 
     </span>
     <span class='ocr_line' id='line_1_30' title="bbox 379 3687 1532 3770; baseline 0.003 -20"><span class='ocrx_word' id='word_1_238' title='bbox 379 3698 414 3750; x_wconf 92' lang='lat' dir='ltr'>et</span> <span class='ocrx_word' id='word_1_239' title='bbox 450 3687 608 3765; x_wconf 89' lang='lat' dir='ltr'>locorum,</span> <span class='ocrx_word' id='word_1_240' title='bbox 640 3687 800 3768; x_wconf 89' lang='lat' dir='ltr'>lapidum,</span> <span class='ocrx_word' id='word_1_241' title='bbox 826 3697 861 3750; x_wconf 91' lang='lat' dir='ltr'>et</span> <span class='ocrx_word' id='word_1_242' title='bbox 889 3698 1096 3752; x_wconf 90' lang='lat' dir='ltr'>caeterarum</span> <span class='ocrx_word' id='word_1_243' title='bbox 1128 3709 1235 3752; x_wconf 93' lang='lat' dir='ltr'>rerum</span> <span class='ocrx_word' id='word_1_244' title='bbox 1267 3691 1532 3770; x_wconf 83' lang='lat' dir='ltr'>inanimatamm,</span> 
     </span>
     <span class='ocr_line' id='line_1_31' title="bbox 379 3789 1531 3876; baseline 0.006 -23"><span class='ocrx_word' id='word_1_245' title='bbox 379 3791 567 3873; x_wconf 92' lang='lat' dir='ltr'>plantarum</span> <span class='ocrx_word' id='word_1_246' title='bbox 583 3801 616 3854; x_wconf 89' lang='lat' dir='ltr'>et</span> <span class='ocrx_word' id='word_1_247' title='bbox 634 3789 827 3855; x_wconf 87' lang='lat' dir='ltr'>animalium</span> <span class='ocrx_word' id='word_1_248' title='bbox 848 3792 1028 3875; x_wconf 89' lang='lat' dir='ltr'>colligeret.</span> <span class='ocrx_word' id='word_1_249' title='bbox 1075 3792 1121 3856; x_wconf 92' lang='lat' dir='ltr'>Et</span> <span class='ocrx_word' id='word_1_250' title='bbox 1143 3814 1204 3876; x_wconf 91' lang='lat' dir='ltr'>pro</span> <span class='ocrx_word' id='word_1_251' title='bbox 1225 3793 1419 3876; x_wconf 75' lang='lat' dir='ltr'>logIcalibus</span> <span class='ocrx_word' id='word_1_252' title='bbox 1440 3796 1531 3872; x_wconf 90' lang='lat' dir='ltr'>dicit,</span> 
     </span>
     <span class='ocr_line' id='line_1_32' title="bbox 379 3894 1531 3982; baseline 0.006 -27"><span class='ocrx_word' id='word_1_253' title='bbox 379 3894 468 3956; x_wconf 88' lang='lat' dir='ltr'>Nam</span> <span class='ocrx_word' id='word_1_254' title='bbox 485 3895 527 3956; x_wconf 89' lang='lat' dir='ltr'>de</span> <span class='ocrx_word' id='word_1_255' title='bbox 543 3896 588 3958; x_wconf 90' lang='lat' dir='ltr'>eis</span> <span class='ocrx_word' id='word_1_256' title='bbox 605 3915 665 3977; x_wconf 90' lang='lat' dir='ltr'>pro</span> <span class='ocrx_word' id='word_1_257' title='bbox 686 3895 854 3977; x_wconf 82' lang='lat' dir='ltr'>theologia</span> <span class='ocrx_word' id='word_1_258' title='bbox 872 3908 1011 3979; x_wconf 91' lang='lat' dir='ltr'>possunt</span> <span class='ocrx_word' id='word_1_259' title='bbox 1033 3900 1198 3979; x_wconf 88' lang='lat' dir='ltr'>quaedam</span> <span class='ocrx_word' id='word_1_260' title='bbox 1216 3900 1398 3963; x_wconf 87' lang='lat' dir='ltr'>necessaria</span> <span class='ocrx_word' id='word_1_261' title='bbox 1420 3899 1531 3982; x_wconf 86' lang='lat' dir='ltr'>colligi</span> 
     </span>
     <span class='ocr_line' id='line_1_33' title="bbox 378 3999 1530 4084; baseline 0.004 -24"><span class='ocrx_word' id='word_1_262' title='bbox 378 4008 412 4060; x_wconf 90' lang='lat' dir='ltr'>et</span> <span class='ocrx_word' id='word_1_263' title='bbox 428 3999 603 4080; x_wconf 88' lang='lat' dir='ltr'>condigna,</span> <span class='ocrx_word' id='word_1_264' title='bbox 619 3999 677 4062; x_wconf 90' lang='lat' dir='ltr'>sed</span> <span class='ocrx_word' id='word_1_265' title='bbox 696 4019 761 4062; x_wconf 92' lang='lat' dir='ltr'>non</span> <span class='ocrx_word' id='word_1_266' title='bbox 777 3999 882 4073; x_wconf 92' lang='lat' dir='ltr'>video,</span> <span class='ocrx_word' id='word_1_267' title='bbox 900 4009 935 4062; x_wconf 91' lang='lat' dir='ltr'>ut</span> <span class='ocrx_word' id='word_1_268' title='bbox 958 4001 1014 4076; x_wconf 92' lang='lat' dir='ltr'>ait,</span> <span class='ocrx_word' id='word_1_269' title='bbox 1036 4011 1145 4064; x_wconf 89' lang='lat' dir='ltr'>utrum</span> <span class='ocrx_word' id='word_1_270' title='bbox 1165 4002 1230 4066; x_wconf 93' lang='lat' dir='ltr'>hoc</span> <span class='ocrx_word' id='word_1_271' title='bbox 1252 4004 1358 4084; x_wconf 89' lang='lat' dir='ltr'>possit</span> <span class='ocrx_word' id='word_1_272' title='bbox 1380 4003 1451 4066; x_wconf 89' lang='lat' dir='ltr'>sine</span> <span class='ocrx_word' id='word_1_273' title='bbox 1473 4004 1530 4068; x_wconf 89' lang='lat' dir='ltr'>eis.</span> 
     </span>
     <span class='ocr_line' id='line_1_34' title="bbox 377 4101 1530 4188; baseline 0.007 -25"><span class='ocrx_word' id='word_1_274' title='bbox 377 4101 493 4184; x_wconf 89' lang='lat' dir='ltr'>Atque</span> <span class='ocrx_word' id='word_1_275' title='bbox 509 4102 542 4163; x_wconf 92' lang='lat' dir='ltr'>in</span> <span class='ocrx_word' id='word_1_276' title='bbox 559 4102 642 4166; x_wconf 92' lang='lat' dir='ltr'>libro</span> <span class='ocrx_word' id='word_1_277' title='bbox 657 4102 803 4166; x_wconf 89' lang='lat' dir='ltr'>secundo</span> <span class='ocrx_word' id='word_1_278' title='bbox 818 4106 861 4167; x_wconf 91' lang='lat' dir='ltr'>de</span> <span class='ocrx_word' id='word_1_279' title='bbox 879 4105 994 4167; x_wconf 90' lang='lat' dir='ltr'>ordine</span> <span class='ocrx_word' id='word_1_280' title='bbox 1009 4105 1204 4188; x_wconf 88' lang='lat' dir='ltr'>disciplinae</span> <span class='ocrx_word' id='word_1_281' title='bbox 1223 4107 1313 4184; x_wconf 89' lang='lat' dir='ltr'>dicit,</span> <span class='ocrx_word' id='word_1_282' title='bbox 1328 4106 1387 4171; x_wconf 89' lang='lat' dir='ltr'>Ad</span> <span class='ocrx_word' id='word_1_283' title='bbox 1403 4128 1530 4172; x_wconf 90' lang='lat' dir='ltr'>sacram</span> 
     </span>
     <span class='ocr_line' id='line_1_35' title="bbox 354 4205 1531 4294; baseline 0.009 -30"><span class='ocrx_word' id='word_1_284' title='bbox 354 4205 550 4268; x_wconf 84' lang='lat' dir='ltr'>scientiam</span> <span class='ocrx_word' id='word_1_285' title='bbox 574 4205 683 4269; x_wconf 90' lang='lat' dir='ltr'>nullus</span> <span class='ocrx_word' id='word_1_286' title='bbox 706 4208 806 4270; x_wconf 88' lang='lat' dir='ltr'>debet</span> <span class='ocrx_word' id='word_1_287' title='bbox 837 4209 994 4272; x_wconf 89' lang='lat' dir='ltr'>accedere</span> <span class='ocrx_word' id='word_1_288' title='bbox 1023 4210 1094 4272; x_wconf 91' lang='lat' dir='ltr'>sine</span> <span class='ocrx_word' id='word_1_289' title='bbox 1123 4211 1261 4274; x_wconf 90' lang='lat' dir='ltr'>scientia</span> <span class='ocrx_word' id='word_1_290' title='bbox 1291 4210 1430 4294; x_wconf 89' lang='lat' dir='ltr'>logicali.</span> <span class='ocrx_word' id='word_1_291' title='bbox 1477 4212 1531 4275; x_wconf 92' lang='lat' dir='ltr'>De</span> 
     </span>
     <span class='ocr_line' id='line_1_36' title="bbox 377 4309 1530 4394; baseline 0.006 -22"><span class='ocrx_word' id='word_1_292' title='bbox 377 4309 618 4373; x_wconf 90' lang='lat' dir='ltr'>mathematicis</span> <span class='ocrx_word' id='word_1_293' title='bbox 642 4311 721 4375; x_wconf 92' lang='lat' dir='ltr'>dicit</span> <span class='ocrx_word' id='word_1_294' title='bbox 749 4311 976 4385; x_wconf 87' lang='lat' dir='ltr'>Cassiodorus,</span> <span class='ocrx_word' id='word_1_295' title='bbox 1009 4311 1246 4392; x_wconf 91' lang='lat' dir='ltr'>Geometriam,</span> <span class='ocrx_word' id='word_1_296' title='bbox 1275 4316 1530 4394; x_wconf 86' lang='lat' dir='ltr'>arithmeticam,</span> 
     </span>
     <span class='ocr_line' id='line_1_37' title="bbox 257 4414 1529 4496; baseline 0.005 -19"><span class='ocrx_word' id='word_1_297' title='bbox 257 4431 260 4436; x_wconf 85' lang='lat'>·</span> <span class='ocrx_word' id='word_1_298' title='bbox 375 4414 622 4487; x_wconf 89' lang='lat' dir='ltr'>astronomiam,</span> <span class='ocrx_word' id='word_1_299' title='bbox 634 4414 794 4478; x_wconf 91' lang='lat' dir='ltr'>musicam</span> <span class='ocrx_word' id='word_1_300' title='bbox 810 4435 887 4478; x_wconf 92' lang='lat' dir='ltr'>cum</span> <span class='ocrx_word' id='word_1_301' title='bbox 903 4415 1044 4479; x_wconf 90' lang='lat' dir='ltr'>sollicita</span> <span class='ocrx_word' id='word_1_302' title='bbox 1054 4426 1164 4481; x_wconf 90' lang='lat' dir='ltr'>mente</span> <span class='ocrx_word' id='word_1_303' title='bbox 1180 4419 1386 4496; x_wconf 91' lang='lat' dir='ltr'>revolvimus,</span> <span class='ocrx_word' id='word_1_304' title='bbox 1396 4439 1529 4483; x_wconf 89' lang='lat' dir='ltr'>sensum</span> 
     </span>
     <span class='ocr_line' id='line_1_38' title="bbox 376 4519 1529 4603; baseline 0.007 -22"><span class='ocrx_word' id='word_1_305' title='bbox 376 4528 508 4593; x_wconf 88' lang='lat' dir='ltr'>acuunt,</span> <span class='ocrx_word' id='word_1_306' title='bbox 523 4519 704 4602; x_wconf 90' lang='lat' dir='ltr'>limamque</span> <span class='ocrx_word' id='word_1_307' title='bbox 720 4519 929 4602; x_wconf 90' lang='lat' dir='ltr'>ignorantiae</span> <span class='ocrx_word' id='word_1_308' title='bbox 944 4521 1129 4603; x_wconf 88' lang='lat' dir='ltr'>detergunt,</span> <span class='ocrx_word' id='word_1_309' title='bbox 1145 4530 1180 4586; x_wconf 90' lang='lat' dir='ltr'>et</span> <span class='ocrx_word' id='word_1_310' title='bbox 1201 4523 1244 4586; x_wconf 89' lang='lat' dir='ltr'>ad</span> <span class='ocrx_word' id='word_1_311' title='bbox 1270 4523 1362 4586; x_wconf 91' lang='lat' dir='ltr'>illam</span> <span class='ocrx_word' id='word_1_312' title='bbox 1381 4523 1529 4588; x_wconf 89' lang='lat' dir='ltr'>divinam</span> 
     </span>
     <span class='ocr_line' id='line_1_39' title="bbox 375 4622 1530 4710; baseline 0.004 -23"><span class='ocrx_word' id='word_1_313' title='bbox 375 4624 704 4706; x_wconf 90' lang='lat' dir='ltr'>contemplationem,</span> <span class='ocrx_word' id='word_1_314' title='bbox 733 4624 810 4687; x_wconf 92' lang='lat' dir='ltr'>Deo</span> <span class='ocrx_word' id='word_1_315' title='bbox 849 4622 1015 4706; x_wconf 88' lang='lat' dir='ltr'>largiente,</span> <span class='ocrx_word' id='word_1_316' title='bbox 1053 4627 1259 4708; x_wconf 73' lang='lat' dir='ltr'>perducunt,</span> <span class='ocrx_word' id='word_1_317' title='bbox 1296 4647 1381 4710; x_wconf 88' lang='lat' dir='ltr'>quas</span> <span class='ocrx_word' id='word_1_318' title='bbox 1411 4628 1530 4692; x_wconf 91' lang='lat' dir='ltr'>merito</span> 
     </span>
    </p>
   </div>
   <div class='ocr_carea' id='block_1_6' title="bbox 0 0 1792 5375">
    <p class='ocr_par' dir='ltr' id='par_1_6' title="bbox 0 0 1792 5375">
     <span class='ocr_line' id='line_1_40' title="bbox 0 0 1792 5375; baseline 0 5"><span class='ocrx_word' id='word_1_319' title='bbox 0 0 1792 5375; x_wconf 95' lang='lat' dir='ltr'> </span> 
     </span>
    </p>
   </div>
  </div>
 </body>
</html>
