3575 5375
649 640 818 700 causas
842 640 1041 699 saroam.
1382 656 1419 717 13

266 814 420 897 antiquis,
436 813 515 896 quia
531 812 642 896 magni
658 811 759 875 animi
773 809 835 875 fuit
851 832 959 874 rerum
980 809 1125 875 latebras
1143 811 1295 893 primitus
1310 812 1419 875 dimo·

266 938 351 993 vere,
383 927 418 982 et
450 918 629 1002 plurimum
665 916 709 980 ad
739 915 969 980 inveniendum
1004 915 1153 990 contulit,
1181 917 1239 999 qui
1275 917 1419 1000 speravit

267 1043 365 1104 posse
387 1023 537 1105 reperire,
557 1031 592 1085 et
614 1020 766 1104 quamvis
790 1028 926 1102 propter
947 1019 1126 1083 humanam
1149 1020 1361 1103 fragilitatem
1385 1022 1417 1084 in

268 1127 380 1189 multis
411 1126 610 1198 deiecerunt,
641 1135 755 1190 tamen
786 1124 968 1188 excusandi
997 1120 1094 1187 sunt.’
1148 1124 1238 1189 Nam
1269 1125 1301 1187 in
1331 1124 1418 1189 libro

268 1239 452 1294 memorato
482 1230 529 1295 ait
560 1229 697 1307 Seneca,
727 1236 820 1292 ‘cum
855 1228 1069 1292 excusatione
1099 1238 1226 1293 veteres
1264 1229 1418 1292 audiendi

266 1334 360 1397 sunt?

686 1575 913 1643 Cnnrrunuu
935 1576 997 1640 VI.

310 1750 379 1815 Sed
394 1752 552 1835 quoniam
568 1762 704 1835 propter
723 1760 894 1833 peccatum
916 1749 1082 1834 originale,
1099 1759 1132 1815 et
1154 1749 1286 1834 propria
1307 1750 1414 1833 cujus·
1428 1754 1483 1805 The
1494 1755 1575 1805 wisest

264 1854 347 1921 libet
376 1865 511 1939 peccata
541 1869 653 1940 partes
681 1856 927 1941 imaginationis
956 1855 1066 1920 laesae
1095 1865 1178 1933 sunt,
1206 1852 1296 1934 (nam
1327 1857 1412 1921 ratio
1424 1822 1573 1937 1(ξὶζῖξῖοΜ

264 1962 449 2025 caecutiens
479 1970 539 2040 est,
565 1960 724 2025 memoria
752 1960 883 2043 fragilis,
906 1980 947 2025 ac
967 1958 1120 2023 voluntas
1149 1962 1347 2043 depravata3
1378 1970 1412 2025 et
1424 1968 1499 2002 error.

263 2086 377 2129 verum
393 2075 426 2129 et
441 2067 565 2129 bonum
587 2085 653 2127 nno
675 2064 777 2128 modo
800 2073 887 2138 sunt,
901 2062 1019 2128 salsum
1042 2073 1156 2127 autem
1180 2064 1313 2128 cuilibet
1335 2086 1414 2129 vero

263 2170 455 2254 oppositum
471 2184 505 2233 et
522 2170 645 2233 malum
666 2170 801 2233 cuilibet
821 2170 910 2232 bono
930 2168 1129 2232 contrarium
1151 2168 1285 2233 infinitis
1305 2171 1415 2235 modis

262 2276 448 2349 variantur3
470 2274 548 2357 quia
570 2273 842 2357 utphilosophus
859 2273 1004 2337 secundo
1029 2272 1224 2336 Ethicorum
1251 2273 1413 2357 exempli-

263 2378 349 2457 ficat,
375 2377 469 2442 facile
499 2387 550 2443 est
579 2378 697 2442 diverti
725 2398 746 2441 a
774 2378 872 2459 signo
902 2378 983 2440 dato
1014 2387 1150 2459 propter
1179 2376 1412 2442 multiformem

263 2484 491 2548 declinationis
525 2482 787 2565 possibilitatem,
817 2481 876 2544 sed
905 2482 1027 2544 veritas
1065 2490 1097 2545 et
1128 2482 1231 2544 virtus
1268 2492 1344 2546 sunt
1380 2484 1413 2546 in

263 2596 387 2669 puncto
400 2609 408 2666 ;
445 2585 592 2650 infinitae
629 2588 730 2651 etiam
764 2596 843 2649 sunt
876 2585 1041 2663 veritates,
1070 2586 1282 2667 virtutesque,
1312 2596 1414 2667 atque

263 2692 520 2756 innumerabiles
547 2692 669 2774 gradus
695 2692 728 2754 in
754 2691 901 2774 qualibet
922 2692 1062 2756 veritate
1087 2700 1121 2755 et
1144 2692 1287 2776 virtute)
1310 2694 1413 2756 mani·

262 2795 384 2861 festum
404 2797 560 2878 estquod
585 2817 677 2860 mens
699 2796 843 2859 humana
866 2816 933 2859 non
954 2796 1075 2861 sufficit
1092 2798 1171 2860 dare
1191 2798 1281 2878 quod
1301 2817 1413 2862 neces-

262 2902 384 2965 sarium
408 2902 514 2965 estin
537 2901 700 2979 omnibns,
723 2921 784 2964 nec
810 2909 922 2983 potest
948 2901 981 2963 in
1005 2900 1141 2983 singulis
1163 2901 1267 2965 vitare
1293 2900 1412 2966 salsum

261 3026 321 3069 nec
355 3004 489 3070 malum.
545 3005 592 3068 Et
621 3005 697 3070 ideo
726 3005 769 3069 ad
800 3014 972 3068 auctorum
1003 3006 1092 3069 dicta
1120 3026 1272 3069 verorum
1302 3017 1414 3089 potest

263 3110 494 3173 convenienter
507 3110 585 3174 addi
601 3119 635 3172 et
650 3109 767 3193 corrigi
782 3110 816 3172 in
831 3108 1094 3191 quampluribus.
1140 3109 1187 3171 Et
1202 3110 1266 3174 hoc
1281 3113 1412 3194 egregie
1511 3139 1515 3149 ¹

261 3214 362 3278 docet
378 3212 505 3278 Seneca
519 3214 552 3277 in
567 3213 651 3277 libro
666 3214 897 3296 quaestionum
916 3211 1133 3287 naturalium;
1156 3215 1312 3295 quoniam
1329 3214 1413 3277 libro

261 3317 382 3382 tertio¹
403 3319 491 3393 dicit,
507 3318 696 3401 ‘opiniones
714 3327 841 3381 veteres
858 3336 974 3398 parum
991 3325 1127 3381 exactas
1149 3337 1240 3394 esse;
1263 3327 1297 3380 et
1315 3319 1413 3382 rudes

261 3422 346 3485 circa
367 3442 482 3485 verum
507 3421 616 3486 adhuc
642 3423 815 3498 errabant3
839 3441 926 3484 nova
949 3431 1042 3484 erant
1068 3421 1180 3484 omnia
1207 3423 1313 3502 primo
1340 3430 1412 3484 ten-

261 3527 420 3602 tantibus,
430 3536 547 3608 postea
559 3525 675 3590 eadem
688 3525 744 3590 illa
759 3525 874 3588 limata
889 3534 986 3602 sunt3
1010 3524 1100 3587 nulla
1117 3545 1167 3588 res
1183 3536 1412 3590 consummata

261 3642 321 3708 est,
340 3632 421 3694 dum
442 3627 575 3713 incipit.'
621 3630 668 3693 Et
689 3630 722 3693 in
746 3625 889 3711 quarto²
906 3628 992 3692 libro
1015 3629 1106 3704 dicit,
1120 3630 1251 3692 ‘veniet
1269 3638 1411 3713 tempus,

259 3754 328 3815 quo
343 3734 407 3797 ista
422 3754 508 3816 quae
524 3733 631 3798 latent
646 3754 743 3811 nunc,
759 3735 792 3796 in
809 3733 916 3796 lucem
938 3733 1009 3796 dies
1026 3732 1190 3809 extrahet,
1205 3743 1238 3797 et
1255 3734 1411 3817 longioris

259 3840 332 3902 aevi
362 3839 541 3921 diligentia.
598 3837 657 3901 Ad
687 3837 916 3920 inquisitiones
939 3846 1108 3901 tantorum
1135 3858 1200 3901 una
1225 3849 1318 3903 aetas
1344 3860 1411 3903 non

259 3942 388 4007 sufficit.
434 3942 545 4007 Multa
566 3942 728 4007 venientis
749 3941 822 4004 aevi
846 3942 989 4024 populus
1012 3942 1125 4024 ignota
1148 3943 1244 4006 nobis
1266 3943 1355 4018 sciet,
1379 3953 1413 4008 et

257 4047 368 4110 veniet
393 4056 536 4128 tempus,
558 4066 626 4127 quo
652 4046 776 4128 posteri
807 4046 910 4108 nostri
937 4055 1007 4109 tam
1037 4056 1152 4128 aperta
1181 4067 1241 4110 nos
1271 4047 1411 4112 nescisse

258 4150 434 4215 mirentur!
480 4151 526 4216 Et
549 4152 624 4215 ideo
647 4145 729 4214 dicit
751 4151 784 4212 in
806 4149 946 4242 prologo
969 4149 1102 4231 majoris
1119 4149 1303 4230 voluminis,
1320 4153 1410 4235 quod

257 4253 337 4317 nihil
352 4265 402 4318 est
418 4253 601 4338 perfectum
621 4256 654 4318 in
672 4254 824 4318 humanis
845 4254 1088 4318 inventionibus
1109 4263 1143 4319 et
1163 4252 1270 4332 infert,
1285 4266 1411 4338 quanto

253 4357 401 4440 juniores
416 4368 510 4423 tanto
525 4358 790 4443 perspicaciores,
806 4358 884 4440 quia
899 4358 1047 4441 juniores
1065 4359 1261 4441 posteriores
1281 4379 1409 4424 succes-

257 4463 350 4526 sione
360 4472 549 4546 temporum
560 4464 785 4546 ingrediuntur
796 4462 925 4527 labores
937 4462 1092 4544 priorum.
1126 4461 1258 4526 Etcum
1268 4461 1338 4542 jam
1351 4481 1410 4545 per

257 4587 390 4630 causam
406 4567 688 4631 etauctoritatem
703 4564 909 4630 verificatum
930 4565 1086 4649 estquod
1102 4563 1187 4642 volo,
1202 4584 1289 4628 nunc
1310 4565 1409 4628 tertio

322 4701 331 4730 ¹
348 4702 391 4752 loc.
403 4702 440 4751 αϊ.
453 4703 486 4751 vi.
499 4717 523 4765 5.
1032 4702 1042 4731 ¹
1058 4699 1118 4749 Nat.
1133 4699 1232 4762 Quaesl.
1246 4700 1287 4748 vii.
1302 4713 1341 4760 25.
