3575 5375
405 633 757 698 MATHEMATICAE
780 634 832 692 IN
843 635 1023 694 .DIVINIS
1051 636 1258 696 UTILITAS.
1348 653 1406 714 193

298 795 475 864 Caeterum
491 799 547 876 illi,
563 801 620 883 qui
639 809 768 882 ponunt
787 800 889 864 modo
905 801 1082 882 praedicto,
1098 802 1223 864 scilicet
1242 802 1333 884 quod
1354 800 1405 865 sol
1419 809 1529 888 Position
1539 809 1568 858 ot

254 901 316 966 tuit
337 915 468 968 creatus
490 905 523 968 in
545 904 671 978 Ariete,
688 905 804 968 dicunt
825 904 916 986 quod
939 906 1110 986 paradisus
1132 918 1183 970 est
1206 909 1268 970 sub
1291 907 1405 989 aequi-
1419 875 1546 926 Paradrse.

252 1006 386 1070 noctiali
422 1019 559 1092 propter
593 1017 893 1091 temperamentum
931 1011 1126 1085 maximum,
1155 1011 1234 1092 quia
1267 1022 1406 1094 uterque

254 1109 346 1175 locus
366 1122 417 1176 est
431 1111 573 1176 nobilior
593 1113 716 1187 mundi,
732 1122 770 1175 ut
788 1123 927 1196 ponunt.
972 1113 1040 1178 Sed
1061 1115 1089 1177 si
1110 1135 1179 1178 aux
1198 1115 1295 1179 suerit
1310 1115 1355 1179 ibi
1370 1115 1404 1177 in

253 1215 416 1299 principio
428 1216 551 1290 mundi,
566 1227 647 1280 tunc
659 1216 720 1281 luit
732 1218 924 1299 oppositum
937 1220 1033 1301 augis
1047 1219 1080 1282 in
1096 1218 1170 1282 loco
1183 1219 1312 1297 Librae,
1322 1240 1404 1302 qua-

253 1330 389 1403 propter
409 1321 441 1383 in
463 1322 674 1405 aequinoctio
695 1320 878 1385 autumnali
900 1321 1049 1404 ejusdem
1065 1325 1142 1387 anni
1164 1324 1225 1388 suit
1240 1323 1290 1388 sol
1305 1344 1406 1406 super

252 1428 370 1490 eadem
396 1426 477 1489 loca.
523 1425 636 1510 Quare
665 1437 745 1491 tunc
771 1427 831 1490 luit
860 1427 1007 1490 solutum
1034 1437 1348 1511 temperamentum,
1370 1437 1404 1491 et

252 1531 385 1595 bonitas
399 1528 645 1614 complexionis
660 1530 802 1612 paradisi
819 1540 853 1594 et
869 1532 1009 1613 regionis
1027 1533 1131 1596 totius
1151 1532 1405 1616 aequinoctialis

252 1635 375 1699 violata
398 1633 535 1718 singulis
558 1636 661 1710 annis,
683 1636 772 1717 quod
795 1645 846 1698 est
868 1645 986 1698 contra
1008 1637 1244 1719 proprietatem
1273 1637 1404 1700 illorum

253 1738 400 1802 locorum
415 1740 598 1803 secundum
618 1740 817 1821 positionem
833 1741 981 1804 istorum.
1026 1741 1115 1805 Nam
1135 1743 1183 1805 sic
1205 1741 1313 1806 sactae
1328 1750 1405 1805 sunt

253 1843 486 1908 inhabitabiles
508 1844 576 1907 cito
598 1853 734 1926 propter
753 1844 945 1926 oppositum
966 1845 1069 1926 augis,
1085 1847 1164 1926 quia
1184 1856 1263 1908 tunc
1285 1844 1335 1908 sol
1352 1854 1404 1907 est

252 1967 357 2030 prope
376 1959 498 2011 terram
522 1959 555 2012 et
575 1948 741 2012 comburit
762 1968 846 2011 eam.
892 1947 959 2011 Sed
983 1948 1045 2031 ipsi
1068 1947 1184 2013 volunt
1206 1951 1298 2030 quod
1319 1958 1404 2012 tem-

252 2053 396 2134 peratior
428 2053 520 2118 locus
553 2053 668 2118 mundi
696 2053 739 2116 sit
768 2053 830 2116 sub
859 2051 1105 2136 aequinoctiali,
1131 2063 1165 2116 et
1195 2055 1343 2116 maxime
1370 2053 1403 2116 in

253 2158 414 2239 paradiso,
430 2158 520 2240 quod
542 2168 632 2222 stare
649 2176 717 2219 non
740 2165 850 2239 potest
869 2176 948 2218 cum
965 2157 1153 2238 praedictis.
1199 2156 1245 2220 Et
1265 2157 1341 2220 ideo
1360 2157 1404 2232 hi,

253 2262 310 2343 qui
348 2262 395 2324 sic
425 2261 594 2344 objiciunt,
619 2259 737 2324 volunt
768 2257 872 2321 solem
904 2258 1003 2323 luisse
1033 2260 1066 2322 in
1098 2260 1209 2336 Libra,
1238 2271 1402 2342 quatenus

253 2366 366 2427 statim
386 2375 559 2448 peccatum
576 2365 676 2430 Adae
691 2373 883 2446 sequeretur
898 2383 1014 2446 poena,
1028 2374 1065 2427 ut
1080 2375 1253 2447 separatus
1267 2386 1288 2428 a
1307 2384 1403 2446 para·

254 2469 329 2532 diso
350 2490 416 2533 non
437 2480 549 2553 posset
571 2469 761 2555 pertingere
778 2467 822 2531 ad
846 2469 955 2550 ipsum
979 2479 1115 2550 propter
1136 2469 1402 2533 combustionem

253 2573 396 2655 regionis
426 2573 514 2640 ultra
543 2572 829 2657 aequinoctialem.
877 2571 923 2635 Et
952 2571 996 2635 ad
1025 2571 1111 2636 hanc
1140 2573 1404 2637 combustionem

253 2675 448 2755 faciendam,
473 2681 588 2743 statim
618 2686 692 2763 post
724 2675 922 2760 ejectionem
951 2675 1051 2741 Adae
1077 2699 1097 2741 a
1123 2677 1277 2761 paradiso
1300 2699 1405 2761 usquc

252 2783 336 2845 citra
353 2784 636 2867 aequinoctialem,
658 2803 792 2846 necesse
814 2782 875 2845 tuit
898 2791 935 2845 ut
958 2781 1008 2846 sol
1031 2781 1117 2845 soret
1139 2782 1173 2844 in
1198 2782 1308 2856 Libra,
1325 2784 1405 2866 quia

252 2887 297 2949 ibi
311 2886 381 2968 jam
398 2890 597 2953 constitutus
611 2888 707 2951 suerit
722 2908 835 2951 versus
850 2888 1042 2971 oppositum
1058 2888 1152 2970 augis
1170 2887 1256 2951 ultra
1278 2889 1404 2953 medie·

252 3000 356 3056 tatem
369 2993 550 3067 eccentrici,
562 3001 726 3075 quatenus
741 2993 854 3055 statim
872 2992 1007 3075 incipiet
1022 2991 1220 3069 combustio,
1231 2994 1321 3073 quod
1338 3013 1404 3056 non

251 3096 425 3162 accidisset
446 3099 477 3159 in
502 3096 626 3161 Ariete.
672 3096 718 3159 Et
739 3096 863 3159 multae
884 3096 1164 3160 considerationes
1183 3097 1405 3161 astronomiae

251 3211 328 3263 sunt
343 3200 405 3264 hic.
453 3201 499 3263 Et
520 3202 595 3265 ideo
614 3208 748 3283 oportet
768 3200 961 3282 theologum
984 3199 1016 3262 in
1033 3200 1096 3263 hac
1112 3211 1206 3282 parte
1221 3201 1304 3263 scire
1318 3199 1403 3263 bene

251 3305 379 3368 radices
393 3304 623 3368 astronomiae.

297 3406 342 3469 Et
368 3407 469 3469 tertio
491 3406 617 3487 indiget
639 3403 815 3487 theologus
838 3407 1153 3471 considerationibus
1179 3408 1402 3472 astronomiae
1414 3419 1554 3486 Iongeviq

252 3529 339 3573 nunc
366 3509 465 3572 tactis
494 3519 629 3591 propter
663 3509 922 3591 longaevitatem
952 3512 1052 3576 Adae
1080 3522 1114 3576 et
1152 3510 1296 3576 filiorum
1331 3513 1403 3595 ejus
1415 3486 1529 3604 ‘md'

251 3634 356 3697 usque
382 3623 458 3696 post
484 3614 556 3677 dies
583 3614 687 3687 Noae,
710 3614 753 3677 de
780 3615 901 3696 quibus
925 3614 1071 3697 loquitur
1096 3618 1267 3699 scriptura.
1313 3617 1402 3681 Nam

252 3720 371 3781 mirum
395 3727 446 3781 est
467 3719 637 3800 quomodo
660 3718 838 3783 declinavit
861 3730 953 3783 aetas
979 3720 1134 3799 humana,
1157 3742 1232 3785 cum
1257 3724 1290 3786 in
1313 3723 1403 3804 prin-

251 3825 339 3905 cipio
365 3824 426 3886 suit
452 3833 566 3888 tantae
593 3822 811 3906 longitudinis
838 3835 872 3888 et
898 3834 950 3888 tot
977 3835 1128 3907 tempora
1152 3827 1309 3890 transivit.
1356 3826 1403 3890 Et

251 3929 327 3991 ideo
361 3928 456 3992 multi
495 3928 671 4009 imponunt
709 3928 852 3992 bonitati
887 3928 1148 3993 constellationis
1181 3931 1334 3996 coelestis
1370 3932 1402 3995 in

251 4034 411 4114 principio
434 4033 559 4107 mundi,
580 4042 613 4096 et
635 4032 764 4095 circiter
786 4031 857 4096 hoc.
906 4032 951 4096 Et
974 4032 1172 4114 investigant
1193 4033 1284 4098 illam
1306 4035 1404 4099 boni-

250 4144 354 4199 tatem
370 4158 428 4220 per
448 4138 627 4218 dignitates
642 4135 859 4219 planetarum,
875 4146 1046 4217 ponentes,
1061 4147 1098 4200 ut
1113 4138 1195 4214 dixi,
1210 4138 1313 4202 solem
1328 4159 1401 4203 esse

251 4240 283 4303 in
305 4240 537 4321 aequinoctiali
556 4248 590 4303 et
607 4241 640 4304 in
663 4240 778 4304 Ariete
798 4250 832 4303 et
848 4240 881 4303 in
896 4259 991 4322 auge,
1007 4251 1042 4303 et
1062 4240 1211 4321 planetas
1226 4242 1311 4306 alios
1330 4262 1403 4307 esse

249 4345 281 4407 in
304 4345 400 4408 bonis
423 4344 503 4408 locis
529 4354 563 4408 et
590 4345 861 4409 convenientibus
886 4344 1085 4426 aspectibus,
1108 4354 1145 4408 ut
1171 4345 1403 4409 fortificaretur

250 4460 368 4513 natura
403 4449 548 4513 humana
577 4468 637 4531 per
666 4448 849 4511 bonitatem
884 4446 1146 4511 constellationis
1178 4469 1199 4512 a
1232 4449 1403 4530 principi0,

249 4564 412 4636 quatenus
442 4555 551 4616 vivere
585 4563 698 4634 posset
734 4553 781 4615 ita
815 4553 882 4616 diu.
929 4551 996 4616 Sed
1032 4552 1195 4636 paulatim
1228 4550 1402 4617 deficiente

249 4658 398 4721 bonitate
421 4659 510 4722 dicta
533 4678 593 4741 per
617 4657 816 4721 mutationes
839 4657 921 4719 situs
944 4653 1152 4738 planetarum
1175 4665 1209 4721 et
1230 4657 1401 4721 stellarum

291 4774 374 4826 vot..
390 4775 414 4825 1.
815 4775 839 4827 0
