3575 5375
350 617 700 677 MATHEMATICAE
725 617 777 675 IN
798 616 1002 676 PHYSICIS
1030 615 1236 676 UTILITAS.
1345 629 1402 691 145

250 801 403 864 praesens
419 783 593 846 ostendere
609 782 716 844 solum
733 801 792 863 per
807 781 949 844 rationes
965 780 1182 862 geometricas
1204 789 1240 841 ut
1257 777 1403 861 promisi,

249 906 452 968 quamquam
479 887 621 949 rationes
644 884 809 950 naturales
827 894 862 948 et
882 884 1131 967 rnetaphysicae
1152 893 1229 947 sunt
1248 884 1403 964 copiosae

250 1000 283 1054 et
306 989 467 1066 efficaces,
491 992 534 1054 de
564 990 685 1072 quibus
707 988 789 1052 alias
811 990 946 1073 grandis
968 1010 1077 1052 sermo
1099 997 1210 1073 potest
1233 986 1310 1052 fieri.
1356 985 1402 1052 Et

250 1113 382 1158 necesse
396 1105 446 1157 est
462 1105 599 1177 propter
613 1113 745 1157 sensum
763 1091 863 1178 vulgi,
880 1094 937 1176 qui
953 1093 1119 1158 violentus
1133 1103 1184 1156 est
1200 1092 1332 1173 ubique.

295 1198 380 1262 Dico
412 1219 491 1281 ergo
521 1200 610 1281 quod
641 1199 667 1260 si
700 1198 836 1262 materia
868 1207 979 1280 potest
1009 1218 1080 1260 esse
1111 1216 1177 1260 una
1205 1215 1342 1259 numero
1369 1194 1402 1259 in
1416 1206 1486 1261 1120,
1499 1208 1517 1256 n

251 1302 389 1375 duobus
402 1303 519 1365 eadem
532 1302 660 1366 ratione
673 1303 705 1365 in
722 1302 827 1366 tribus
840 1311 873 1365 et
889 1303 922 1364 in
938 1301 1083 1366 infinitis.
1130 1300 1218 1364 Nam
1230 1299 1402 1364 consimile
1414 1274 1510 1403 ἒζζᾞ,

250 1417 482 1487 argumentum
507 1405 583 1470 lacit
608 1407 805 1470 Aristoteles
837 1407 869 1468 in
892 1407 1002 1490 capite
1025 1407 1067 1469 de
1096 1425 1202 1469 vacuo
1224 1405 1258 1467 in
1282 1405 1508 1488 quartoinfinite

251 1507 418 1592 physicae,
435 1510 548 1573 dicens
558 1509 579 1586 ¹,
590 1511 681 1591 quod
697 1511 724 1572 si
739 1509 862 1592 aliquid
881 1529 981 1572 unum
999 1521 1031 1573 et
1049 1510 1138 1573 idem
1153 1517 1266 1591 potest
1281 1528 1353 1571 esse
1369 1508 1401 1570 in
1415 1486 1507 1586 ffivebss

251 1613 391 1692 duobus,
406 1623 484 1676 tunc
499 1623 607 1696 potest
624 1632 695 1676 esse
711 1614 744 1676 in
762 1613 877 1688 tribus,
892 1623 926 1677 et
941 1613 988 1677 sic
1007 1613 1039 1676 in
1061 1611 1213 1688 infinitis;
1234 1612 1294 1676 sed
1310 1612 1400 1694 quod
1414 1602 1552 1717 {fflssflilffll

251 1716 636 1816 potestesseinlinfinitis
648 1717 749 1781 habet
758 1717 921 1782 infinitam
934 1718 1130 1800 potentiam.
1162 1717 1253 1799 Ergo
1264 1717 1403 1780 materia
1425 1687 1442 1716 ⁰
1479 1687 1493 1716 τ
1513 1685 1537 1732 y.

250 1829 302 1884 est
318 1818 464 1884 infinitae
475 1821 644 1903 potentiae
656 1841 759 1903 quare
768 1832 802 1886 et
814 1822 977 1886 essentiae
986 1820 1142 1898 infinitae,
1150 1831 1187 1884 ut
1199 1821 1403 1904 probabitur,

251 1934 285 1989 et
300 1925 378 1990 ideo
393 1927 454 1989 erit
471 1925 572 1990 Deus.
620 1924 687 1990 Sed
703 1927 958 2008 consequentiae
970 1928 1080 1990 dictae
1094 1947 1160 1990 non
1174 1935 1311 2008 possunt
1323 1945 1402 1990 con·

251 2030 421 2108 tradicere,
441 2029 565 2094 scilicet
587 2031 677 2112 quod
699 2041 857 2113 sequatur
879 2033 969 2113 quod
993 2031 1132 2094 materia
1154 2031 1271 2093 eadem
1296 2030 1402 2112 possit

250 2155 323 2198 esse
353 2135 385 2196 in
416 2133 551 2198 infinitis
580 2135 606 2198 si
637 2145 755 2210 essent,
782 2146 816 2199 et
842 2136 919 2198 ideo
948 2136 1133 2199 concedunt
1162 2136 1192 2198 ei
1215 2135 1400 2216 potentiam

251 2237 414 2304 infinitam
437 2240 496 2302 sed
523 2248 647 2323 negant
673 2240 835 2304 essentiae
857 2238 1063 2313 infinitatem,
1088 2239 1166 2321 quia
1191 2237 1271 2301 nihil
1300 2237 1402 2300 habet

251 2344 426 2406 essentiam
444 2342 606 2407 infinitam
624 2343 684 2407 nisi
703 2343 804 2407 Deus.
852 2342 898 2405 Et
910 2362 984 2406 cunr
1001 2350 1171 2406 arctantur
1185 2342 1219 2404 in
1234 2341 1296 2406 hac
1308 2352 1402 2425 parte

252 2447 337 2510 circa
358 2446 552 2510 infinitatem
572 2448 751 2530 potentiae,
770 2447 929 2530 incipiunt
948 2447 1055 2510 verbis
1074 2444 1237 2516 vacillare,
1253 2445 1402 2509 dicentes

250 2549 341 2632 quod
365 2553 514 2633 potentia
538 2552 696 2615 materiae
718 2561 768 2615 est
794 2551 931 2628 infinita,
953 2551 1038 2636 sicut
1059 2551 1209 2634 potentia
1239 2550 1399 2614 continui.

254 2654 323 2719 Sed
339 2655 427 2719 istud
444 2655 523 2719 nihil
541 2666 601 2729 est,
617 2656 693 2737 quia
709 2655 792 2721 haec
813 2656 965 2738 potentia
980 2674 1048 2719 non
1070 2665 1121 2721 est
1142 2664 1290 2739 respectu
1308 2664 1406 2727 actus

253 2760 382 2834 infiniti,
399 2780 459 2825 nec
475 2772 624 2843 respectu
648 2760 850 2825 infinitorum
872 2762 969 2825 simul
990 2771 1025 2825 et
1041 2760 1073 2824 in
1092 2772 1168 2825 actu
1192 2761 1402 2825 consideran-

252 2867 381 2945 dorum,
395 2874 427 2927 et
444 2865 518 2927 idco
534 2864 615 2928 haec
631 2866 782 2947 potentia
794 2885 860 2930 non
876 2876 928 2929 est
943 2875 1019 2929 actu
1033 2864 1168 2943 infinita,
1177 2866 1235 2928 sed
1252 2864 1403 2947 potentia

252 2978 391 3033 tantum.
437 2968 505 3033 Sed
536 2970 687 3051 potentia
723 2968 851 3033 infinita
882 2969 914 3031 in
946 2979 1076 3035 tantum
1114 2970 1212 3033 datur
1245 2969 1402 3033 materiae

252 3074 434 3137 secundum
450 3073 573 3138 dictam
592 3073 797 3157 positionem,
819 3085 855 3138 ut
870 3073 897 3136 si
914 3085 1024 3138 essent
1044 3084 1120 3138 actu
1137 3073 1274 3145 infinita,
1291 3085 1403 3155 posset

254 3178 392 3242 materia
408 3178 525 3242 eadem
541 3198 679 3241 numero
699 3198 771 3241 esse
794 3177 968 3243 actualiter
989 3178 1100 3241 inillis
1120 3177 1265 3241 infinitis.
1311 3177 1403 3259 Ergo

252 3282 426 3347 actualiter
442 3293 476 3347 et
491 3282 651 3345 intensius
674 3280 776 3345 habet
799 3282 994 3365 potentiam,
1007 3279 1179 3345 infinitam.
1226 3280 1401 3345 Caeterum

252 3388 402 3469 potentia
431 3388 577 3450 continui
608 3406 675 3449 non
705 3397 755 3450 est
784 3385 902 3449 similis
930 3386 1101 3467 potentiae
1138 3384 1287 3448 divinae:
1323 3386 1402 3466 quia

252 3490 401 3573 potentia
415 3491 527 3554 divina
549 3512 613 3555 non
634 3491 736 3555 habet
754 3489 970 3554 arctationem
992 3500 1026 3553 et
1042 3489 1282 3567 limitationem,
1298 3509 1402 3571 quan-

252 3605 323 3657 tum
340 3594 384 3658 ad
400 3594 564 3659 actualem
583 3596 795 3659 existentiam
815 3595 855 3658 in.
875 3593 1025 3677 pluribus
1043 3604 1077 3657 et
1099 3594 1132 3657 in
1154 3591 1298 3657 infinitis.
1342 3591 1401 3658 Ad

253 3719 353 3781 quam
376 3720 442 3763 non
466 3720 502 3763 se
524 3701 679 3764 extendit
706 3699 856 3783 potentia
879 3699 1034 3778 continui,
1056 3700 1115 3763 sed
1140 3697 1299 3761 materiae
1324 3718 1403 3761 con·

250 3804 377 3867 ceditur
393 3803 448 3867 illa
464 3805 579 3868 eadem
596 3806 772 3869 existentia
788 3805 821 3867 in
841 3803 998 3887 pluribus,
1014 3812 1048 3868 et
1065 3804 1112 3867 sic
1134 3803 1167 3867 in
1186 3800 1329 3882 infinitis,
1345 3823 1403 3884 per

251 3908 482 3973 auctoritatem
520 3920 563 3973 et.
591 3910 907 3973 demonstrationem
944 3907 1142 3973 Aristotelis
1190 3907 1404 3991 Quapropter

252 4013 402 4095 potentia
433 4014 589 4079 materiae
627 4035 693 4078 non
734 4025 784 4079 est
822 4013 938 4077 similis
968 4014 1138 4095 potentiae
1168 4012 1314 4076 continui
1344 4014 1402 4077 sed

251 4117 390 4181 divinae

296 4220 471 4285 Caeterum
510 4223 605 4287 aliter
643 4222 797 4286 vacillant
835 4222 867 4285 in
906 4221 968 4285 hac
1006 4232 1100 4305 parte
1129 4223 1284 4296 dicentes,
1313 4221 1402 4303 quod

252 4326 401 4407 potentia
418 4327 575 4392 maten'ae
589 4336 640 4390 est
656 4326 796 4409 passiva,
811 4336 845 4389 et
864 4326 1016 4409 potentia
1035 4327 1146 4390 divina
1160 4326 1278 4390 activa.
1325 4324 1403 4387 Hoc

251 4429 340 4493 enim
356 4428 547 4495 excluditur
562 4431 675 4494 multis
694 4431 813 4494 modis.
860 4430 948 4494 Nam
964 4431 1115 4514 potentia
1136 4429 1265 4513 passiva
1283 4427 1403 4491 dicitur

251 4543 402 4617 respectu
415 4536 700 4600 transmutationis
713 4534 943 4618 suscipiendae
952 4536 996 4597 ab
1004 4544 1134 4617 agente.
1174 4533 1241 4598 Sed
1253 4530 1402 4613 potentia

638 4654 645 4685 ¹
663 4654 723 4705 Nat.
736 4654 853 4704 Ama.
865 4655 896 4703 iv.
911 4656 937 4713 a,
950 4658 963 4713 ς
978 4668 1016 4715 ¹3·

296 4737 404 4817 †voc.
418 4751 441 4802 1.
820 4752 842 4802 L
