3575 5375
412 636 761 697 MATHEMATICAE
784 638 835 696 IN
857 638 1028 696 DIVINIS
1056 638 1262 698 UTILITAS.
1349 655 1411 717 213

260 797 404 880 seipsum
421 797 588 882 ignorasse
606 799 697 862 iridis
712 809 865 863 naturam
880 799 1052 864 humiliter
1072 798 1242 865 confessus
1257 810 1317 863 est.
1364 799 1410 863 Et

260 903 308 966 sic
334 904 376 966 de
399 904 553 966 omnibus
580 903 785 987 philosophis
808 913 934 968 certum
962 914 1022 980 est,
1044 905 1135 986 quod
1162 904 1274 968 nullus
1299 905 1409 987 potuit

260 1005 431 1071 scientiam
448 1008 535 1071 iridis
550 1009 709 1072 obtinere.
748 1005 821 1072 Nec
836 1008 963 1083 mirum,
977 1028 1052 1072 curn
1068 1028 1197 1072 sacram
1212 1009 1408 1092 scripturam

259 1130 325 1173 non
349 1111 394 1175 ita
417 1109 593 1193 diligenter
615 1113 811 1195 perscrutati
833 1123 934 1186 sunt3
959 1113 1045 1176 sicut
1067 1111 1174 1177 suerat
1196 1115 1243 1177 eis
1266 1133 1408 1177 necesse.

260 1213 349 1277 Nam
376 1235 491 1279 omnes
518 1216 703 1299 philosophi
731 1218 967 1299 ignoraverunt
994 1237 1129 1280 eausam
1153 1216 1286 1280 finalem
1309 1217 1408 1280 iridis

260 1317 329 1382 Sed
355 1319 430 1384 finis
459 1322 601 1402 imponit
628 1323 858 1386 necessitatem
886 1321 933 1385 eis
953 1343 1041 1405 quae
1064 1331 1139 1384 sunt
1168 1323 1211 1384 ad
1238 1321 1348 1395 finem,
1372 1332 1408 1384 ut

259 1421 458 1488 Aristoteles
470 1425 550 1488 dicit
559 1426 706 1491 secundo
720 1425 945 1506 Physicorum,
958 1435 1126 1490 etcertum
1139 1437 1189 1489 est
1200 1425 1234 1488 in
1245 1424 1406 1489 omnibus

261 1527 377 1590 Finem
394 1539 518 1602 autem,
535 1541 672 1613 propter
685 1550 785 1611 quern
801 1540 853 1594 est
871 1530 937 1605 iris,
947 1529 1037 1594 solus
1052 1541 1168 1594 textus
1180 1530 1244 1594 Dei
1259 1529 1408 1615 explicat

259 1633 437 1712 evidenter,
468 1633 604 1711 scilicet,
636 1655 711 1698 cum
745 1635 874 1707 dicitur.
905 1633 1046 1698 ‘Arcum
1077 1654 1188 1697 meum
1220 1654 1344 1717 ponam
1375 1634 1407 1695 in

259 1736 402 1801 nubibus
427 1737 529 1815 coeli,’
552 1738 610 1826 &e
657 1738 714 1802 Ex
736 1759 805 1821 quo
827 1738 976 1813 habetur,
998 1739 1089 1820 quod
1111 1748 1227 1802 contra
1249 1737 1408 1801 diluvium

260 1848 294 1902 et
323 1840 561 1906 abundantiam
594 1862 754 1925 aquarum
784 1853 835 1906 est
868 1863 964 1907 arcus
995 1841 1059 1906 Dei
1089 1842 1270 1906 ordinatus.
1317 1842 1409 1925 Ergo

260 1954 402 2025 oportet,
424 1947 515 2029 quod
542 1949 806 2029 quandocunque
827 1955 968 2030 apparet
989 1946 1043 2010 hic
1065 1966 1160 2011 arcus
1182 1947 1216 2010 in
1241 1945 1344 2024 coelo,
1366 1947 1411 2010 sit

258 2048 367 2112 valida
382 2051 593 2133 consumptio
606 2050 844 2115 humiditatum
859 2070 1041 2132 aquearum
1055 2072 1064 2129 ;
1087 2061 1121 2114 et
1136 2050 1199 2113 hoc
1219 2060 1270 2114 est
1285 2070 1409 2114 verum.

262 2152 350 2215 Nam
377 2156 481 2218 nubes
508 2153 715 2218 resolvuntur
739 2155 959 2229 abundanter,
985 2165 1020 2220 et
1047 2156 1227 2218 rorationes
1252 2152 1336 2218 fiunt
1362 2155 1408 2218 in·

261 2254 382 2334 finitae,
393 2259 479 2322 sicut
493 2257 682 2341 philosophi
698 2260 820 2334 dicunt,
835 2268 870 2322 et
883 2278 945 2322 nos
955 2259 1107 2323 videmus
1124 2259 1156 2321 in
1170 2278 1291 2340 magna
1304 2267 1409 2341 parte.

261 2359 329 2424 Sed
359 2363 567 2444 consumptio
598 2362 804 2426 humiditatis
834 2383 961 2445 aqueae
995 2384 1060 2427 non
1093 2373 1145 2426 est
1179 2365 1241 2427 nisi
1272 2372 1408 2445 propter

260 2464 384 2547 aliquid
411 2467 499 2547 quod
527 2466 649 2531 habeat
676 2467 832 2531 virtutem
856 2467 1080 2531 consumendi.
1124 2467 1217 2530 Nihil
1239 2475 1351 2531 autem
1375 2467 1408 2530 in

260 2569 472 2651 generatione
510 2571 601 2634 iridis
638 2571 821 2635 invenimus
861 2571 923 2634 nisi
961 2572 1070 2634 radios
1107 2572 1188 2636 solis
1223 2581 1259 2635 et
1296 2571 1409 2635 nubes.

262 2674 292 2738 N
297 2674 410 2738 ubium
440 2675 655 2759 congregatio
684 2685 734 2740 est
764 2696 862 2741 causa
894 2676 1091 2755 materialis;
1128 2697 1209 2760 ergo
1241 2676 1408 2741 radiorum

260 2778 420 2863 projectio
435 2789 486 2844 est
500 2800 600 2845 causa
621 2780 776 2847 efficiens.
807 2780 875 2846 Sed
892 2782 977 2845 radii
991 2781 1172 2845 incidentes
1189 2801 1256 2844 non
1272 2790 1410 2864 possunt

259 2904 395 2967 magnas
410 2894 445 2949 et
456 2885 622 2949 mirabiles
638 2886 845 2968 operationes
860 2884 1026 2969 perficere,
1038 2886 1195 2969 quianon
1210 2897 1410 2950 concurrunt

259 2990 301 3052 ad
322 2989 482 3067 invicem;
504 3010 681 3055 concursus
699 3001 811 3055 autem
829 2992 987 3055 virtutum
1008 2991 1154 3074 exigitur
1168 2992 1211 3053 ad
1229 2989 1303 3066 hoc,
1318 2992 1409 3073 quod

259 3094 368 3158 valida
388 3096 538 3177 operatio
560 3097 728 3159 educatur.
774 3095 842 3160 Sed
859 3114 1038 3159 concursus
1052 3114 1118 3157 non
1133 3103 1246 3176 potest
1261 3093 1332 3156 fieri
1348 3094 1408 3158 nisi

259 3218 318 3282 per
349 3197 561 3263 reflexionem
590 3209 625 3263 et
655 3199 858 3263 fractionem.
904 3197 1118 3281 Quapropter
1148 3206 1289 3281 oportet,
1318 3198 1407 3280 quod

260 3304 315 3365 iris
337 3314 512 3383 generetur
533 3323 592 3385 per
614 3302 757 3366 infinitas
779 3302 975 3366 reflexiones
995 3302 1048 3365 vel
1069 3301 1243 3365 fractiones
1261 3300 1294 3363 in
1314 3300 1409 3364 stilli-

259 3408 354 3471 cidiis
376 3407 510 3473 infinitis
532 3409 601 3471 sine
624 3406 798 3471 intervallo
818 3406 1022 3479 cadentibus,
1039 3416 1078 3469 ut
1098 3406 1146 3469 sic
1169 3415 1239 3468 tam
1261 3404 1408 3467 colorum

259 3531 360 3595 quam
387 3510 512 3594 figurae
537 3512 659 3577 veritas
687 3531 746 3596 per
772 3511 964 3593 hujusmodi
990 3509 1279 3592 multiplicationes
1308 3526 1410 3591 penes

260 3614 391 3698 figuras,
407 3616 557 3698 angulos,
573 3636 612 3680 ac
631 3615 735 3680 lineas
754 3616 950 3692 inveniatur,
965 3624 999 3679 et
1019 3633 1085 3678 non
1106 3634 1165 3697 per
1182 3614 1408 3677 diversitatem

260 3722 418 3786 materiae
441 3721 537 3785 nubis
561 3730 597 3785 ut
622 3720 655 3783 in
677 3730 776 3784 textu
800 3720 999 3784 Latinorum
1027 3719 1216 3783 continetur
1237 3730 1271 3783 et
1293 3736 1409 3781 ornnes

259 3826 407 3901 credunt,
422 3825 507 3889 sicut
530 3825 628 3889 certis
648 3824 886 3907 experimentis
906 3824 1084 3907 explicabo
1106 3843 1182 3887 cum
1202 3823 1245 3886 de
1266 3823 1410 3887 scientiis

258 3930 573 4013 experimentalibus
601 3928 717 3995 faciam
741 3929 955 3993 mentionem.
1001 3928 1095 3993 Sicut
1117 3947 1198 4011 ergo
1220 3926 1408 4011 philosophi

259 4042 395 4117 propter
429 4034 647 4115 ignorantiam
675 4034 856 4116 scripturae
882 4053 996 4098 sacrae
1024 4052 1089 4097 non
1119 4042 1299 4116 potuerunt
1327 4033 1411 4095 seire

257 4139 432 4203 veritatem
455 4138 552 4216 iridis,
575 4138 622 4201 sic
644 4138 763 4203 eodem
789 4139 890 4201 modo
913 4135 1115 4220 impossibile
1138 4145 1189 4200 est
1211 4135 1411 4218 philosopho

259 4242 382 4306 infideli
405 4245 570 4325 attingere
591 4243 633 4306 ad
658 4241 792 4326 plenam
820 4243 1051 4307 certitudinem
1077 4250 1247 4304 creaturae
1272 4237 1410 4320 alicujus

292 4452 299 4479 ¹
320 4452 406 4501 Lunnr
414 4452 551 4501 Rainbow.
579 4448 727 4501 Aristotle’s
737 4450 826 4499 words
837 4464 882 4499 are
894 4448 1155 4513 (Meteomlogr'oomm,
1163 4448 1198 4498 iii.
1210 4461 1266 4508 cap.
1280 4447 1307 4510 a)
1317 4462 1324 4495 ε
1343 4444 1369 4493 tr
1379 4444 1411 4507 τῇ

258 4531 401 4592 πανσελήνῳ
411 4528 458 4593 'peip
466 4529 579 4593 γενέσθαι
588 4528 682 4592 ἀνάγκη
691 4527 721 4576 τὸ
729 4527 824 4591 μέλλον
835 4529 944 4588 ἔσεσθαι,
954 4527 994 4576 nni
1002 4526 1061 4576 τίκτε
1069 4524 1253 4587 ἀνατελλούσης
1261 4522 1278 4584 h
1286 4520 1410 4585 dwofiorpr·

259 4608 338 4672 hiup
349 4610 376 4656 lv
387 4608 470 4658 ἔτεσιν
481 4606 540 4671 ὑπὲρ
550 4606 583 4657 τὸ
594 4607 747 4669 πεντήκοντα
758 4606 791 4656 th
803 4604 953 4669 trntxopo
963 4606 1045 4668 μόνον.
1079 4606 1167 4654 Bacnn
1182 4604 1234 4653 had
1248 4603 1317 4665 good
1332 4617 1411 4651 cause

259 4697 287 4739 to
299 4688 427 4752 complain
439 4687 469 4737 ol
476 4686 645 4737 Aristotelian
657 4686 817 4737 translation.
