3575 5375
395 644 746 703 MATHEMATICAE
770 645 821 702 IN
843 644 1015 703 DIVINIS
1042 645 1249 704 UTILITAS.
1340 662 1398 722 195

246 805 416 870 evidenter
436 809 584 871 ostendit
602 806 692 871 omni
717 807 853 884 homini,
870 809 927 890 qui
948 809 1010 872 scit
1030 809 1192 872 vocabula
1215 807 1343 872 Graeca
1364 822 1398 874 et

247 909 415 975 Hebraica
430 913 472 975 de
489 911 657 977 mensibus
672 913 760 976 anni.

290 1016 369 1078 Non
391 1016 498 1080 solum
525 1038 604 1081 vero
628 1019 673 1080 de
699 1017 860 1101 principio
887 1019 1003 1082 mundi
1034 1028 1068 1082 et
1098 1018 1176 1081 anni
1206 1018 1399 1084 naturaliter

246 1120 368 1183 accidit
405 1122 571 1185 dubitatio
608 1122 698 1205 apud
737 1121 934 1203 theologos3
971 1124 1029 1187 sed
1061 1125 1104 1187 de
1134 1122 1296 1204 principio
1330 1124 1397 1186 diei

247 1224 414 1302 naturalis,
436 1247 479 1288 an
506 1226 631 1291 scilicet
658 1247 728 1288 nox
754 1228 968 1309 praecesserit
994 1227 1083 1290 diem
1114 1224 1319 1291 artificialem
1344 1227 1399 1290 vel

247 1347 266 1389 e
292 1330 471 1393 contrario.
518 1331 563 1395 Et
596 1331 660 1394 hoc
690 1340 740 1394 est
774 1332 926 1413 quintum
965 1331 1019 1395 hic
1058 1332 1279 1395 inducendum
1312 1331 1400 1396 circa

248 1431 467 1498 substantiam
503 1436 670 1517 temporis.
718 1435 762 1498 Et
793 1435 889 1498 multi
921 1436 1037 1500 dicunt
1063 1436 1151 1500 diem
1183 1437 1399 1517 praecessisse

249 1549 392 1614 noctem,
408 1549 443 1602 et
466 1551 638 1622 exponunt
659 1541 853 1623 scripturam
876 1550 913 1604 ut
933 1550 1081 1623 possunt.
1128 1539 1194 1604 Sed
1216 1542 1398 1604 secundum

251 1640 498 1724 Hieronymum
511 1665 608 1727 super
618 1643 739 1725 Jonam
751 1654 785 1708 et
794 1664 893 1726 super
906 1644 1127 1720 Matthaeum‚
1136 1665 1207 1708 nox
1222 1645 1399 1729 praecessit

251 1746 348 1811 diem.
395 1746 493 1822 Nam,
512 1758 549 1813 ut
571 1749 619 1812 ait
641 1747 867 1831 Alsraganus¹
890 1749 925 1813 in
947 1750 1147 1813 astronomia
1170 1770 1237 1823 sua,
1253 1749 1400 1814 ‘Omnes

250 1851 411 1926 nationes,
437 1871 523 1933 quae
553 1862 690 1918 utuntur
721 1854 889 1917 mensibus
919 1853 1100 1931 lunaribus,
1128 1853 1287 1936 incipiunt
1310 1855 1398 1917 diem

251 1956 295 2018 ab
322 1975 439 2019 occasu
469 1954 568 2020 solis'
613 1956 680 2020 Sed
710 1956 857 2021 Hebraei
884 1967 919 2022 et
940 1957 1103 2039 scriptura
1125 1967 1262 2022 utuntur
1281 1959 1402 2021 meusi-

251 2058 313 2121 bus
343 2059 511 2124 lunaribus
544 2070 577 2124 et
607 2062 709 2139 annis,
732 2062 818 2126 sicut
847 2071 958 2145 potest
988 2062 1121 2143 probari
1146 2063 1256 2125 modis
1278 2061 1400 2125 multis.

252 2162 345 2245 Ergo
369 2163 516 2228 Hebraei
547 2173 581 2227 et
610 2165 772 2246 scriptura
801 2173 941 2228 utuntur
966 2165 1021 2229 die
1042 2164 1184 2228 naturali
1209 2164 1301 2246 cujus
1331 2185 1402 2228 nox

252 2267 419 2350 praecedit
436 2269 536 2333 diem.
583 2269 630 2334 Et
652 2270 728 2333 ideo
746 2269 879 2333 tabulae
901 2269 1129 2333 Hebraeorum
1153 2269 1401 2342 astronomicae,

253 2372 373 2452 quibus
401 2372 547 2437 Hebraei
571 2375 621 2436 usi
643 2384 721 2437 sunt
751 2373 784 2436 in
808 2371 1043 2437 certificatione
1069 2383 1268 2457 temporum,
1294 2371 1402 2436 factae

253 2485 330 2540 sunt
364 2478 406 2541 ad
442 2497 598 2541 occasum
636 2476 716 2540 solis
749 2477 893 2541 civitatis
924 2476 1117 2559 Jerusalem,
1148 2477 1235 2541 sicut
1268 2477 1403 2541 tabulae

253 2589 520 2645 astronomorum
546 2581 741 2645 Latinorum
768 2582 873 2646 sactae
900 2592 978 2645 sunt
1004 2582 1047 2645 ad
1067 2581 1240 2646 meridiem
1261 2582 1404 2645 'civitatis

254 2685 364 2750 Toleti
384 2686 435 2751 vel
458 2684 600 2750 alterius.
647 2686 786 2769 Propter
804 2688 894 2769 quod
913 2688 947 2750 in
965 2685 1039 2771 lege
1058 2688 1308 2765 determinatur,
1324 2696 1361 2751 ut
1384 2708 1404 2750 a

254 2811 391 2874 vespera
414 2791 486 2855 dies
508 2790 654 2873 incipiat.
702 2791 790 2855 Nam
811 2792 948 2855 Levitici
971 2791 1058 2854 xxiii
1081 2792 1201 2856 dicitur
1216 2799 1255 2856 ‘a
1268 2811 1406 2873 vespere

254 2895 297 2958 ad
312 2914 484 2977 vespemm
502 2894 711 2959 celebrabitis
727 2896 866 2960 sabbata
880 2892 1011 2959 vestra.¹

299 2997 428 3081 Quarta
452 3019 530 3063 vero
557 2999 654 3062 radix
685 3000 940 3064 mathematicae
964 3008 1115 3082 respectu
1142 2999 1330 3084 theologiae
1356 3009 1406 3064 est
1421 3018 1459 3080 (4)
1473 3016 1523 3066 ue-

256 3125 358 3189 penes
391 3105 574 3169 accidentia
609 3114 644 3169 et
678 3106 848 3189 passiones
881 3114 1082 3187 temporum,
1111 3104 1297 3185 cujusmodi
1330 3084 1558 3199 suntssffiffls

255 3210 469 3294 primationes
491 3218 525 3271 et
545 3218 693 3273 caeterae
716 3218 842 3272 aetates
866 3208 962 3271 lunae
983 3218 1017 3269 et
1035 3208 1222 3272 embolismi
1244 3219 1277 3272 et
1292 3207 1405 3289 hujus·
1419 3216 1515 3293 logical

257 3314 357 3378 modi.
403 3314 534 3376 Textus
571 3312 657 3375 enim
695 3321 728 3374 et
766 3311 992 3392 expositiones
1027 3311 1201 3375 doctomm
1239 3312 1406 3395 requirunt
1419 3282 1527 3345 9²⁰⁰d⁵¹

258 3438 416 3499 magnam
432 3418 569 3479 istorum
585 3415 821 3496 cognitionem,
836 3425 869 3478 et
892 3415 1039 3477 maxime
1059 3416 1238 3478 secundum
1257 3415 1407 3479 Hebrae-

257 3542 351 3588 orum
367 3520 645 3585 considerationes
660 3531 729 3584 tam
746 3519 984 3583 astronomicas
998 3538 1100 3600 quam
1117 3519 1256 3584 usuales.
1287 3519 1408 3584 Differt

257 3637 369 3690 autem
391 3626 473 3690 haec
494 3625 589 3688 radix
610 3645 630 3687 a
651 3624 830 3707 praedicta,
851 3625 941 3706 quod
961 3623 1016 3688 illa
1037 3622 1188 3687 consistit
1209 3644 1311 3707 penes
1330 3626 1408 3687 sub·

256 3732 414 3795 stantiam
431 3740 628 3814 temporum,
641 3729 723 3793 haec
734 3750 813 3793 vero
825 3748 927 3811 penes
939 3728 1156 3811 proprietates
1168 3737 1203 3792 et
1214 3730 1408 3794 accidentIa.

258 3834 465 3900 Considerari
491 3855 572 3916 ergo
594 3842 726 3918 oportet
749 3832 908 3897 radicales
930 3833 1088 3897 veritates
1109 3832 1196 3896 circa
1217 3833 1408 3916 hujusmodi

258 3941 437 4022 passiones,
459 3949 638 4021 antequam
666 3948 875 4003 convertatur
900 3957 1010 4001 sermo
1034 3938 1077 4001 ad
1103 3938 1309 4021 scripturam,
1331 3940 1410 4022 quia

259 4044 354 4109 aliter
390 4044 559 4125 persuasio
596 4052 683 4106 esset
720 4042 856 4107 omnino
894 4040 1154 4123 inintelligibilis.
1208 4041 1294 4106 Dico
1329 4064 1409 4125 ergo

259 4150 349 4231 quod
379 4148 533 4232 pn‘matio
563 4146 660 4211 lunae
689 4148 870 4210 secundum
904 4156 1112 4209 astronomos
1141 4166 1207 4210 non
1236 4148 1356 4211 dicitur
1389 4168 1410 4215 a

259 4252 386 4316 visione
408 4272 514 4315 novae
541 4250 637 4314 lunae
664 4251 754 4333 apud
783 4250 963 4327 Hebraeos,
985 4258 1023 4313 ut
1047 4249 1151 4331 aliqui
1176 4250 1220 4313 de
1245 4250 1411 4331 theologis

260 4356 425 4431 dixerunt,
442 4355 598 4437 quoniam
619 4355 684 4418 hoc
699 4364 832 4437 tempus
848 4374 915 4416 non
933 4364 983 4418 est
1002 4353 1148 4435 aequale,
1162 4354 1250 4417 sicut
1264 4354 1412 4417 ostendit

168 4494 172 4499 ·
261 4460 472 4543 Alsraganus.
517 4458 585 4524 Sed
616 4457 742 4521 lunatio
773 4477 839 4521 una
870 4468 1032 4540 aequatur
1066 4457 1172 4522 alteri.
1216 4456 1411 4540 Aliquando

262 4564 349 4630 enim
362 4566 395 4627 in
408 4583 506 4627 mane
518 4563 647 4626 videtur
657 4561 816 4627 novacula
828 4563 927 4626 lunae
939 4562 1057 4625 veteris
1072 4560 1105 4624 in
1121 4580 1181 4623 suo
1190 4560 1411 4641 decremento,

451 4703 460 4733 ¹
478 4703 531 4754 See
542 4710 604 4753 note
615 4719 649 4752 on
660 4703 816 4767 Aliraganus
828 4705 854 4753 in
867 4705 913 4754 the
924 4702 1106 4767 geographical
1117 4702 1217 4753 aection

804 4788 828 4837 0
847 4790 867 4839 2
