3575 5375
375 633 418 694 54
580 617 737 676 OPERIS
761 617 950 687 MAJORIS
975 618 1089 677 PARS
1115 616 1324 677 SECUNDA.

375 779 540 862 pulchras,
554 789 588 844 et
600 782 643 845 de
654 781 801 845 moribus
813 791 847 845 et
858 782 902 845 de
913 782 983 846 vita
994 780 1103 846 sutura
1119 781 1224 845 multa
1239 777 1431 861 conscripsit
1447 796 1535 859 quae

377 904 491 947 sacrae
507 884 572 947 Dei
588 885 770 969 sapientiae
786 885 930 949 multum
945 886 1156 959 concordant,
1180 896 1217 949 ut
1233 886 1266 947 in
1289 883 1405 948 morali
1422 881 1535 945 Philo-

379 988 499 1071 sophia
521 989 733 1072 explanabo;
760 998 795 1052 et
817 989 860 1051 ab
883 990 947 1053 hoc
970 990 1229 1053 aestimaverunt
1250 987 1346 1052 multi
1367 983 1534 1050 Catholici

379 1091 441 1154 viri
461 1094 552 1175 quod
571 1093 744 1157 audiverat
759 1092 939 1174 Jeremiam
961 1092 1160 1176 prophetam
1177 1094 1209 1156 in
1225 1092 1397 1174 Aegypto.
1443 1089 1534 1151 Nam

381 1195 579 1280 Aegyptum
603 1198 700 1278 petiit
722 1210 858 1280 propter
881 1198 1088 1281 sapientiam,
1112 1206 1145 1261 et
1168 1217 1188 1260 a
1210 1195 1359 1260 barbaris
1381 1194 1535 1257 sacerdo-

380 1300 470 1363 tibus
495 1301 674 1364 instructus
700 1312 762 1376 est,
783 1311 820 1364 ut
845 1301 960 1365 scribit
987 1302 1117 1365 Tullius
1141 1300 1226 1364 libro
1253 1298 1535 1364 Academicorum

381 1405 506 1486 quinto.
552 1403 620 1469 Sed
642 1413 756 1468 tamen
772 1404 981 1488 Augustinus
1001 1406 1081 1469 dicit
1100 1406 1190 1487 quod
1213 1424 1277 1467 non
1302 1403 1365 1466 suit
1383 1413 1536 1483 tempore

379 1507 552 1588 Jeremiae.
609 1509 698 1573 Nam
728 1510 889 1590 Jeremias
920 1520 956 1573 ut
986 1510 1067 1573 dicit
1095 1529 1183 1572 nono
1213 1510 1256 1572 de
1289 1507 1432 1572 Civitate
1460 1502 1536 1579 Dei,

382 1614 490 1693 primo
505 1613 716 1696 prophetavit
731 1624 883 1698 tempore
902 1616 1010 1696 quarti
1027 1615 1113 1697 regis
1127 1634 1148 1676 a
1164 1612 1310 1677 Romulo
1325 1612 1381 1695 qui
1396 1619 1536 1674 vocatus

382 1726 435 1779 est
465 1715 582 1780 Ancus
614 1717 790 1794 Martius¹‚
820 1729 854 1783 et
884 1719 918 1781 in
955 1729 1106 1801 tempore
1143 1718 1250 1801 quinti
1288 1716 1373 1797 regis
1412 1713 1537 1777 scilicet

383 1817 557 1902 Tarquinii
574 1820 686 1884 Prisci.
718 1821 786 1887 Sed
800 1820 896 1887 Plato
911 1834 989 1887 tunc
1006 1842 1072 1885 non
1089 1821 1170 1899 suit;
1195 1822 1299 1885 immo
1314 1830 1390 1903 post
1402 1829 1537 1901 tempus

383 1917 547 1999 Jeremiae
569 1918 636 1983 sere
659 1942 718 2003 per
735 1942 837 1985 annos
858 1932 1005 1998 centum,
1027 1934 1062 1986 ut
1084 1923 1165 1986 dicit
1188 1920 1397 2004 Augustinus
1418 1928 1539 1981 octavo

383 2018 479 2095 libro,
494 2028 592 2083 natus
609 2030 661 2084 est
677 2020 782 2084 Plato.
828 2021 896 2086 Sed
916 2032 952 2085 ut
967 2022 1023 2085 alii
1041 2021 1265 2085 aestimabant
1288 2018 1412 2081 invenit
1433 2014 1536 2079 LXX

384 2122 579 2204 interpretes
594 2142 614 2186 a
629 2124 750 2206 quibus
765 2124 989 2200 instrueretur,
1001 2126 1085 2189 sicut
1099 2124 1307 2207 Augustinus
1319 2122 1401 2186 dicit
1416 2129 1539 2184 octavo

384 2225 477 2290 libro.
517 2227 563 2290 Et
578 2227 706 2291 Tullius
722 2227 806 2291 libro
822 2229 864 2293 de
877 2227 1057 2293 Senectute
1071 2229 1151 2292 dicit
1166 2229 1256 2310 quod
1273 2224 1369 2291 Plato
1387 2234 1540 2288 mortuus

382 2340 434 2393 est
458 2330 630 2394 Ι,ΧΧΧΙ0
651 2352 738 2395 anno
758 2332 848 2397 vitae
868 2354 956 2411 suae,
980 2334 1013 2397 id
1037 2343 1088 2399 est
1110 2334 1143 2396 in
1166 2332 1231 2397 fine
1253 2329 1457 2396 Artaxerxis
1481 2327 1540 2410 qui

383 2433 498 2499 Ochus
514 2434 695 2514 dicebatur,
715 2446 751 2499 ut
767 2437 881 2501 scribit
898 2436 999 2501 Beda.

786 2706 1013 2773 choraulen
1037 2708 1137 2772 XIII.

219 2849 350 2907 Aristone,
432 2839 546 2904 Ante²
560 2862 639 2905 vero
654 2853 796 2906 mortem
813 2843 960 2909 Socratis
976 2854 1073 2910 natus
1088 2855 1139 2910 est
1154 2844 1366 2921 Aristoteles,
1382 2840 1543 2925 quoniam

220 2917 367 3031 22⁰„ssssss
387 2965 446 3028 per
475 2955 542 3008 tres
575 2966 680 3009 annos
708 2949 840 3012 auditor
865 2949 936 3030 ejus
967 2951 1038 3026 fuit,
1069 2950 1154 3013 sicut
1184 2951 1217 3013 in
1247 2949 1316 3013 vita
1347 2946 1545 3012 Aristotelis

389 3046 517 3131 legitur.
563 3049 610 3113 Et
632 3053 812 3114 secundum
835 3051 961 3117 Bedam
982 3064 1080 3118 natus
1103 3064 1154 3117 est
1176 3052 1238 3116 sub
1261 3052 1465 3128 Artaxerxe,
1486 3050 1545 3133 qui

387 3152 544 3215 successit
571 3152 676 3216 Dario
704 3153 831 3218 Notho.
878 3156 924 3219 Et
950 3157 983 3219 in
1010 3157 1140 3221 decimo
1166 3157 1310 3238 septimo
1336 3175 1427 3219 anno
1452 3155 1546 3217 vitae

387 3274 466 3318 suae
485 3253 544 3318 suit
565 3256 698 3320 auditor
713 3255 870 3336 Socratis,
884 3268 919 3322 et
939 3260 1047 3342 ipsum
1066 3280 1124 3341 per
1144 3269 1212 3324 tres
1230 3278 1334 3322 annos
1352 3257 1493 3333 audivit,
1510 3265 1547 3320 et

388 3368 466 3439 post
490 3370 631 3423 mortem
658 3359 805 3424 Socratis
827 3362 934 3426 sactus
955 3372 1006 3426 est
1030 3364 1163 3426 auditor
1185 3362 1334 3426 Platonis
1356 3362 1546 3425 secundum

390 3460 528 3538 Bedam,
540 3475 574 3525 et
589 3462 697 3544 ipsum
719 3465 857 3540 audivit,
872 3465 990 3547 viginti
1012 3467 1115 3543 annis,
1131 3476 1167 3529 ut
1191 3467 1225 3529 in
1241 3466 1311 3529 vita
1332 3485 1393 3528 sua
1411 3463 1548 3546 legitur.

391 3562 438 3626 Et
456 3574 531 3644 post
551 3575 692 3627 mortem
718 3566 866 3631 Platonis
888 3568 976 3632 vixit
999 3569 1221 3651 quadraginta
1243 3579 1310 3632 tres
1332 3569 1439 3644 annis,
1456 3567 1549 3630 unde

391 3665 426 3726 in
462 3665 614 3729 universo
645 3688 710 3730 non
739 3670 826 3733 vixit
855 3671 917 3733 nisi
945 3673 1121 3755 sexaginta
1155 3693 1217 3734 sex
1246 3672 1353 3746 annis,
1383 3672 1471 3735 sicut
1501 3691 1550 3734 ex

391 3766 490 3828 dictis
519 3777 622 3850 patet.
668 3770 714 3832 Et
746 3771 808 3835 hoc
835 3774 985 3837 similiter
1010 3784 1104 3856 patet
1129 3776 1161 3839 in
1187 3774 1273 3838 libro
1302 3774 1478 3838 Censorini
1504 3775 1552 3838 de

392 3868 448 3930 die
474 3868 585 3941 natali,
609 3871 766 3951 quoniam
784 3874 855 3955 ipse
876 3875 1076 3940 Censorinus
1097 3879 1193 3941 refert
1216 3887 1331 3942 contra
1353 3878 1550 3960 passionem

393 3969 567 4033 mortalem
596 3992 655 4054 per
687 3983 754 4038 tres
789 3996 893 4042 annos
928 3999 1005 4042 eum
1039 3981 1267 4064 magnitudine
1298 3981 1402 4044 animi
1438 3981 1552 4064 magis

426 4133 434 4161 ¹
450 4133 506 4180 'Ibe
519 4135 662 4195 remaining
673 4145 729 4197 part
741 4139 771 4187 ol
779 4141 831 4190 this
843 4146 986 4205 paragraph
999 4144 1020 4193 is
1033 4145 1139 4194 omitted
1153 4145 1177 4193 in
1190 4145 1206 4206 J
1209 4146 1280 4194 ebb's
1292 4147 1333 4195 ed.

425 4209 437 4238 ²
451 4209 534 4258 What
542 4211 688 4271 follows‚as
699 4212 738 4262 sar
747 4231 777 4264 as
787 4219 832 4265 the
844 4220 893 4268 last
902 4229 1025 4270 sentence
1037 4223 1082 4270 but
1093 4238 1144 4271 one
1156 4223 1183 4271 in
1196 4239 1249 4285 cap
1262 4237 1299 4283 15,
1312 4225 1335 4272 is
1347 4224 1458 4273 omitted
1470 4225 1507 4286 by
1518 4225 1554 4276 0.

395 4289 462 4337 from
473 4287 525 4335 this
537 4290 634 4337 second
646 4298 711 4350 part,
722 4295 773 4342 and
786 4296 956 4357 interpolated
967 4299 993 4346 in
1007 4298 1068 4347 Part
1081 4300 1118 4348 lll
1132 4301 1252 4350 between
1264 4301 1354 4350 Tertio
1365 4302 1419 4350 and
1431 4302 1554 4363 Quarto;

393 4381 423 4414 as
434 4366 488 4414 also
498 4368 520 4417 is
530 4368 573 4415 the
586 4367 634 4415 last
643 4371 784 4431 paragraph
797 4374 828 4420 os
838 4372 897 4422 Part
910 4375 944 4423 11.
974 4376 1090 4440 Further,
1100 4378 1144 4426 the
1157 4379 1235 4426 order
1247 4379 1273 4426 in
1282 4379 1372 4427 which
1384 4381 1463 4429 these
1476 4397 1556 4443 para·

393 4446 490 4506 graphs
506 4461 550 4493 are
568 4445 657 4506 placed
675 4447 701 4494 in
719 4446 778 4496 Part
795 4448 832 4496 Ill
851 4449 874 4498 is
886 4458 932 4499 not
951 4454 996 4502 the
1017 4469 1088 4503 same
1103 4471 1132 4503 as
1149 4455 1175 4502 in
1193 4454 1218 4515 J.
1254 4456 1285 4504 0.
1307 4458 1454 4518 proceeds:
1473 4459 1557 4510 ‘Hoc

395 4520 508 4570 Domino
518 4521 667 4571 Alexandro
679 4531 767 4572 notum
778 4539 784 4583 3
801 4533 828 4574 et
839 4528 925 4576 multis
938 4530 994 4579 aliis
1006 4538 1091 4592 potest
1102 4532 1152 4582 hoc
1168 4533 1237 4582 idem
1253 4533 1338 4584 adhuc
1350 4535 1431 4585 etiam
1444 4539 1557 4588 ostendi

392 4611 442 4659 per
452 4599 623 4662 proprietates
635 4602 698 4650 duaa
710 4601 917 4667 Metaphysicae,‘
929 4609 975 4656 &o
