3575 5375
653 616 826 675 CAUSAE
849 616 1049 675 ERRORIS.
1407 632 1425 693 7

272 787 462 851 adhaerent.
508 788 610 872 Quod
626 789 653 852 si
668 788 851 870 aliquando
865 787 963 851 bonis
978 796 1012 851 et
1022 787 1106 851 veris
1122 787 1343 870 implicentur,
1353 788 1423 853 fere

272 911 404 972 semper
418 901 495 956 sunt
510 893 712 976 imperfecta,
726 901 760 956 et
775 890 921 956 debilem
937 892 1077 973 gradum
1102 892 1273 956 continent
1295 892 1424 974 sapien·

272 995 348 1057 tiae.
393 994 512 1059 Matris
527 997 663 1077 quidem
679 1015 781 1079 opera
796 1006 832 1059 ut
849 996 884 1058 in
900 993 1049 1077 pluribus
1065 996 1213 1078 sequitur
1227 994 1306 1070 filia,
1320 997 1424 1079 patris

272 1109 379 1175 natus,
394 1100 521 1163 domini
536 1121 658 1176 servus,
673 1100 761 1184 regis
783 1099 946 1177 subditus,
962 1098 1099 1183 praelati
1119 1098 1259 1181 bajulus,
1275 1101 1424 1183 magistri

272 1204 461 1287 discipulus.
507 1204 596 1288 Quia
618 1204 780 1269 familiare
802 1213 853 1268 est
883 1203 958 1267 filiis
981 1203 1080 1267 Adae
1105 1204 1168 1269 sibi
1191 1206 1424 1269 auctoritatem

271 1308 440 1372 vindicare
461 1317 496 1372 et
518 1330 578 1372 sua
599 1307 756 1391 exempla
777 1328 935 1391 spargere
961 1308 993 1370 in
1023 1309 1143 1372 lucem.
1188 1308 1277 1371 Nam
1307 1329 1424 1374 omnes

270 1411 422 1475 homines
444 1413 625 1477 secundum
643 1411 862 1477 Aristotelem
882 1422 1004 1494 quarto
1021 1412 1216 1477 Ethicorum
1231 1422 1347 1476 amant
1362 1434 1422 1477 sua

270 1536 383 1597 opera,
397 1526 434 1581 ut
449 1527 604 1601 parentes
621 1527 728 1591 natos,
743 1527 778 1582 et
799 1501 919 1598 poetae
939 1525 1052 1593 metra,
1067 1527 1102 1582 et
1124 1517 1171 1580 sic
1191 1517 1234 1580 de
1250 1516 1332 1581 aliis.
1377 1517 1422 1581 Et

270 1621 346 1683 ideo
362 1619 457 1685 multi
472 1622 573 1684 nimia
588 1621 720 1686 licentia
735 1621 899 1684 scribendi
916 1620 966 1683 usi
988 1632 1076 1697 sunt,
1092 1621 1177 1685 adeo
1198 1630 1235 1684 ut
1260 1623 1369 1705 pravis
1389 1632 1423 1686 et

270 1722 465 1789 bestialibus
484 1725 562 1789 viris
584 1726 754 1789 insinuare·
769 1744 836 1788 non
859 1725 1103 1799 dubitaverunt,
1124 1745 1181 1789 cur
1201 1724 1331 1789 chartas
1355 1746 1421 1790 non

270 1828 426 1910 impletis,
443 1849 502 1892 cur
523 1848 545 1891 a
567 1839 661 1912 tergo
684 1849 751 1892 non
773 1829 925 1892 scribitis.
965 1828 1010 1891 Et
1033 1828 1067 1892 hi
1093 1839 1171 1893 sunt
1197 1829 1283 1894 sicut
1309 1839 1423 1912 pastor

271 1931 411 1996 claudus
431 1942 467 1997 et
488 1934 676 1998 caecutiens
699 1953 776 1997 cum
799 1933 918 1997 ovibus
942 1933 1063 2011 multis,
1085 1954 1168 2015 quas
1190 1942 1338 1999 errantes
1364 1955 1424 2016 per

269 2038 365 2101 devia
390 2037 544 2102 falsitatis
563 2058 624 2102 nec
645 2047 787 2119 possunt
807 2057 867 2101 nec
887 2034 995 2101 sciunt
1017 2037 1060 2100 ad
1084 2038 1217 2101 saniora
1239 2038 1422 2121 sapientiae

268 2162 392 2225 pascua
414 2162 575 2221 revocare,
591 2151 625 2206 et
647 2153 724 2208 sunt
745 2142 870 2207 similes
891 2141 1019 2220 avibus,
1040 2141 1096 2225 qui
1123 2150 1242 2224 optant
1265 2143 1336 2205 sine
1362 2142 1422 2205 alis

267 2245 388 2322 volare,
402 2247 492 2329 prius
507 2248 550 2310 de
572 2246 762 2329 magisterio
780 2256 1038 2330 praesumentes
1053 2266 1154 2328 quam
1175 2246 1253 2310 boni
1269 2246 1423 2329 discipuli

268 2352 409 2433 gradum
425 2352 539 2433 adepti
561 2361 649 2428 sunt,
664 2371 768 2433 quum
792 2350 977 2414 necessario
998 2358 1050 2414 tot
1073 2350 1222 2414 incidunt
1238 2351 1271 2414 in
1288 2371 1422 2427 errores,

267 2456 358 2537 quod
381 2456 480 2520 otiosi
502 2456 753 2537 comparatione
776 2456 923 2537 ipsorum
944 2463 1101 2537 reputant
1122 2476 1159 2519 se
1180 2453 1308 2532 felices3
1335 2456 1421 2519 sicut

268 2561 402 2640 quando
420 2559 520 2623 -multi
543 2568 678 2625 currunt
699 2559 732 2622 in
751 2560 874 2636 stadio,
890 2558 948 2623 ille
967 2578 1067 2641 quem
1088 2560 1277 2641 desperatio
1293 2579 1420 2623 currere

268 2683 334 2727 non
361 2665 542 2746 permittet,
561 2672 857 2747 quantumcunque
878 2664 940 2728 sibi
965 2664 1117 2728 videatur
1141 2663 1364 2747 pernitiosum,
1385 2685 1421 2729 se

268 2774 382 2828 tamen
406 2763 536 2828 felicem
560 2774 692 2848 reputat
717 2766 967 2847 comparatione
988 2764 1083 2842 illius,
1102 2766 1161 2847 qui
1180 2785 1311 2830 currens
1332 2766 1421 2830 cadit

268 2869 301 2932 in
317 2868 447 2932 foveam
473 2869 624 2933 invisam.
670 2868 716 2932 Et
736 2869 812 2933 ideo
835 2869 986 2934 videmus
1008 2868 1074 2933 fide
1096 2869 1228 2934 oculata
1249 2870 1340 2952 quod
1361 2889 1421 2952 pro

268 2993 336 3036 uno
354 2973 513 3055 exemplo
528 2973 676 3037 veritatis
691 2982 761 3037 tam
778 2974 811 3037 in
832 2974 969 3038 scientia
983 2993 1084 3056 quam
1101 2973 1134 3036 in
1158 2974 1227 3038 vita
1242 2983 1325 3038 eunt
1345 2973 1420 3060 plus

266 3097 368 3158 quam
390 3076 481 3140 mille
502 3076 673 3141 falsitates.
721 3077 872 3141 Mundus
899 3078 987 3141 enim
1011 3076 1127 3162 plenus
1149 3088 1201 3142 est
1230 3077 1419 3161 hujusmodi

266 3181 439 3264 exemplis,
461 3191 563 3265 atque
597 3202 698 3246 unum
725 3180 920 3263 exemplum
943 3201 1041 3245 verae
1064 3181 1273 3265 perfectionis
1303 3183 1419 3246 decem

202 3369 206 3374 ι
267 3285 369 3349 millia
385 3285 579 3368 imperfecta
598 3286 723 3351 invenit
745 3287 788 3348 de
808 3285 905 3350 facili.
954 3284 1082 3350 Natura
1105 3286 1193 3349 enim
1217 3285 1249 3348 in
1273 3286 1419 3350 numeris

266 3389 421 3456 formavit
451 3391 548 3456 nobis
577 3389 789 3474 perfectionis
820 3400 854 3454 et
883 3390 1142 3472 imperfectionis
1172 3390 1417 3454 documentum.

266 3495 357 3560 Nam
379 3505 453 3558 tum
474 3515 631 3558 numerus
650 3492 839 3579 perfectus¹
866 3495 994 3572 dicitur,
1014 3493 1108 3575 cujus
1126 3503 1238 3576 partes
1252 3493 1419 3576 aliquotae

266 3599 374 3681 ipsum
390 3598 537 3681 praecise
551 3600 767 3676 constituunt,
780 3607 815 3662 et
830 3617 897 3661 non
909 3609 960 3661 est
974 3599 1037 3661 nisi
1047 3618 1131 3662 unus
1143 3597 1225 3661 infra
1236 3597 1417 3672 denarium,

264 3704 327 3767 viz.
340 3703 506 3780 senarius;
527 3711 563 3767 et
576 3724 662 3767 unus
673 3704 760 3769 inter
778 3721 819 3764 10
833 3713 867 3767 et
883 3721 953 3775 100,
967 3711 1004 3766 ut
1021 3702 1062 3766 28
1077 3728 1084 3780 ;
1107 3713 1140 3768 et
1156 3723 1239 3767 unus
1255 3704 1338 3767 inter
1357 3720 1419 3765 100

265 3819 301 3871 et
318 3824 410 3884 1000,
429 3815 467 3870 ut
480 3806 566 3889 496;
587 3818 623 3871 et
641 3828 726 3872 unus
742 3807 828 3871 inter
851 3825 936 3869 1000
952 3815 987 3870 et
1014 3823 1117 3870 10000
1139 3818 1175 3870 ut
1196 3807 1301 3884 81283
1324 3809 1418 3872 etsie

265 3910 373 3989 ultra;
402 3920 436 3975 et
467 3912 595 3974 utinam
617 3913 664 3976 sic
687 3923 776 3977 esset
805 3914 892 3976 inter
921 3911 1081 3990 homines,
1112 3922 1148 3977 et
1177 3911 1242 3976 hoc
1271 3912 1417 3976 humano

264 4015 378 4098 generi
393 4013 569 4080 sufficeret.
614 4015 682 4080 Sed
706 4035 875 4098 nunquam
898 4016 960 4080 fuit
983 4016 1047 4080 hoc
1069 4036 1131 4081 nec
1153 4016 1187 4079 in
1209 4018 1277 4080 vita
1301 4018 1417 4081 necin

265 4120 411 4193 scientia,
427 4140 535 4203 neque
550 4121 612 4184 erit
635 4139 775 4203 usquam
791 4120 825 4183 in
845 4119 978 4184 finalem
999 4121 1127 4203 peccati
1147 4122 1416 4196 destructionem,

264 4225 423 4306 quoniam
438 4244 505 4288 non
518 4224 627 4288 solum
645 4234 696 4290 est
720 4224 836 4289 raritas
856 4245 981 4303 eorum,
996 4226 1052 4307 qui
1074 4226 1108 4290 in
1122 4226 1214 4289 omni
1229 4226 1368 4290 veritate
1382 4235 1417 4291 et

264 4328 404 4392 scientia
425 4328 562 4411 perfecti
583 4338 670 4406 sunt,
692 4329 753 4391 sed
775 4347 890 4392 eorum
915 4329 971 4411 qui
994 4329 1037 4392 ad
1061 4326 1298 4412 perfectionem
1322 4330 1416 4393 unius

264 4433 412 4497 veritatis
431 4433 483 4496 vel
505 4432 663 4498 scientiae
690 4434 904 4498 devenerunt.
949 4433 1049 4498 Primi
1080 4444 1159 4498 sunt
1193 4445 1227 4500 et
1256 4444 1353 4499 erunt
1383 4445 1417 4499 et

296 4591 303 4620 ¹
321 4591 412 4642 When
426 4594 483 4640 2¹¹⁴
502 4591 525 4640 is
541 4606 557 4640 a
573 4592 655 4654 prime
672 4591 787 4654 numer,
803 4594 867 4642 then
884 4594 940 4642 ²¹⁹¹
959 4595 1024 4658 (22-
1034 4593 1057 4658 1)
1076 4593 1098 4643 is
1115 4609 1131 4642 a
1145 4593 1243 4658 perfect
1260 4591 1377 4650 number,
1391 4607 1420 4639 as

262 4674 288 4731 6,
302 4672 341 4730 08,
353 4673 411 4734 496,
424 4672 498 4730 oran,
509 4673 558 4718 dcc.
