3575 5375
395 633 746 694 MATHEMATICAE
770 633 821 692 IN
843 633 1047 694 PHYSICIS
1073 635 1280 696 UYILlTAS.
1357 654 1414 716 113

259 785 350 850 cadit
381 785 526 849 incessus
556 795 674 850 rectus.
721 783 767 847 Et
797 783 879 848 haec
908 792 959 846 est
988 783 1182 848 admiranda
1207 785 1349 850 varietas
1377 786 1411 849 in

260 890 455 974 operatione
485 898 631 963 naturae,
659 889 716 952 sed
744 907 804 951 nec
831 887 961 965 mirum,
988 908 1064 952 cum
1091 887 1220 953 infinita
1250 889 1413 953 mirabilia

260 993 345 1058 fiunt
371 1014 431 1078 per
458 1003 610 1057 naturam
638 992 821 1056 secundum
848 992 939 1073 leges
969 992 1105 1056 istarum
1132 993 1348 1067 fractionum
1379 1003 1413 1058 et

261 1119 321 1181 per
342 1097 517 1162 artificium
538 1097 657 1179 juvans
681 1107 833 1160 naturam
856 1106 996 1180 possunt
1018 1096 1087 1160 fieri
1108 1118 1148 1160 ea
1162 1119 1247 1181 quae
1269 1099 1413 1164 mundus

260 1223 379 1287 capere
396 1222 462 1266 non
486 1210 605 1285 potest,
622 1203 708 1274 utin
732 1201 867 1266 scientia
888 1202 1299 1302 perspectivaqexplicabo.
1344 1202 1412 1268 Sed

261 1316 398 1390 cogetur
413 1326 472 1391 per
487 1307 567 1370 haec
586 1305 791 1388 temporibus
806 1304 1005 1368 Antichristi
1020 1307 1064 1368 ad
1081 1304 1122 1370 'ea
1136 1327 1222 1389 quae
1238 1308 1308 1391 ipse
1322 1308 1414 1373 volet

260 1431 322 1495 pro
339 1431 460 1494 magna
475 1419 578 1493 parte.

305 1515 406 1598 Quod
421 1525 533 1580 autem
549 1515 631 1580 haec
646 1515 713 1580 sint
727 1535 804 1580 vera
818 1523 969 1579 auctores
984 1513 1116 1592 docent,
1132 1524 1166 1579 et
1182 1536 1298 1582 omnes
1316 1517 1412 1599 periti
1427 1521 1548 1572 nniteial

261 1619 377 1695 sciunt,
391 1631 493 1703 atque
512 1620 731 1683 instrumenta
750 1628 890 1701 possunt
907 1617 950 1681 ad
969 1616 1051 1682 haec
1071 1617 1149 1697 fieri,
1164 1630 1202 1684 ut
1216 1620 1413 1686 sensibiliter
1424 1604 1541 1717 ἓζξζξζῑ

261 1723 450 1806 hujusmodi
466 1725 609 1788 incessus
620 1723 810 1798 videamus;
832 1723 891 1788 sed
909 1742 1081 1804 usquequo
1095 1723 1278 1788 habeamus
1293 1726 1412 1790 instru·
1425 1736 1488 1783 ¹²5⁵-

262 1840 385 1905 menta,
413 1849 589 1911 possumus
615 1841 673 1910 per
699 1827 853 1892 effectum
879 1825 1062 1890 naturalem
1086 1827 1151 1891 hoc
1176 1831 1318 1911 probare
1343 1831 1413 1894 sine

262 1933 530 2008 contradictione,
546 1942 583 1997 ut
599 1935 696 1997 docet
715 1931 797 1997 haec
815 1929 930 2014 figura.
974 1929 1170 2014 Accipiatur
1183 1954 1263 2016 ergo
1277 1934 1413 1999 dimidia

262 2037 404 2121 sphaera
421 2036 568 2119 crystalli
583 2037 634 2100 vel
654 2058 713 2100 vas
727 2037 879 2114 vitreum,
895 2034 990 2117 cujus
1008 2033 1142 2098 inferius
1162 2037 1205 2099 sit
1226 2040 1412 2116 rotundum,

262 2141 394 2225 plenum
425 2162 520 2225 aqua.
565 2140 652 2206 Cum
680 2161 759 2225 ergo
786 2162 806 2205 a
835 2148 950 2203 centro
980 2138 1059 2202 solis
1085 2140 1222 2204 veniunt
1249 2143 1330 2206 radii
1355 2163 1414 2225 per

263 2265 372 2310 aerem
405 2247 448 2310 ad
480 2266 599 2328 corpus
626 2244 779 2328 crystalli,
808 2245 860 2309 vel
890 2244 975 2316 vitri,

262 2351 353 2434 quod
366 2359 417 2414 est
432 2350 566 2414 densius
581 2371 665 2428 aere,
681 2349 728 2413 illi
744 2350 800 2433 qui
816 2369 883 2414 non
900 2358 977 2412 sunt

265 2455 554 2537 perpendiculares
567 2475 665 2537 super
674 2475 794 2536 corpus
805 2453 870 2518 tale
880 2450 927 2540 (et
942 2453 976 2516 hi

263 2569 341 2624 sunt
357 2559 416 2642 qui
436 2579 502 2623 non
517 2560 646 2623 vadunt
668 2561 700 2622 in
723 2569 873 2624 centrum
896 2558 977 2641 ejus,

264 2674 301 2729 ut
323 2685 368 2728 ex
390 2664 600 2747 geometricis
621 2664 762 2747 planum
789 2659 863 2749 est),
887 2663 977 2728 sran-

263 2781 387 2853 guntur
410 2770 494 2834 inter
517 2770 679 2834 incessum
705 2779 830 2834 rectum
853 2778 887 2833 et
902 2788 977 2850 per·

265 2873 513 2959 pendicularem
543 2875 730 2939 ducendam
754 2896 774 2937 a
799 2874 873 2938 loco
894 2873 978 2936 frac-

264 2979 374 3057 tionis,
411 2989 447 3044 ut
485 2987 536 3043 est
573 2980 685 3043 radius
720 3000 778 3056 ac,
807 2979 864 3062 qui
901 2999 977 3042 cum
1097 2988 1098 2993 ’

265 3085 450 3148 transiverit
488 3104 548 3165 per
579 3094 688 3148 totum
726 3104 846 3164 corpus
881 3083 978 3163 vasis,

266 3188 357 3253 venit
387 3187 430 3252 ad
461 3207 569 3251 aerem
604 3187 807 3250 subtiliorem
841 3197 875 3250 et
912 3207 977 3249 uon
1062 3202 1072 3247 r

265 3290 585 3374 perpendiculariter.
625 3290 716 3373 Ergo
731 3300 865 3372 oportet
881 3300 917 3355 ut
933 3292 978 3355 sic
1049 3297 1059 3341 ι’

264 3397 376 3469 vadat,
387 3406 425 3460 ut
440 3396 586 3461 incessus
602 3405 709 3459 rectus
719 3395 762 3459 sit
773 3395 856 3460 inter
868 3396 977 3477 ipsum

265 3510 300 3565 et
320 3499 626 3584 perpendicularem
651 3501 838 3563 ducendam
861 3523 881 3564 a
904 3500 978 3564 loco

264 3603 442 3683 fractionis,
459 3615 492 3669 et
507 3604 584 3669 ideo
599 3625 666 3669 non
682 3605 742 3668 ibit
758 3606 790 3667 in
805 3626 830 3684 c,
845 3607 903 3670 sed
920 3606 977 3669 de·

264 3709 366 3775 elluat
376 3708 459 3792 ads,
469 3729 568 3792 super
578 3708 789 3798 principalem
800 3710 978 3799 perpendi·

266 3814 421 3891 cularem,
438 3814 661 3897 quaevenita
682 3810 761 3891 sole,
781 3825 817 3879 ut
838 3825 888 3879 est
923 3814 986 3896 Of

264 3920 384 3983 radius.
431 3918 476 3983 Et
501 3920 620 3983 eodem
644 3918 745 3983 modo
768 3928 819 3983 est
845 3940 889 3983 ex
912 3920 979 3985 alia

266 4032 369 4105 parte,
392 4023 482 4106 quod
508 4043 567 4107 per
590 4023 756 4105 duplicem
783 4022 978 4088 fractionem

264 4124 326 4210 lrf
333 4136 505 4191 concurret
516 4128 548 4191 in
560 4127 678 4191 eodem
691 4128 856 4211 punctos,
866 4129 899 4191 in
911 4149 979 4210 quo

266 4230 378 4294 radius
396 4230 465 4311 Os.
513 4231 581 4296 Sed
605 4231 723 4295 infiniti
748 4232 830 4295 radii
853 4244 980 4297 exeunt

264 4354 286 4397 a
300 4333 370 4397 sole
385 4356 483 4419 super
498 4335 562 4398 hoc
575 4354 710 4418 corpus;
726 4355 806 4419 ergo
819 4335 936 4401 infiniti
949 4337 1239 4421 congregabuntur
1249 4338 1281 4400 in
1292 4339 1412 4401 eodem

264 4448 390 4520 puncto
416 4459 476 4523 per
492 4440 659 4521 duplicem
677 4437 882 4504 fractionem.
928 4440 996 4506 Sed
1016 4440 1230 4525 congregatio
1250 4439 1413 4504 luminum

1175 4174 1235 4223 Fre.
1250 4186 1273 4224 1.

263 4552 315 4606 est
332 4564 431 4607 causa
446 4542 573 4607 caloris.
619 4544 712 4627 Ergo
728 4544 772 4607 ibi
788 4543 845 4608 fiet
861 4544 953 4609 calor
970 4546 1176 4609 comburens.
1222 4545 1269 4609 Et
1284 4545 1347 4609 hoc
1364 4554 1415 4609 est

263 4668 388 4727 verum,
405 4658 442 4715 ut
464 4657 558 4733 patet
579 4650 623 4714 ad
642 4670 775 4715 sensum
785 4674 795 4728 ;
819 4669 898 4715 nam
919 4650 947 4715 si
969 4658 1159 4732 apponatur
1172 4649 1415 4728 combustibilis,

307 4764 388 4817 vol„
406 4767 429 4819 1.
833 4766 847 4819 Ι
