3575 5375
433 647 783 706 MATHEMATICAE
808 647 858 705 IN
880 647 1050 706 DIVINIS
1078 647 1283 705 UTILIYAS.
1377 660 1437 721 205

283 823 397 879 nostra
434 832 455 874 a
492 811 635 883 Christo,
665 812 692 873 si
730 810 883 875 volumus
919 811 1012 892 sequi
1048 812 1244 892 Marianum,
1273 814 1436 877 addemus

283 939 415 1004 semper
434 917 507 983 xxii
526 938 631 982 annos
652 917 762 998 plures
780 937 880 998 quam
904 926 1075 1000 computet
1093 917 1229 982 ecclesia
1253 920 1434 982 secundum

284 1024 497 1105 Dionysium.
545 1022 613 1087 Sed
640 1023 822 1087 secundum
846 1021 973 1085 Bedam
999 1031 1034 1085 et
1056 1024 1238 1087 secundum
1262 1033 1435 1105 computa-

283 1130 406 1193 tionem
430 1135 555 1199 certam
578 1147 739 1191 annorum
764 1127 1009 1210 imperatorum,
1025 1127 1198 1192 manifeste
1220 1139 1312 1210 patet
1333 1129 1435 1191 Mari-

282 1253 383 1295 anum
415 1253 486 1296 esse
516 1231 723 1314 superfluum.
777 1230 864 1294 Nam
895 1233 1077 1294 secundum
1108 1253 1184 1295 eum
1215 1255 1235 1296 a
1263 1233 1435 1297 nativitate

284 1336 406 1401 Christi
430 1336 597 1419 usquead
622 1337 752 1418 cyclum
777 1337 929 1418 Dionysii
951 1348 1027 1401 sunt
1050 1338 1136 1416 dliii;
1158 1338 1237 1421 quia
1259 1339 1301 1402 ad
1324 1338 1434 1402 dxxxi

280 1442 350 1523 jam
367 1442 475 1506 ‘addit
506 1442 587 1504 xxii.
635 1439 702 1505 Sed
725 1441 873 1522 superius
895 1443 1005 1524 patuit
1028 1444 1118 1524 quod
1142 1445 1185 1507 ab
1210 1443 1435 1506 incarnatione

284 1545 405 1610 Christi
436 1567 539 1628 usque
571 1546 613 1608 ad
646 1546 845 1627 Dionysium
876 1566 942 1609 non
972 1547 1103 1611 fuerunt
1134 1558 1193 1620 tot,
1224 1548 1282 1611 sed
1312 1547 1433 1611 dxxxi.

284 1649 588 1732 Quantumcunque
623 1649 709 1714 enim
748 1651 870 1733 largius
909 1661 1145 1732 computentur
1180 1653 1257 1715 anni
1292 1653 1434 1733 impera·

282 1764 403 1828 torum,
429 1755 633 1819 inveniemus
662 1755 752 1837 quod
782 1755 852 1836 ipse
882 1755 1054 1839 superfluit
1084 1758 1117 1820 in
1148 1757 1221 1820 xxii
1251 1758 1357 1836 annis,
1382 1757 1434 1821 vel

283 1861 315 1922 in
348 1860 418 1937 xxi,
435 1859 487 1923 vel
518 1862 560 1924 ad
592 1861 701 1923 minus
732 1861 765 1922 in
795 1881 854 1934 xx,
886 1871 920 1924 et
952 1862 1027 1925 ideo
1059 1880 1125 1924 non
1160 1871 1211 1925 est
1245 1862 1435 1925 imitandus.

284 1964 380 2029 Patet
402 1966 502 2028 etiam
526 1986 585 2048 per
610 1965 744 2028 beatum
766 1963 992 2046 Augustinum
1018 1965 1204 2028 Marianum
1229 1986 1301 2030 esse
1322 1986 1435 2049 super-

284 2067 397 2134 fluum.
445 2068 534 2133 Dicit
552 2070 640 2132 enirn
662 2069 869 2152 Augustinus
887 2068 1017 2133 decimo
1037 2080 1156 2134 octavo
1176 2070 1261 2133 libro
1283 2072 1325 2134 de
1344 2069 1434 2134 Civi-

283 2183 354 2238 tate
367 2174 441 2251 Dei,
456 2176 503 2236 sic
519 2183 756 2256 computantur
770 2172 885 2236 ccclxv
901 2173 977 2236 anni
993 2195 1014 2236 a
1026 2174 1178 2254 passione
1195 2172 1317 2238 Christi
1332 2195 1435 2256 usque

285 2279 317 2341 in
332 2277 540 2342 consulatum
558 2277 701 2341 Honorii
717 2286 751 2340 et
768 2277 944 2340 Euticiani.
990 2277 1081 2359 Ergo
1100 2277 1162 2341 iste
1180 2298 1294 2354 annus,
1309 2277 1435 2342 scilicet

284 2382 474 2447 consulatus
508 2382 648 2446 Honorii
678 2391 712 2445 et
745 2381 920 2459 Euticiani,
941 2403 962 2444 a
991 2383 1167 2446 nativitate
1199 2391 1250 2445 est
1279 2383 1435 2460 cccxcvii,

284 2487 439 2550 addendo
459 2507 598 2551 annosa
613 2487 784 2550 nativitate
801 2506 904 2567 usque
919 2488 961 2550 ad
979 2486 1177 2568 passionem,
1191 2486 1315 2551 scilicet
1336 2487 1435 2550 xxxii

283 2611 387 2655 annos
402 2592 582 2656 secundum
593 2591 783 2654 Marianum
795 2601 828 2654 et
845 2591 879 2654 iii
891 2613 1020 2656 menses
1035 2593 1216 2656 secundum
1232 2593 1435 2674 superiorem

286 2698 570 2779 computationem
586 2722 594 2771 ;
618 2698 676 2761 sed
692 2700 872 2762 secundum
888 2700 1171 2780 computationem
1190 2699 1341 2776 Mariani,
1351 2699 1436 2762 sicut

284 2802 356 2885 ipse
375 2802 407 2865 in
422 2802 583 2864 chronicis
599 2802 666 2865 suis
685 2803 805 2884 posuit,
822 2803 960 2867 ccccxix
978 2804 1048 2868 suit.
1095 2802 1237 2869 Constat
1258 2824 1337 2886 ergo
1359 2824 1435 2866 eum

284 2926 356 2970 esse
378 2905 579 2989 superfluum
602 2906 675 2969 xxii
697 2907 801 2971 annis.
848 2908 938 2970 Nam
962 2908 989 2972 si
1013 2928 1059 2973 ex
1085 2910 1222 2973 ccccxix
1245 2910 1339 2973 annis
1361 2907 1435 2971 xxii

285 3011 480 3093 dempseris,
495 3022 666 3075 remanent
682 3012 836 3075 cccxcvii.

328 3114 514 3180 Gerlandus
528 3126 641 3180 autem
658 3116 813 3194 famosus,
821 3137 921 3198 quem
934 3136 1050 3180 omnes
1061 3118 1283 3201 computistae
1293 3136 1436 3199 sequun-
1449 3122 1549 3189 theory
1560 3125 1588 3173 ot

287 3228 342 3283 tur
357 3229 391 3283 et
406 3220 587 3285 astronomi
604 3220 637 3282 in
653 3222 829 3284 tractando
846 3242 884 3283 ea
899 3240 985 3302 quae
996 3221 1039 3283 ad
1052 3230 1246 3303 computum
1262 3221 1435 3301 pertinent,
1449 3191 1597 3241 ⁶⁸¹¹²¹¹d¹¹⁵·

285 3323 403 3386 videns
419 3323 619 3404 Dionysium
636 3343 702 3386 non
718 3343 816 3404 posse
833 3322 951 3387 salvari
968 3344 1028 3387 nec
1044 3334 1221 3406 sequentes
1232 3322 1311 3405 ejus,
1322 3323 1437 3389 nolens

285 3428 388 3489 etiam
412 3427 605 3510 Augustino
629 3435 663 3490 et
688 3426 898 3508 Hieronymo
923 3428 1102 3491 adhaerere
1124 3428 1169 3491 de
1194 3428 1335 3491 calenda
1361 3448 1436 3510 pas-

284 3529 397 3609 sionis,
412 3531 469 3595 sed
486 3532 586 3596 beato
601 3530 799 3614 Theophilo,
814 3532 871 3613 qui
892 3530 954 3594 suit
969 3532 1094 3595 vicinus
1114 3531 1283 3613 apostolis,
1299 3532 1436 3614 ponenti

284 3636 376 3716 quod
398 3635 529 3699 decimo
556 3633 768 3699 calendarum
794 3634 855 3700 suit
880 3635 1046 3700 Dominus
1068 3656 1195 3721 passus,
1217 3636 1361 3720 dempsit
1393 3638 1436 3701 de

284 3740 533 3822 computatione
557 3738 710 3823 Dionysii
733 3740 777 3802 vii
800 3760 913 3815 annos,
937 3749 971 3804 et
993 3742 1104 3825 posuit
1130 3742 1314 3805 Dominum
1337 3741 1436 3805 luisse

284 3863 418 3925 passum
432 3864 520 3908 nono
529 3864 617 3906 anno
627 3843 723 3925 cycli.
751 3843 841 3907 Nam
853 3865 930 3908 cum
940 3845 1122 3928 Dionysius
1132 3846 1242 3929 posuit
1252 3846 1435 3910 Dominum

286 3955 401 4010 natum
417 3948 561 4012 secundo
571 3968 660 4012 anno
671 3958 705 4012 et
717 3948 862 4030 dempsit
876 3970 981 4012 unum
997 3969 1118 4014 annum
1131 3950 1248 4032 cyclia
1263 3950 1437 4015 nativitate

285 4051 389 4115 demit
405 4050 591 4116 Gerlandus
607 4052 725 4115 illumi
744 4052 815 4116 etii
834 4073 939 4136 usque
953 4055 995 4117 ad
1014 4055 1069 4117 viii
1086 4055 1251 4119 inclusive.
1297 4056 1342 4118 Et
1361 4056 1436 4119 ideo

285 4153 450 4218 Dominus
487 4154 548 4219 suit
584 4156 766 4221 secuudum
803 4176 879 4220 eum
911 4158 946 4219 xi
976 4178 1148 4234 annorum,
1177 4157 1345 4242 completo
1381 4158 1437 4221 illo

285 4258 389 4339 cyclo,
410 4260 530 4343 quibus
552 4260 579 4324 si
602 4260 745 4325 addatur
767 4280 850 4323 unus
872 4260 985 4342 cyclus
1007 4262 1134 4344 integer
1155 4271 1190 4325 et
1211 4285 1233 4325 v
1254 4263 1340 4339 anni,
1359 4265 1437 4344 quia

283 4384 305 4426 v
331 4374 381 4427 est
405 4384 523 4427 aureus
547 4384 703 4429 numerus
726 4372 764 4427 ut
788 4384 834 4427 xv
858 4363 937 4428 luna
956 4365 999 4428 sit
1028 4365 1084 4441 ibi,
1104 4375 1199 4429 erunt
1231 4386 1331 4428 xxxv
1358 4366 1436 4428 anni

285 4469 467 4532 secundum
497 4467 616 4550 cyclos,
643 4480 676 4533 et
706 4468 759 4532 isti
791 4466 875 4532 bene
907 4478 997 4532 stant
1026 4489 1102 4532 cum
1133 4470 1227 4531 annis
1255 4468 1436 4531 nativitatis

286 4568 433 4632 Domini.
480 4567 547 4633 Sed
570 4570 654 4633 sicut
677 4569 849 4633 Marianus
878 4570 938 4633 iuit
965 4567 1158 4652 superfluus,
1179 4569 1227 4633 sic
1251 4567 1436 4632 Gerlandus

285 4682 335 4736 est
350 4672 541 4737 diminutus.
588 4673 676 4737 Nam
693 4694 752 4756 per
767 4672 1048 4756 computationem
1063 4672 1215 4756 superius
1229 4671 1435 4755 suppositam
