3575 5375
715 604 1004 665 GEOGRAPHIA.
1372 615 1430 679 301

276 769 492 833 continentur.
537 767 648 832 Locus
671 767 759 831 enim
782 779 833 832 est
853 767 1051 850 principium
1067 765 1289 849 generationis
1308 775 1558 841 rerum,1aritudes

276 884 313 937 ut
340 873 422 938 dicit
450 873 671 956 Porphyrius;
705 873 783 954 quia
809 873 991 936 secundum
1022 872 1249 936 diversitatem
1278 868 1426 933 locorum
1439 842 1584 973 ffigstudoe

276 986 328 1041 est
343 978 516 1042 diversitas
531 997 658 1054 rerum;
681 987 715 1041 et
730 997 796 1040 non
811 977 919 1039 solum
943 975 1155 1054 naturalium,
1168 977 1226 1040 sed
1251 973 1426 1038 moralium
1441 989 1569 1036 neoesary

277 1090 311 1144 et
340 1081 567 1156 scientialium,
597 1092 634 1145 ut
663 1081 814 1145 videmus
840 1079 873 1143 in
904 1080 1095 1144 hominibus
1125 1079 1215 1162 quod
1245 1079 1427 1143 secundum
1441 1040 1590 1166 {223th

275 1186 501 1250 diversitatem
535 1187 707 1269 regionum
737 1186 861 1249 habent
885 1206 998 1250 mores
1025 1187 1173 1250 diversos
1201 1195 1236 1248 et
1264 1191 1428 1266 occupant
1442 1170 1600 1286 gffiffld

277 1311 312 1354 se
334 1291 368 1353 in
393 1292 520 1355 artibus
546 1300 581 1355 et
606 1291 753 1355 scientiis
779 1290 927 1354 diversis.
981 1289 1070 1372 Quia
1093 1290 1193 1373 igitur
1215 1287 1430 1373 philosophia
1568 1272 1573 1282 ⁸

277 1395 467 1460 intromittit
497 1416 533 1460 se
562 1397 659 1460 rebus
689 1395 815 1472 mundi,
840 1395 981 1459 multum
1012 1395 1044 1458 ei
1076 1395 1171 1458 deest
1200 1393 1310 1457 adhuc
1339 1391 1429 1475 apud

277 1499 427 1575 Latinos,
443 1510 620 1583 postquam
644 1497 826 1563 nonhabet
849 1497 1120 1564 certificationem
1136 1498 1283 1562 locorum
1306 1495 1430 1559 mundi.

278 1603 346 1668 Sed
370 1603 451 1668 haec
473 1602 667 1668 certificatio
690 1614 758 1667 stat
780 1604 814 1666 in
840 1604 1030 1687 cognitione
1052 1602 1267 1685 longitudinis
1293 1611 1328 1664 et
1354 1599 1430 1663 lati-

276 1709 400 1773 tudinis
420 1707 593 1790 cujuslibet
612 1708 696 1786 ioci;
718 1717 798 1772 tunc
821 1708 910 1772 enim
930 1709 1089 1772 sciremus
1111 1708 1173 1770 sub
1188 1706 1309 1790 quibus
1327 1705 1430 1768 stellis

277 1821 328 1876 est
350 1811 489 1895 quilibet
511 1814 610 1886 locus,
634 1821 669 1876 et
694 1821 855 1895 quantum
879 1832 900 1874 a
922 1813 975 1875 via
998 1813 1077 1876 solis
1099 1822 1132 1874 et
1156 1811 1375 1894 planetarum,
1397 1818 1431 1872 et

277 1936 418 1999 quorum
446 1917 653 2000 planetarum
685 1928 719 1981 et
748 1917 918 1999 signorum
945 1915 1020 1979 loca
1049 1915 1207 1998 recipiant
1234 1914 1429 1984 dominium,

278 2041 362 2103 quae
384 2022 497 2085 omnia
519 2021 643 2090 faciunt
664 2021 808 2084 diversas
830 2019 1082 2102 complexiones
1104 2021 1273 2083 locorum:
1297 2017 1431 2099 quaesi
1533 2101 1537 2104 ῃ

277 2126 445 2196 scirentur,
476 2125 581 2207 possit
610 2126 712 2188 homo
741 2125 825 2189 scire
860 2123 1110 2206 complexiones
1142 2125 1291 2187 omnium
1321 2142 1429 2185 rerum

279 2230 393 2293 mundi
416 2238 450 2294 et
471 2240 605 2293 naturas
627 2239 661 2292 et
684 2227 903 2311 proprietates
925 2248 1008 2310 quas
1030 2249 1050 2292 a
1071 2229 1193 2292 virtute
1216 2227 1279 2291 loci
1299 2235 1429 2291 contra-

278 2332 370 2396 hunt.

324 2437 370 2499 Et
392 2437 456 2500 hoc
478 2436 614 2517 requirit
636 2458 702 2500 non
729 2433 837 2501 solum
858 2435 1080 2521 philosophia,
1096 2437 1155 2500 sed
1181 2436 1343 2519 sapientia
1367 2435 1431 2499 Dei
1445 2439 1483 2516 (a)
1496 2440 1548 2518 eor

279 2541 373 2623 cujus
403 2543 503 2605 series
532 2551 605 2605 tota
634 2541 778 2605 decurrit
808 2561 868 2624 per
898 2540 973 2615 loca
1003 2543 1129 2606 mundi.
1185 2541 1287 2606 Unde
1315 2505 1559 2636 sensusffil

280 2644 416 2710 literalis
430 2655 497 2711 stat
512 2647 545 2709 in
564 2647 752 2729 cognitione
767 2645 915 2710 locorum
931 2647 1055 2721 mundi,
1068 2656 1105 2712 ut
1123 2667 1182 2731 per
1197 2645 1430 2710 convenientes
1444 2637 1550 2754 ΜἭ(
1560 2635 1603 2685 ¹¹¹0

279 2751 510 2834 adaptationes
540 2761 573 2815 et
603 2751 835 2816 similitudines
869 2762 1021 2835 sumptas
1055 2771 1100 2815 ex
1130 2752 1229 2815 rebus
1259 2750 1432 2815 eliciantur
1443 2719 1496 2753 vor

279 2874 395 2919 sensus
409 2855 605 2940 spirituales.
640 2857 729 2921 Nam
746 2856 828 2921 haec
843 2865 894 2921 est
911 2858 1045 2941 propria
1061 2857 1228 2939 expositio
1243 2856 1432 2939 scripturae,

280 2971 317 3025 ut
333 2962 481 3043 superius
498 2961 706 3026 manifestavi
724 2960 934 3045 inexemplo.
967 2961 1013 3025 Et
1028 2961 1110 3025 haec
1120 2961 1266 3044 cognitio
1280 2958 1430 3022 locorum

281 3066 394 3129 mundi
409 3065 507 3130 valde
526 3067 708 3131 necessaria
727 3075 778 3129 est
798 3066 997 3149 reipublicae
1013 3064 1160 3130 fidelium
1177 3074 1210 3128 et
1225 3063 1431 3127 conversioni

280 3170 462 3235 infidelium
481 3181 515 3236 et
530 3172 573 3236 ad
590 3172 794 3235 obviandum
811 3169 1000 3234 infidelibus
1015 3180 1050 3233 et
1065 3167 1284 3244 Antichristo,
1300 3177 1334 3231 et
1349 3166 1432 3230 aliis.

282 3275 372 3339 Nam
387 3287 523 3359 propter
537 3277 683 3339 diversas
700 3275 860 3339 utilitates
877 3273 1078 3357 reipublicae
1097 3283 1132 3336 et
1150 3284 1285 3355 propter
1300 3271 1430 3355 praedi·

281 3380 448 3444 cationem
471 3379 549 3442 fidei
572 3380 749 3443 mittuntur
769 3378 922 3441 homines
944 3377 987 3439 ad
1009 3376 1083 3440 loca
1105 3376 1221 3439 mundi
1245 3376 1382 3453 diversa,
1397 3375 1430 3437 in

281 3482 402 3563 quibus
424 3481 698 3565 occupationibus
712 3480 809 3545 valde
829 3480 1050 3545 necessarium
1071 3490 1122 3544 est
1149 3478 1433 3562 proficiscentibus

282 3595 320 3649 ut
355 3586 477 3651 scirent
513 3584 765 3667 complexiones
801 3582 949 3649 locorum
987 3595 1233 3661 extraneorum,
1268 3592 1433 3665 quatenus

283 3692 405 3755 scirent
436 3690 557 3775 eligere
586 3689 661 3754 loca
691 3700 876 3772 temperata
908 3709 968 3773 per
999 3709 1084 3772 quae
1113 3688 1298 3756 transirent.
1342 3686 1433 3750 Nam

195 3872 198 3877 ¹
282 3796 500 3860 valentissimi
524 3795 674 3860 homines
697 3794 877 3878 aliquando
900 3794 1091 3877 ignorantes
1109 3804 1261 3857 naturam
1284 3791 1434 3856 locorum

284 3901 397 3964 mundi
413 3901 539 3983 seipsos
555 3899 885 3981 christianorumque
900 3899 1035 3981 negotia
1050 3908 1268 3980 peremerunt,
1284 3917 1324 3960 eo
1342 3898 1433 3980 quod

283 4004 357 4070 loca
378 4006 478 4069 nimis
499 4005 607 4069 calida
630 4005 665 4068 in
688 4005 894 4087 temporibus
919 4004 1035 4067 calidis
1056 4013 1115 4068 aut
1137 4002 1235 4065 nimis
1258 4000 1378 4085 frigida
1400 4001 1434 4064 in

284 4108 411 4194 frigidis
436 4109 645 4173 transierunt.
691 4110 903 4192 Receperunt
930 4108 1031 4173 etiam
1058 4108 1202 4190 pericula
1229 4104 1369 4184 infinita,
1394 4125 1435 4168 eo

283 4215 373 4297 quod
391 4214 598 4279 nesciverunt
612 4214 748 4297 quando
759 4214 963 4277 intraverunt
972 4211 1123 4296 regiones
1133 4210 1291 4289 fidelium,
1300 4209 1435 4290 quando

283 4318 581 4394 schismaticorum,
609 4318 744 4398 quando
771 4317 1022 4389 Saracenorum,
1048 4315 1184 4399 quando
1210 4314 1434 4391 Tartarornm,

282 4422 416 4506 quando
439 4432 666 4504 tyrannorum,
688 4421 823 4503 quando
850 4420 1022 4484 hominum
1051 4418 1274 4504 pacificorum,
1301 4416 1434 4498 quando

283 4518 509 4604 barbarorum,
539 4526 674 4609 quando
704 4526 879 4590 hominum
911 4523 1167 4589 rationabilium.
1212 4521 1344 4585 Deinde
1376 4520 1434 4604 qui

283 4628 357 4694 loca
387 4630 503 4695 mundi
536 4631 676 4714 ignorat,
705 4630 811 4694 nescit
840 4650 908 4695 non
931 4627 1038 4693 solum
1064 4647 1132 4711 quo
1158 4625 1261 4705 vadit,
1285 4627 1345 4690 sed
1366 4645 1434 4707 quo
