3575 5375
581 576 755 648 JUDICIA
782 577 1106 640 ASTRONOMIAE.
1365 595 1426 656 247

273 735 373 819 Quod
391 736 601 804 manifestum
618 751 668 805 est
684 760 743 824 per
758 740 966 806 obviationes
979 751 1181 806 sanctorum.
1227 741 1322 805 Nihil
1336 742 1425 806 enim

273 841 451 925 reprobant
465 843 528 906 nisi
543 845 632 927 quod
648 864 707 927 per
721 844 834 910 stellas
850 846 1031 910 necessitas
1042 866 1150 910 rerum
1163 847 1424 927 contingentium

272 955 305 1009 et
322 946 468 1010 maxime
484 967 613 1012 morum
629 960 663 1014 et
678 959 813 1012 actuum
828 949 1048 1014 humanorum
1069 949 1137 1026 fiat,
1152 969 1190 1012 ac
1209 948 1376 1014 infallibile
1392 951 1425 1014 in

272 1050 427 1115 omnibus
438 1050 609 1133 judicium.
656 1052 724 1117 Sed
739 1053 799 1118 soli
813 1055 1041 1118 mathematici
1052 1055 1172 1137 magici
1187 1054 1270 1118 haec
1285 1063 1424 1138 porrum,

271 1164 305 1217 et
327 1155 394 1217 veri
421 1156 646 1221 mathematici
677 1178 743 1222 non
773 1159 821 1222 sic
853 1159 979 1222 dicunt.
1025 1156 1240 1242 Quapropter
1264 1159 1424 1241 quiequid

273 1257 413 1322 Basilius
444 1259 477 1322 in
509 1259 755 1334 Hexaemeron‚
778 1273 813 1326 et
835 1262 1036 1327 Ambrosius
1058 1263 1091 1325 in
1116 1262 1364 1340 Hexaemeron,
1390 1271 1423 1326 et

269 1362 479 1446 Augustinus
493 1373 527 1428 et
544 1363 721 1450 Gregorius
737 1367 770 1429 in
789 1366 926 1430 homilia
941 1367 1151 1449 Epiphaniae
1165 1377 1200 1430 et
1213 1366 1423 1448 Augustinus

270 1486 368 1550 super
385 1468 533 1533 Psalmos
549 1469 596 1532 lxi
611 1471 764 1548 etxci,et
783 1491 881 1553 super
896 1470 1059 1552 Joannem
1074 1480 1109 1534 et
1125 1471 1237 1535 multis
1251 1469 1333 1534 locis
1351 1471 1425 1553 ipse

270 1583 303 1636 et
318 1571 372 1636 alii
387 1574 540 1638 doctores
560 1575 674 1638 dicunt
690 1585 805 1640 contra
821 1576 1084 1650 mathematicos,
1098 1584 1209 1639 totum
1228 1584 1281 1638 est
1299 1575 1424 1640 directe

270 1689 386 1741 contra
408 1679 540 1762 eosqui
561 1678 689 1761 fingunt
710 1680 940 1745 necessitatem
962 1680 1088 1763 imponi
1110 1681 1158 1742 eis
1178 1699 1265 1762 quae
1284 1681 1421 1743 suntad

270 1782 471 1860 utrumlibet,
494 1793 528 1848 et
552 1785 727 1868 praecipue
754 1785 802 1848 eis
828 1805 916 1868 quae
939 1803 961 1848 a
985 1783 1089 1848 libero
1113 1783 1249 1847 arbitrio
1273 1783 1422 1865 proficis-

269 1894 396 1962 cuntur,
420 1889 476 1970 qui
500 1888 564 1952 soli
594 1898 671 1952 sunt
701 1887 929 1952 mathematici
959 1887 1097 1950 falsidici
1128 1887 1183 1950 vel
1214 1885 1424 1958 fraudulenti,

270 1991 489 2072 superstitiosi
504 2012 569 2055 non
586 1991 784 2075 philosophi,
794 2003 832 2055 ut
848 1989 1060 2055 manifestum
1073 2001 1135 2055 est.
1180 1991 1227 2054 Et
1239 1992 1315 2054 ideo
1328 1992 1424 2054 nimis

268 2104 378 2157 errant
392 2096 449 2176 qui
465 2115 542 2158 suas
558 2096 700 2158 insanias
716 2097 749 2159 iu
764 2115 859 2159 veros
881 2095 1134 2158 mathematicos
1158 2095 1308 2156 nituntur
1327 2114 1422 2158 sanc·

268 2205 379 2260 torum
401 2199 599 2262 auctoritate
622 2199 717 2276 tueri,
739 2208 773 2262 ct
802 2197 885 2262 salso
911 2199 1090 2262 abutentes
1111 2199 1209 2261 dictis
1231 2209 1421 2262 sanctorum

268 2301 427 2365 damnare
450 2304 623 2366 veritatem
650 2313 877 2386 praesumunt.
927 2302 1027 2366 Unde
1051 2323 1128 2367 suas
1148 2303 1323 2384 opiniones
1345 2303 1422 2368 licet

268 2425 422 2470 erroneas
437 2416 582 2471 statuere
598 2407 784 2485 moliuntur,
797 2427 879 2490 quas
894 2405 1023 2491 lingunt
1038 2428 1081 2472 ex
1095 2407 1279 2490 ignorantia
1294 2406 1423 2470 mathe-

269 2511 410 2574 maticae
431 2531 529 2575 verae
550 2520 584 2574 et
612 2510 723 2576 falsae.
771 2511 817 2576 Et
844 2531 921 2576 cum
952 2511 1079 2576 nullam
1110 2511 1271 2576 rationem
1304 2509 1422 2576 afferre

268 2625 405 2697 possunt
431 2635 472 2678 eo
498 2617 587 2699 quod
620 2627 734 2680 contra
766 2637 903 2680 omnem
933 2617 1095 2681 rationem
1126 2623 1158 2678 et
1190 2613 1421 2699 philosophiae

266 2721 424 2784 virtutem
443 2732 494 2785 est
513 2723 605 2804 quod
625 2732 741 2787 contra
762 2722 1017 2788 mathematicos
1030 2741 1127 2786 veros
1146 2722 1269 2795 dicunt,
1286 2721 1421 2802 rapiunt

267 2836 301 2889 et
317 2824 466 2889 iurantur
479 2827 694 2890 auctoritates
709 2838 909 2904 sanctorum,
924 2846 1010 2909 quae
1028 2825 1111 2889 nihil
1132 2824 1256 2890 faciunt
1277 2825 1321 2889 ad
1343 2845 1420 2907 pro·

266 2930 421 3014 positum,
438 2938 474 2993 ut
491 2930 700 2995 manifestum
716 2941 767 2995 est
783 2930 972 3013 inquirenti.
1020 2964 1023 2967 ⁴

311 3034 356 3097 Et
378 3034 488 3099 adhuc
514 3035 788 3099 considerandum
813 3046 872 3112 est,
891 3036 983 3117 quod
1006 3035 1033 3099 si
1058 3034 1304 3099 consideremus
1328 3033 1417 3097 dicta
1430 3053 1545 3117 Theydo

265 3148 464 3215 sanctorum,
487 3158 547 3201 nos
571 3138 776 3202 inveniemus
807 3137 980 3201 manifeste
1006 3138 1097 3221 quod
1125 3157 1190 3200 non
1215 3136 1325 3200 solum
1349 3157 1416 3200 non
1429 3121 1551 3185 notdeny

266 3244 444 3325 reprobant
474 3242 728 3305 mathematicos
750 3262 854 3319 veros,
876 3243 937 3305 sed
958 3241 1146 3326 approbant
1172 3242 1206 3304 in
1231 3240 1415 3304 futurorum
1428 3186 1588 3315 ilgllh‘ls

265 3346 465 3429 cognitione.
508 3345 674 3428 Quoniam
688 3343 899 3426 Augustinus
915 3345 993 3409 dicit
1008 3344 1094 3409 libro
1109 3345 1256 3409 secundo
1271 3346 1314 3408 de
1324 3343 1414 3407 Doc-
1429 3327 1537 3432 mtrem

265 3451 349 3512 trina
366 3448 563 3525 Christiana,
574 3448 664 3529 quod
681 3449 918 3514 mathematica
933 3450 1035 3513 habet
1048 3447 1233 3514 futurorum
1250 3447 1417 3529 regulares
1429 3460 1520 3498 events.

265 3552 479 3635 conjecturas,
496 3572 563 3617 nou
582 3552 780 3635 suspiciosas
803 3562 836 3615 et
857 3551 1032 3629 ominosas,
1044 3552 1103 3616 sed
1126 3564 1232 3616 rectas
1254 3563 1289 3617 et
1310 3560 1418 3615 certas

265 3668 333 3722 tam
355 3658 398 3723 de
419 3656 535 3721 futuris
554 3676 656 3740 quam
676 3658 908 3741 praesentibus
925 3668 960 3721 et
980 3657 1177 3740 praeteritis.
1224 3657 1270 3721 Et
1286 3655 1418 3721 Cassio·

264 3764 365 3827 dorus
393 3762 582 3841 concordat,
608 3772 645 3826 ut
676 3762 768 3844 prius
797 3762 924 3825 dietum
953 3771 1016 3825 est.
1072 3761 1119 3824 Et
1151 3761 1194 3824 ad
1224 3760 1415 3843 Januan'um

264 3868 412 3931 ostendit
437 3866 670 3948 multipliciter,
693 3868 864 3948 quomodo
888 3865 997 3929 lutura
1019 3876 1157 3949 possunt
1179 3867 1335 3948 cognosci
1359 3887 1417 3949 per

263 3970 429 4037 coelestia
474 3972 521 4035 Et
544 3969 685 4035 Basilius
706 3972 738 4034 in
758 3971 995 4035 Hexaemeron
1018 3970 1170 4035 similiter
1184 3969 1332 4035 declarat
1350 3970 1414 4034 hoe

265 4075 377 4143 multis
404 4076 535 4151 modis;
560 4076 648 4139 unde
670 4075 890 4139 certissimum
911 4074 1072 4157 judicium
1098 4076 1131 4137 in
1155 4074 1320 4156 aliquibus
1342 4095 1415 4138 esse

263 4179 419 4245 declarat.
451 4180 496 4243 Et
508 4178 712 4243 Ambrosius
723 4178 756 4241 in
772 4178 1006 4243 Hexacmeron
1021 4178 1204 4256 consentit3
1221 4188 1253 4241 et
1267 4177 1414 4242 isidorus

264 4287 297 4349 in
311 4306 373 4349 suo
388 4305 488 4367 opere
503 4285 547 4348 de
556 4282 768 4348 astronomia.
814 4282 859 4346 Et
872 4284 977 4346 sancti
990 4282 1186 4346 confirmant
1198 4281 1288 4363 quod
1300 4281 1414 4345 dicunt

262 4412 322 4474 per
348 4388 566 4473 evangelium,
587 4388 648 4452 ‘de
677 4386 770 4453 coelo
800 4388 983 4451 rubicundo
1013 4387 1045 4449 in
1075 4406 1148 4451 sero
1177 4397 1213 4450 et
1242 4383 1356 4461 mane,’
1379 4396 1414 4450 et

262 4496 392 4573 iterum,
414 4500 525 4559 ‘erunt
549 4496 643 4577 signa
668 4494 701 4556 in
722 4492 792 4557 sole
815 4503 848 4556 et
870 4490 967 4567 luna‚’
990 4492 1051 4556 &c
1097 4492 1142 4555 Et
1164 4493 1196 4555 in
1219 4490 1325 4572 Joele,
1347 4491 1414 4555 ‘sol

262 4608 470 4666 convertetur
498 4598 532 4662 in
558 4596 730 4679 tenebras,'
753 4598 813 4663 &e
860 4596 941 4663 Non
971 4596 1071 4680 igitur
1098 4607 1149 4659 est
1179 4595 1415 4660 mathematica
