3575 5375
349 625 410 688 250
573 611 730 670 OPERIS
752 609 943 681 MAIORIS
967 610 1081 669 PARS
1103 610 1287 684 QUARTA.

350 793 415 856 hoc
438 791 537 856 currit
557 791 717 874 judicium
741 792 930 869 astronomi,
948 801 982 861 et
1004 812 1070 856 non
1093 812 1152 872 per
1175 789 1445 855 infallibilitatem
1468 801 1503 855 et

350 897 591 961 necessitatem.
638 896 683 961 Et
706 908 918 960 astronomus
939 896 973 960 in
1000 895 1063 960 hoc
1087 896 1230 960 multum
1250 894 1394 978 juvatur,
1412 896 1503 977 quod

349 1000 439 1064 videt
453 1001 604 1065 homines
620 1000 652 1064 in
667 1002 796 1065 actibus
811 1002 877 1065 suis
893 1000 987 1084 sequi
1000 1000 1143 1064 multum
1159 1021 1236 1066 suas
1250 1000 1503 1083 complexiones

348 1123 431 1186 quas
453 1104 587 1184 habent,
605 1115 643 1170 ut
669 1104 851 1171 cholericus
879 1116 1030 1170 movetur
1059 1106 1102 1169 de
1132 1105 1219 1169 facili
1251 1105 1295 1170 ad
1325 1105 1418 1182 iram,
1440 1125 1501 1169 nec

348 1218 459 1290 potest
476 1208 659 1274 refraenare
672 1210 797 1292 primos
810 1218 923 1275 motus
935 1230 1061 1290 omnes,
1073 1219 1107 1274 et
1118 1211 1165 1275 sic
1176 1211 1218 1274 de
1229 1210 1311 1290 aliis,
1320 1210 1501 1274 secundum

349 1315 439 1397 quod
468 1313 620 1379 homines
651 1313 913 1379 diversificantur
941 1316 974 1378 in
1005 1316 1303 1398 complexionibus.
1358 1313 1404 1377 Et
1427 1316 1502 1378 ideo

348 1427 570 1498 astronomus,
580 1438 656 1483 cum
672 1420 763 1483 videt
778 1420 931 1483 homines
945 1421 1040 1502 sequi
1055 1440 1131 1483 suas
1146 1414 1404 1503 complexiones,
1416 1437 1503 1500 quae

349 1522 497 1586 oriuntur
515 1543 534 1586 a
555 1524 690 1587 coelesti
709 1524 913 1605 operatione,
926 1524 1011 1588 sicut
1029 1534 1063 1588 et
1082 1533 1155 1589 tota
1174 1524 1354 1606 generatio,
1370 1542 1436 1585 non
1451 1531 1502 1584 est

350 1627 469 1689 mirum
485 1628 513 1690 si
529 1647 564 1690 se
578 1629 737 1692 extendat
752 1629 795 1692 ad
810 1628 1106 1693 considerationem
1119 1638 1255 1693 actuum
1268 1627 1502 1690 humanorum.

182 1753 302 1804 Nationat
396 1729 572 1795 Caeterum
588 1731 658 1814 ipse
669 1733 760 1796 videt
777 1733 956 1811 manifeste,
971 1734 1062 1814 quod
1077 1733 1257 1796 secundum
1273 1731 1501 1795 diversitatem

179 1821 339 1952 frigffiby
351 1833 571 1898 habitantium
586 1835 649 1899 sub
664 1836 799 1900 diversis
815 1835 898 1900 coeli
918 1837 1080 1918 parallelis
1094 1837 1262 1900 variantur
1282 1854 1400 1912 mores,
1415 1833 1501 1897 sicut

178 1952 289 2002 climate.
350 1937 537 2003 habitantes
553 1960 663 2004 versus
679 1939 802 2022 polum,
818 1949 855 2004 ut
871 1939 1028 2022 Scythae,
1036 1939 1119 2004 alios
1135 1941 1260 2004 habent
1276 1959 1384 2003 mores
1400 1957 1501 2021 quam

349 2043 535 2108 habitantes
557 2063 670 2108 versus
694 2045 873 2124 meridiem,
892 2046 977 2108 sicut
998 2044 1207 2128 Aethiopes;
1230 2054 1264 2108 et
1282 2043 1366 2108 alios
1386 2045 1430 2107 ab
1451 2043 1502 2105 his

348 2145 472 2212 habent
483 2147 538 2227 illi,
549 2149 605 2230 qui
618 2149 650 2212 in
663 2158 782 2230 quarto
795 2149 949 2226 climate;
965 2152 1070 2213 immo
1080 2150 1260 2213 secundum
1273 2149 1499 2213 diversitatem

348 2251 523 2334 cujuslibet
539 2254 680 2318 climatis
701 2263 734 2318 et
754 2254 856 2317 etiam
880 2255 1024 2335 partium
1046 2253 1188 2318 climatis
1201 2255 1370 2318 variantur
1390 2273 1501 2316 mores

348 2355 578 2436 habitantium,
591 2368 627 2421 ut
636 2358 668 2420 in
680 2356 814 2422 climate
830 2357 956 2421 scilicet
968 2358 1112 2440 septimo
1124 2358 1289 2436 Picard0s‚
1300 2355 1455 2433 Gallicos,
1467 2367 1501 2420 et

351 2459 570 2540 Normannos,
586 2471 621 2526 et
644 2461 845 2546 Flamingos,
861 2474 897 2526 et
917 2461 1088 2545 Anglicos,
1102 2463 1254 2526 videmus
1273 2460 1447 2525 manifeste
1467 2461 1501 2534 in

350 2565 497 2629 moribus
519 2565 714 2647 discrepare,
733 2585 808 2628 cum
837 2577 949 2630 tamen
973 2567 1041 2630 sint
1064 2567 1210 2630 continui
1234 2566 1276 2629 ad
1305 2567 1443 2628 invicem
1467 2575 1502 2627 et

349 2669 536 2753 propinqui.
584 2669 659 2734 Hoc
682 2680 794 2735 autem
818 2691 884 2733 non
908 2681 960 2736 est
985 2692 1029 2735 ex
1054 2671 1134 2754 ipsis
1155 2670 1343 2734 hominibus
1366 2690 1386 2732 a
1408 2679 1502 2751 parte
1586 2675 1592 2683 '

351 2773 545 2837 diversitatis
568 2775 697 2838 animae
721 2775 899 2850 rationalis,
915 2776 973 2839 sed
996 2785 1133 2859 propter
1156 2774 1408 2858 complexiones
1429 2794 1501 2838 cor-

351 2897 467 2960 porum
488 2878 617 2941 innatas
636 2900 655 2941 a
674 2889 790 2943 natura
813 2880 905 2958 coeli,
921 2881 984 2944 sub
1004 2880 1098 2961 cujus
1120 2880 1285 2962 parallelis
1308 2879 1445 2942 diversis
1466 2889 1501 2941 et

350 2980 453 3045 stellis
469 2982 640 3061 situantur,
651 2994 684 3048 et
699 2984 879 3047 secundum
892 2985 1117 3048 diversitatem
1129 2985 1212 3048 situs
1223 3004 1338 3048 eorum
1352 2992 1502 3064 respectu

350 3086 566 3168 planetarum.
612 3086 657 3151 Et
688 3108 754 3151 non
786 3088 893 3152 solum
926 3100 976 3153 est
1010 3086 1091 3153 haec
1122 3089 1294 3152 diversitas
1320 3087 1501 3151 secundum

349 3191 559 3255 latitudinem
584 3193 755 3274 regionum
778 3193 822 3256 ab
844 3193 1077 3276 aequinoctiali
1099 3194 1222 3257 circulo
1240 3213 1353 3257 versus
1376 3191 1501 3275 polum,

350 3298 435 3360 sicut
465 3316 550 3360 nunc
580 3306 706 3361 tactum
738 3308 797 3375 est,
827 3299 887 3361 sed
923 3299 1106 3361 secundum
1142 3282 1393 3380 longitudinem,
1423 3295 1501 3360 licet

349 3422 467 3465 causae
500 3402 567 3464 sint
599 3402 803 3466 occultiores.
861 3402 923 3465 Per
955 3403 1197 3484 experientiam
1229 3402 1318 3466 enim
1339 3402 1500 3472 videmus,

349 3506 439 3588 quod
461 3506 522 3569 sub
540 3506 658 3569 eodem
675 3506 834 3589 parallelo
849 3507 1017 3570 variantur
1032 3508 1191 3590 regiones,
1208 3507 1389 3570 secundum
1410 3508 1500 3588 quod

350 3611 456 3693 magis
480 3610 523 3673 ab
555 3611 727 3674 occidente
750 3609 802 3674 vel
827 3612 954 3675 oriente
977 3611 1113 3689 distant,
1128 3619 1162 3675 et
1189 3631 1255 3675 non
1277 3610 1386 3675 solum
1410 3610 1501 3693 ipsae

350 3715 499 3795 regiones
514 3715 572 3777 sed
592 3724 704 3798 partes
727 3716 908 3797 regionum.
956 3716 1002 3781 Et
1018 3736 1084 3779 non
1100 3725 1212 3798 potest
1227 3716 1260 3778 in
1279 3724 1368 3779 terra
1387 3735 1446 3777 nec
1467 3715 1500 3776 in

349 3817 540 3880 hominibus
563 3817 699 3881 inveniri
722 3838 819 3883 causa
845 3818 1045 3910 principalis
1059 3820 1159 3902 hujus
1185 3820 1241 3896 rei,
1264 3820 1323 3883 sed
1354 3817 1502 3882 incaelo

351 3922 524 4003 requiritur
539 3923 719 3985 secundum
733 3942 847 3986 omnes
860 3924 1027 4006 sapientes
1039 3949 1047 4001 3
1071 3926 1168 4002 unde,
1178 3925 1262 3988 sicut
1275 3924 1364 4005 prius
1373 3923 1500 3986 dictum

351 4036 410 4100 cst,
434 4028 476 4090 ad
500 4046 600 4090 omne
622 4037 782 4109 punctum
806 4038 914 4091 terrae
937 4029 1052 4094 incidit
1073 4048 1178 4093 conus
1201 4030 1298 4092 unius
1320 4026 1503 4112 pyramidis

350 4131 516 4196 virtuosae
531 4152 550 4195 a
566 4142 639 4197 toto
659 4133 762 4196 coelo.
802 4133 848 4197 Et
866 4135 941 4197 coni
966 4134 1020 4197 isti
1043 4143 1122 4197 sunt
1142 4134 1292 4198 diversae
1315 4134 1348 4195 in
1372 4141 1501 4208 natura,

350 4246 384 4299 et
415 4237 605 4319 pyramides
630 4237 790 4315 similiter,
816 4239 893 4320 quia
920 4239 1067 4302 diversas
1092 4238 1216 4301 habent
1238 4238 1336 4301 bases
1366 4244 1503 4320 propter

351 4340 558 4405 diversitates
578 4342 800 4421 horizontum,
816 4343 973 4425 quoniam
996 4342 1134 4425 quilibet
1154 4352 1297 4424 punctus
1320 4352 1428 4404 terrae
1450 4350 1502 4403 est

350 4456 496 4509 centrum
521 4447 645 4529 proprii
666 4447 856 4510 horizontis.
896 4446 943 4510 Et
966 4448 1043 4511 ideo
1065 4454 1198 4531 oportet
1219 4447 1367 4510 omnium
1392 4464 1502 4509 rerum

349 4551 573 4615 diversitatem
588 4570 743 4633 magnam
757 4572 801 4615 ex
813 4550 875 4614 hac
887 4570 987 4615 causa
997 4551 1084 4627 oriri,
1095 4552 1196 4614 etiam
1208 4561 1504 4633 quantumcunque

349 4655 524 4737 propinqui
540 4664 627 4731 sunt,
643 4665 681 4721 ut
695 4655 827 4739 gemelli
843 4656 876 4719 in
893 4654 1011 4720 eodem
1028 4665 1143 4735 uter03
1167 4665 1202 4721 et
1216 4654 1263 4720 sic
1278 4656 1322 4719 de
1337 4654 1501 4729 omnibus,
