3575 5375
586 637 761 708 JUDICIA
789 639 1110 698 ASTRONOMIAE.
1363 641 1421 701 261

274 797 389 866 Facies
405 810 516 864 autern
536 801 706 885 signorum
727 801 934 884 accipiuntur
954 823 1013 886 per
1031 803 1227 867 divisionem
1248 802 1424 886 cujuslibet

272 903 354 986 signi
369 905 402 968 in
418 915 485 969 tres
500 915 611 988 partes
622 906 798 989 aequales;
822 917 855 969 et
871 926 1089 990 unaquaeque
1103 917 1235 972 constat
1246 929 1291 972 ex
1306 910 1423 973 decem

272 1008 439 1089 gradibus,
455 1030 543 1092 quae
557 1019 718 1074 vocantur
731 1011 841 1086 iacies,
857 1020 890 1073 et
908 1010 975 1074 alio
998 1014 1101 1077 modo
1122 1013 1260 1090 decani3
1282 1033 1422 1095 quarum

272 1110 428 1176 facierum
451 1115 580 1177 initium
603 1125 653 1178 est
676 1136 696 1178 a
715 1116 823 1199 primo
843 1117 948 1198 gradu
966 1115 1102 1194 Arietis,
1122 1127 1156 1180 et
1176 1117 1370 1183 terminatur
1389 1119 1423 1181 in

272 1215 402 1281 decimo
431 1219 536 1301 gradu
563 1219 722 1301 ejusdem,
751 1230 784 1283 et
808 1220 931 1282 dicitur
958 1219 1086 1285 Martis.
1132 1219 1289 1286 Secunda
1319 1243 1424 1305 usque

271 1321 304 1383 in
322 1322 522 1400 vicesimum,
542 1333 575 1388 et
594 1325 714 1387 dicitur
735 1322 836 1388 iacies
859 1323 959 1398 Solis,
979 1325 1057 1406 quia
1080 1324 1140 1390 Sol
1162 1327 1311 1390 succedit
1334 1327 1364 1390 ei
1387 1327 1422 1390 in

270 1426 386 1488 ordine
411 1427 615 1491 circulorum.
661 1427 774 1492 Tertia
804 1437 856 1492 est
888 1429 922 1490 in
952 1427 1052 1493 finem
1083 1429 1209 1493 Arietis
1238 1441 1272 1494 et
1302 1431 1423 1495 dicitur

270 1529 370 1594 iacies
384 1530 531 1604 Veneris,
550 1542 584 1596 et
606 1533 652 1596 sic
669 1533 713 1595 de
734 1533 871 1596 caeteris
892 1534 1073 1596 secundum
1097 1534 1256 1611 ordinem,
1272 1543 1309 1598 ut
1328 1544 1421 1617 patet

270 1635 303 1696 in
319 1634 435 1699 tabula
457 1635 631 1714 facierum;
655 1637 702 1700 ita
725 1640 816 1719 quod
837 1636 1021 1701 Mercurius
1041 1637 1142 1701 habet
1163 1638 1278 1702 decern
1299 1639 1422 1721 gradus

269 1737 415 1821 Virginis
445 1739 580 1804 ultimos
610 1761 671 1825 pro
701 1737 796 1804 facie.
843 1741 889 1804 Et
920 1742 966 1805 sic
989 1750 1093 1823 patet,
1116 1745 1207 1823 quod
1236 1743 1420 1808 Mercurius

268 1843 370 1906 habet
388 1864 503 1908 omnes
525 1845 606 1910 istas
626 1855 811 1929 potestates
834 1847 867 1908 in
889 1845 1040 1930 Virgine.
1087 1846 1133 1911 Et
1154 1857 1314 1911 vocantur
1336 1847 1420 1912 istae

268 1957 450 2029 potestates
474 1969 533 2032 per
562 1950 822 2014 similitudinem.
869 1949 970 2014 Unde
999 1948 1134 2033 planeta
1163 1952 1196 2014 in
1227 1953 1330 2015 domo
1359 1972 1420 2015 sua

268 2063 477 2133 comparatur
493 2055 561 2136 regi
578 2055 610 2116 in
626 2054 729 2118 domo
743 2075 803 2117 sua
825 2055 917 2136 regia
931 2062 965 2116 et
986 2054 1020 2116 in
1038 2055 1266 2119 dominatione
1282 2075 1362 2131 sua3
1384 2066 1419 2120 et

267 2176 343 2219 curn
366 2156 462 2220 luerit
486 2158 519 2220 in
541 2157 744 2221 exaltatione
767 2179 836 2235 sua,
858 2168 909 2222 est
930 2159 1016 2222 sicut
1041 2157 1092 2221 vir
1115 2159 1148 2220 in
1175 2179 1277 2242 regno
1300 2179 1362 2222 suo
1384 2168 1419 2222 et

266 2259 391 2341 gloria3
413 2271 446 2324 et
465 2281 539 2324 cum
556 2260 703 2325 fueritin
718 2261 912 2344 triplicitate
932 2283 1000 2338 sua,
1014 2272 1066 2326 est
1081 2263 1167 2326 sicut
1181 2263 1232 2326 vir
1247 2263 1280 2326 in
1294 2262 1420 2327 honore

266 2383 328 2426 suo
350 2375 383 2427 et
407 2365 493 2427 inter
513 2364 729 2429 auxiliatores
751 2376 852 2448 atque
881 2366 1068 2442 ministros3
1101 2377 1233 2430 etcum
1258 2366 1353 2430 luerit
1383 2367 1418 2430 in

267 2468 408 2532 termino
423 2489 492 2545 suo,
516 2479 565 2533 est
586 2469 669 2533 sicut
689 2470 739 2532 vir
761 2470 846 2534 inter
867 2479 1020 2552 parentes
1042 2490 1121 2534 suos
1135 2481 1170 2534 et
1197 2481 1359 2552 cognatos
1384 2482 1418 2536 et

266 2581 399 2654 gentem
430 2593 542 2651 suam;
573 2584 608 2637 et
637 2593 713 2637 cum
744 2584 795 2637 est
827 2575 859 2637 in
890 2573 976 2638 facie
1004 2594 1074 2648 sua,
1108 2584 1159 2638 est
1188 2577 1274 2640 sicut
1303 2575 1355 2639 vir
1384 2577 1418 2640 in

267 2677 457 2761 magisterio
479 2698 549 2743 suo.
595 2677 641 2742 Et
663 2680 784 2744 domus
807 2679 928 2745 dicitur
957 2679 1081 2743 habere
1110 2680 1256 2763 quinque
1287 2679 1417 2746 sortitu·

266 2782 369 2857 dines,
388 2780 551 2848 exaltatio
570 2792 724 2866 quatuor,
742 2784 919 2866 triplicitas
939 2794 1016 2859 tres,
1032 2785 1193 2848 terminus
1208 2785 1302 2862 duas,
1317 2785 1418 2850 iacies

265 2905 374 2951 unam.
419 2886 518 2951 Unde
533 2887 652 2951 domus
663 2886 765 2952 habet
778 2888 811 2950 in
823 2909 858 2952 se
868 2887 1080 2952 fortitudines
1088 2889 1234 2972 quinque
1250 2888 1416 2968 facierum,

264 2999 298 3053 et
335 2990 496 3055 exaltatio
527 2992 630 3056 habet
668 2989 893 3056 fortitudinem
932 3002 1075 3075 quatuor
1108 2992 1275 3068 facierum,
1305 3003 1340 3058 et
1368 2996 1416 3059 sic

264 3088 406 3160 ulterius

307 3199 364 3262 Ex
381 3198 432 3263 his
448 3200 547 3283 igitur
562 3209 656 3284 patet
665 3201 755 3282 quod
771 3200 835 3265 hae
850 3210 1034 3282 potestates
1052 3200 1203 3265 Mercurii
1223 3201 1414 3266 essentiales
1427 3219 1573 3269 connexion

262 3313 297 3366 et
333 3302 528 3386 principales
569 3313 644 3366 sunt
674 3323 790 3365 omnes
821 3305 853 3367 in
883 3303 1028 3387 Virgine.
1073 3305 1191 3388 Atque
1219 3305 1411 3369 addendum
1426 3284 1584 3400 gimo

262 3417 321 3485 est,
357 3408 448 3488 quod
489 3406 711 3489 unusquisque
753 3408 887 3489 planeta
923 3406 1025 3471 habet
1061 3408 1171 3472 adhuc
1209 3419 1411 3491 potestatem
1425 3416 1552 3492 stetinum

262 3510 500 3575 accidentalem
530 3511 699 3592 quandam
731 3510 763 3573 in
790 3511 886 3594 signo
916 3511 977 3574 sibi
1007 3512 1131 3586 debito,
1161 3532 1248 3595 quae
1276 3481 1510 3578 vocaturl¹¹g⁰'

260 3615 427 3699 gaudium.
474 3614 573 3679 Unde
607 3613 779 3692 Saturnus,
806 3635 881 3677 cum
914 3615 1014 3679 intrat
1045 3615 1241 3698 Aquarium,
1266 3618 1413 3701 gaudere

262 3721 388 3793 dicitur,
414 3730 452 3783 ut
475 3717 606 3802 Jupiter
631 3718 662 3781 in
688 3718 879 3803 Sagittario,
906 3719 998 3781 Mars
1025 3720 1057 3781 in
1086 3719 1280 3803 Scorpione,
1298 3720 1413 3787 Venus

261 3824 294 3889 in
310 3822 433 3902 Tauro,
449 3834 482 3889 et
504 3824 685 3887 Mercurius
708 3824 742 3886 in
756 3823 905 3905 Virgine.
952 3824 998 3886 Et
1018 3824 1093 3887 ideo
1116 3844 1281 3908 nusquam
1304 3826 1413 3890 domi·

260 3940 357 3994 natur
397 3929 578 3992 Mercurius
616 3939 757 4001 tantum,
794 3928 879 3993 sicut
918 3927 951 3991 in
986 3929 1132 4012 Virgine.
1188 3929 1260 3995 Nec
1295 3930 1414 4012 aliquis

260 4033 394 4115 planeta
418 4032 519 4097 habet
544 4041 596 4095 tot
616 4033 649 4094 in
673 4051 713 4094 ea
736 4033 893 4105 dominia,
914 4043 1049 4115 propter
1071 4034 1161 4116 quod
1180 4034 1412 4117 appropriatur

260 4137 388 4219 Virgini
421 4136 610 4201 Mercurius.
657 4136 702 4198 Et
741 4136 816 4199 ideo
853 4156 898 4197 ex
928 4135 990 4200 hac
1028 4156 1127 4200 causa
1156 4137 1271 4200 dicunt
1301 4136 1410 4220 legem

261 4240 490 4305 Mercurialem
528 4240 648 4304 debere
686 4258 758 4303 esse
795 4250 921 4304 sectam
960 4239 1144 4323 prophetae
1179 4240 1336 4304 nascituri
1366 4242 1410 4305 de

259 4346 402 4427 virgine:
426 4354 459 4408 et
475 4346 552 4409 ideo
569 4344 651 4407 haec
665 4354 756 4407 secta
773 4343 977 4408 Mercurialis
993 4346 1127 4427 ponitur
1142 4344 1185 4407 ab
1200 4344 1248 4407 eis
1264 4364 1337 4407 esse
1353 4344 1409 4408 lex

260 4448 456 4515 Christiana.
503 4446 540 4512 Si
577 4468 655 4512 vero
692 4448 933 4531 complectatur
970 4447 1095 4521 Lunae,
1131 4449 1246 4511 dicunt
1282 4449 1409 4512 domini

258 4553 487 4629 astronomiae,
509 4553 599 4635 quod
624 4552 685 4615 erit
714 4550 772 4615 lex
806 4552 923 4616 Lunae
945 4561 979 4615 et
1002 4551 1129 4627 ultima,
1159 4552 1238 4635 quia
1268 4551 1410 4617 circulus

258 4659 375 4723 Lunae
390 4665 440 4721 est
457 4655 601 4733 ultimus,
617 4666 651 4719 et
667 4656 749 4720 haec
765 4656 826 4718 erit
841 4655 898 4719 lex
914 4655 1132 4740 corruptionis
1151 4664 1185 4720 et
1207 4653 1306 4721 foeda
1321 4675 1407 4738 quae
