3575 5375
334 624 396 686 268
558 628 714 688 OPERIS
739 627 929 699 MAJORIS
954 629 1068 687 PARS
1093 626 1277 702 QUARTA.

332 789 506 873 gloriosae,
518 801 552 856 et
567 791 732 856 excitasse
748 812 822 855 eam
840 793 872 856 in
889 802 1052 874 quantum
1067 791 1262 856 naturaliter
1276 787 1487 872 operabatur,

333 895 411 977 quia
426 892 527 958 homo
542 905 680 979 generat
695 895 862 961 hominem
878 908 914 960 et
928 895 989 960 sol.
1036 895 1073 961 Si
1091 897 1179 959 enim
1197 894 1321 976 aliquid
1338 892 1486 956 naturale

332 999 432 1063 fuerit
461 999 494 1061 in
524 999 580 1062 illa
611 999 826 1082 conceptione
856 1022 916 1084 per
946 1001 1105 1064 materiae
1134 998 1422 1083 praeparationem
1452 1004 1486 1058 et

332 1102 518 1166 lomentum
536 1103 568 1166 in
583 1113 679 1167 utero
700 1113 733 1168 et
749 1103 952 1186 hujusmodi,
968 1106 1000 1167 in
1021 1114 1183 1187 quantum
1205 1101 1312 1166 luerat
1326 1098 1485 1164 naturalis

332 1217 366 1270 et
385 1227 463 1270 vera
487 1218 601 1285 mater,
622 1228 687 1271 non
708 1209 886 1272 aestimant
907 1208 1142 1272 inconveniens
1164 1226 1287 1290 ponere
1306 1204 1484 1269 coelestem

332 1310 586 1392 dispositionem
602 1333 675 1376 esse
690 1311 764 1394 plus
783 1333 885 1394 quam
907 1314 1050 1396 signum,
1065 1311 1280 1376 consideratis
1295 1329 1375 1391 pure
1389 1317 1485 1371 natu·

331 1415 464 1478 ralibus.
512 1413 579 1479 Sed
602 1417 758 1499 quicquid
781 1417 897 1481 dicunt
919 1418 952 1479 in
974 1416 1037 1479 hac
1060 1426 1162 1498 parte,
1182 1415 1245 1478 hoc
1268 1414 1312 1477 ad
1335 1412 1484 1493 regulam

333 1519 409 1582 lidei
436 1522 660 1585 reducendum
685 1531 744 1598 est,
768 1531 804 1584 ut
827 1542 847 1584 a
871 1520 1035 1585 catholica
1057 1521 1196 1584 veritate
1218 1538 1285 1582 non
1307 1518 1486 1582 discordet.

334 1622 379 1686 Et
396 1622 472 1688 licet
488 1624 600 1687 omnia
615 1633 648 1688 et
669 1625 712 1688 ad
734 1623 869 1707 plenum
891 1646 957 1688 non
978 1623 1143 1688 sufficiant
1164 1622 1339 1687 ostendere
1358 1628 1486 1684 secreta

333 1727 427 1790 istius
442 1737 560 1803 sectae,
572 1737 685 1792 tamen
700 1749 741 1793 an
757 1729 800 1793 sit
816 1729 898 1793 haec
913 1737 1012 1807 secta,
1025 1739 1059 1792 et
1071 1726 1177 1810 qualis
1193 1727 1237 1790 sit
1249 1728 1282 1789 in
1298 1722 1486 1803 universali,

332 1830 470 1913 pulchre
485 1841 694 1910 attestantur,
710 1841 747 1896 ut
763 1833 841 1898 satis
862 1833 1065 1897 admirantes
1085 1831 1284 1914 sapientiam
1304 1829 1351 1894 eis
1370 1829 1484 1893 datam

333 1933 427 1999 facile
443 1956 641 2000 excusemus
657 1958 771 2001 eorum
789 1938 1021 2020 ignorantiam,
1036 1939 1115 2020 quia
1134 1935 1324 2000 deiecerunt
1344 1955 1364 1997 a
1385 1933 1485 2016 plena

270 2079 273 2086 ·
332 2039 569 2105 certificatione
585 2043 666 2106 ritus
682 2041 868 2120 Christiani,
885 2063 961 2106 cum
977 2043 1010 2105 in
1025 2063 1068 2105 eo
1087 2062 1152 2104 non
1173 2040 1303 2104 fuerant
1324 2037 1483 2103 instructi.

163 2467 266 2518 Astrolo

163 2549 221 2596 may
231 2534 263 2583 he
275 2550 292 2598 p

163 2615 192 2648 us
202 2608 229 2648 to
242 2599 304 2649 fore·

163 2664 208 2715 tell
220 2666 262 2716 the

162 2732 223 2781 time
234 2731 304 2781 when

164 2798 304 2848 Antichrist

333 2144 379 2207 Et
395 2144 529 2209 laudare
544 2147 714 2225 debemus,
725 2149 814 2230 quod
832 2146 1004 2211 nobiscum
1022 2147 1223 2209 concordant
1238 2154 1273 2207 et
1284 2141 1484 2206 confirmant

330 2259 479 2313 nostram
493 2249 737 2332 professionem.
769 2251 837 2316 Sed
851 2252 883 2314 in
895 2253 993 2315 tertia
1005 2262 1100 2332 parte
1109 2249 1242 2313 moralis
1253 2245 1484 2330 philosophiae

332 2355 375 2416 de
391 2354 453 2417 hac
468 2352 718 2420 confirmatione
733 2356 956 2420 abundantior
971 2354 1028 2418 fiet
1043 2374 1162 2418 sermo.

378 2457 424 2521 Et
453 2459 611 2540 quoniam
641 2469 719 2542 post
749 2460 857 2544 legem
886 2459 1070 2523 Mahometi
1102 2479 1169 2522 non
1200 2456 1364 2521 credimus
1394 2457 1485 2537 quod

333 2561 444 2646 aliqua
465 2573 553 2628 secta
567 2565 676 2628 veniet
697 2565 760 2629 nisi
783 2564 840 2629 lex
855 2563 1065 2641 Antichristi,
1081 2572 1114 2627 et
1130 2562 1311 2627 astronomi
1333 2559 1485 2624 similiter

334 2667 536 2732 concordant
552 2668 585 2731 in
601 2668 674 2747 hoc,
689 2669 779 2753 quod
797 2669 859 2735 erit
874 2668 993 2752 aliquis
1008 2678 1127 2753 potens
1144 2666 1202 2751 qui
1222 2667 1330 2750 legem
1351 2664 1483 2728 foedam

335 2781 369 2835 et
386 2772 548 2853 magicam
564 2774 744 2837 constituet
765 2784 842 2857 post
863 2773 1104 2851 Mahometum,
1119 2793 1206 2854 quae
1227 2771 1283 2836 lex
1303 2769 1485 2854 suspendet

162 2864 226 2912 shall
242 2878 321 2913 ΕΘΝ·
335 2895 451 2938 omnes
471 2876 561 2951 alias,
578 2878 718 2940 multum
742 2889 829 2941 esset
849 2878 931 2941 utile
951 2876 1107 2942 ecciesiae
1123 2877 1190 2941 Dei
1212 2875 1420 2941 considerare
1440 2873 1484 2937 de

333 2988 485 3060 tempore
507 2980 600 3045 istius
624 2980 714 3063 legis,
734 3002 776 3045 an
798 2984 865 3046 cito
887 2983 999 3045 veniet
1020 2992 1098 3064 post
1121 2980 1379 3046 destructionem
1400 2976 1484 3061 legis

335 3082 528 3161 Mahometi,
544 3105 585 3148 an
603 3084 744 3150 multum
761 3086 869 3170 longe.
915 3086 961 3150 Et
978 3086 1118 3150 Ethicus
1138 3082 1357 3168 philosophus
1375 3083 1409 3146 in
1424 3102 1484 3146 sua

333 3188 596 3274 cosmographia
611 3190 693 3254 dicit
709 3210 875 3275 expresse,
891 3192 982 3274 quod
996 3211 1079 3274 gens
1093 3211 1179 3273 quae
1193 3189 1255 3254 suit
1271 3187 1383 3253 clausa
1399 3187 1482 3251 infra

331 3305 446 3377 portas
461 3293 602 3377 Caspias
624 3296 725 3361 irruet
748 3297 781 3360 in
806 3297 968 3360 mundum
992 3306 1026 3360 et
1048 3294 1199 3359 obviabit
1218 3292 1427 3358 Antichristo
1448 3302 1483 3355 et

332 3420 408 3463 eum
425 3400 556 3463 vocabit
573 3401 683 3464 Deum
700 3400 855 3465 Deorum.
904 3400 950 3464 Et
973 3399 1190 3483 proculdubio
1205 3396 1335 3463 Tartari
1353 3397 1485 3461 luerunt

331 3502 415 3566 inira
431 3515 544 3585 portas
560 3504 632 3568 illas
649 3515 682 3569 et
698 3507 885 3568 exiverunt.
929 3503 1007 3585 Jam
1023 3505 1111 3568 enim
1128 3502 1250 3569 fractae
1265 3511 1342 3567 sunt
1357 3511 1483 3584 portae,

331 3606 415 3671 sicut
431 3609 510 3671 certi
533 3630 655 3673 sumus.
703 3610 735 3673 N
739 3630 792 3674 am
810 3612 926 3674 fratres
949 3609 1092 3672 minores
1101 3607 1123 3686 ¹,
1138 3628 1222 3690 quos
1244 3606 1401 3671 dominus
1422 3627 1483 3671 rex

332 3710 361 3772 F
363 3713 491 3775 ranciae
511 3711 700 3776 Ludovicus
718 3713 774 3797 qui
799 3734 885 3777 nunc
909 3723 1026 3795 regnat
1049 3712 1148 3789 misit,
1164 3712 1383 3776 transiverunt
1406 3730 1483 3773 cum

331 3814 477 3877 Tartaris
496 3834 555 3896 per
577 3816 722 3879 medium
747 3827 916 3900 portarum
938 3817 1025 3880 ultra
1044 3816 1144 3898 longe
1163 3817 1249 3879 inter
1269 3824 1410 3889 montes,
1425 3812 1483 3876 ubi

330 3917 461 3982 luerunt
477 3918 601 3983 inclusi.
649 3920 696 3985 Et
711 3933 827 3986 notum
845 3933 896 3986 est
914 3942 980 3986 non
999 3921 1108 3985 solum
1124 3919 1278 3984 omnibus
1294 3918 1484 3984 nationibus

331 4022 467 4087 orientis
482 4023 572 4106 quod
588 4024 718 4089 Tartari
734 4026 911 4091 exiverunt
926 4048 946 4090 a
962 4026 1043 4091 locis
1057 4026 1116 4107 eis,
1129 4026 1188 4090 sed
1203 4034 1237 4089 et
1251 4026 1299 4088 eis
1319 4025 1377 4108 qui
1396 4023 1483 4088 bene

331 4128 441 4191 sciunt
457 4128 571 4191 mundi
587 4129 850 4210 dispositionem,
866 4140 900 4195 et
919 4141 1082 4195 noverunt
1102 4140 1213 4214 partes
1232 4127 1429 4193 habitabiles
1448 4137 1483 4191 et

331 4230 503 4315 regionum
524 4232 732 4297 diversitates
754 4255 813 4318 per
833 4235 1080 4314 astronomiam,
1096 4244 1130 4298 et
1151 4254 1209 4317 per
1229 4243 1381 4297 auctores
1400 4232 1483 4296 alios

330 4348 367 4401 ut
389 4336 531 4400 Plinium
558 4345 593 4401 et
621 4337 824 4403 Martianum
855 4350 889 4404 et
920 4350 1068 4405 caeteros
1098 4340 1155 4422 qui
1186 4338 1301 4401 mundi
1331 4338 1483 4421 regiones

330 4441 531 4523 describunt,
554 4450 587 4505 et
612 4462 671 4524 per
694 4443 858 4507 historias.
912 4442 1004 4509 Nolo
1029 4443 1082 4507 hic
1106 4463 1228 4525 ponere
1253 4462 1292 4506 os
1314 4461 1426 4505 meum
1449 4442 1482 4504 in

364 4590 372 4619 ¹
390 4589 468 4639 Much
479 4592 533 4640 will
545 4592 578 4640 be
594 4592 650 4642 said
662 4592 688 4641 in
701 4593 745 4642 the
762 4607 854 4643 course
865 4593 897 4641 ol
909 4594 955 4643 the
965 4594 1040 4643 work
1057 4594 1087 4643 os
1100 4594 1153 4644 this
1169 4594 1310 4657 important
1326 4593 1443 4656 missioa,
1456 4594 1486 4643 oi

329 4668 417 4717 which
427 4668 541 4719 William
555 4670 705 4734 Rubruquis
715 4686 770 4722 was
782 4672 826 4722 the
834 4672 932 4724 leader.
