3575 5375
387 635 445 713 148
600 634 756 695 OPERIS
781 632 972 704 MAJORIS
996 632 1112 692 PARS
1136 627 1320 703 QUARTA.

385 802 476 882 quod
494 819 571 882 pars
591 809 641 864 est
663 796 769 880 major
785 805 867 876 tot0,
883 806 920 860 ut
935 797 1046 879 patuit
1062 796 1094 858 in
1111 794 1211 879 priori
1228 795 1375 870 ratione3
1397 798 1432 854 et
1446 787 1541 872 quod

385 903 515 968 finitum
532 903 669 968 habebit
691 903 850 984 majorem
872 902 1058 986 potentiam
1074 920 1176 983 quarn
1193 897 1368 974 infinitum,
1385 905 1424 958 ut
1446 903 1540 977 patet

384 1007 417 1071 in
438 1009 595 1086 terminis,
611 1018 644 1071 et
660 1007 870 1072 haecomnia
886 1015 965 1070 sunt
983 1005 1212 1088 impossibilia.

431 1113 515 1176 Item
532 1113 559 1175 si
575 1113 724 1196 potentia
746 1111 905 1175 materiae
924 1120 975 1176 est
991 1109 1130 1186 infinita,
1143 1109 1187 1173 sit
1207 1107 1289 1172 haec
1309 1103 1461 1188 potentia
1480 1121 1541 1184 per

383 1215 414 1277 A
439 1217 557 1281 lineam
577 1217 752 1300 designata
772 1215 947 1292 infinitam,
961 1235 1048 1298 quae
1068 1215 1095 1278 si
1116 1213 1283 1278 dividatur
1305 1211 1339 1274 in
1361 1219 1487 1293 puncto
1506 1225 1540 1283 a,

384 1330 463 1386 tunc
478 1329 590 1404 partes
605 1321 727 1384 divisae
742 1330 820 1384 sunt
836 1319 1001 1402 aequales,
1017 1319 1096 1400 quia
1112 1327 1252 1399 utraque
1266 1315 1309 1379 ab
1324 1313 1397 1396 ipso
1413 1318 1539 1392 puncto

384 1447 405 1489 a
423 1426 515 1488 vadit
539 1426 572 1487 in
596 1423 770 1488 infinitum.
828 1423 987 1507 Signetur
1009 1443 1089 1507 ergo
1112 1431 1254 1504 punctus
1276 1419 1304 1497 b,
1321 1427 1355 1481 et
1378 1424 1501 1500 puncta
1522 1433 1540 1478 c

414 1577 440 1625 Α
619 1609 624 1640 Ι
817 1609 821 1642 Ι
1014 1608 1019 1642 1
1210 1606 1215 1639 Ι

383 1645 421 1655 —
465 1647 607 1654 ..ιιι-*η-
629 1646 822 1655 ..ι-

605 1696 629 1757 s
806 1695 825 1744 a
1005 1713 1023 1744 a
1207 1693 1223 1742 a

384 1855 417 1910 et
432 1847 464 1910 d.
510 1847 625 1911 Partes
640 1868 719 1930 ergo
734 1847 860 1912 divisae
875 1859 953 1913 sunt
969 1849 1134 1930 aequales,
1143 1849 1202 1911 sed
1218 1844 1355 1927 basin
1371 1837 1537 1903 infinitum

384 1953 562 2015 decurrens
576 1961 626 2014 est
643 1951 748 2033 major
767 1973 868 2034 quarn
884 1975 907 2016 a
908 1955 941 2037 f
955 1973 1015 2035 per
1035 1952 1096 2016 ab.
1150 1951 1242 2034 Ergo
1260 1949 1307 2013 bc
1322 1947 1409 2009 linea
1431 1944 1464 2006 in
1487 1942 1540 2004 in·

383 2053 512 2119 finitum
528 2066 675 2131 extensa,
690 2066 742 2121 est
758 2056 863 2139 major
878 2078 979 2139 quam
999 2057 1058 2138 af.
1105 2056 1195 2138 Ergo
1211 2064 1261 2118 est
1282 2052 1390 2134 major
1406 2043 1539 2128 aequali

383 2181 404 2223 a
407 2160 443 2241 s,
453 2162 542 2242 quod
560 2170 609 2224 est
625 2182 646 2224 a
658 2160 711 2224 bc.
754 2161 844 2244 Ergo
857 2180 933 2242 pars
945 2172 996 2226 est
1009 2161 1116 2243 major
1127 2180 1188 2224 suo
1199 2169 1281 2223 toto.
1322 2157 1540 2241 Quapropter

382 2262 587 2346 impossibile
610 2276 659 2328 est
682 2265 867 2348 potentiam
895 2265 1053 2329 materiae
1077 2285 1148 2328 esse
1173 2263 1345 2327 infinitam.
1390 2259 1463 2325 Nec
1484 2266 1539 2320 est

381 2367 464 2431 haec
480 2369 718 2434 demonstratio
734 2367 934 2452 applicanda
952 2369 1083 2432 divinae
1103 2368 1282 2452 potentiae,
1298 2386 1339 2429 eo
1356 2365 1447 2448 quod
1468 2383 1537 2427 non

381 2483 432 2536 est
451 2473 632 2550 divisibilis,
649 2473 733 2537 sicut
755 2473 907 2554 potentia
929 2472 1087 2536 materiae
1107 2471 1296 2556 corporalis.
1342 2468 1438 2534 Sicut
1457 2489 1538 2531 vero

382 2575 509 2639 radices
525 2597 543 2638 a
560 2587 654 2659 parte
671 2577 839 2640 efficientis
855 2577 941 2640 traxi
958 2578 1002 2640 ad
1021 2576 1178 2659 exempla
1199 2595 1305 2639 rerum
1325 2573 1536 2646 naturalium,

381 2680 428 2745 sic
443 2680 594 2744 similiter
608 2691 745 2763 possunt
760 2681 872 2763 aliqua
887 2681 995 2746 notari
1007 2702 1093 2764 quae
1104 2690 1350 2763 consequuntur
1361 2675 1536 2742 materiam

380 2784 413 2847 in
451 2783 549 2848 rebus
587 2784 710 2860 mundi,
741 2786 774 2847 in
812 2786 934 2867 quibus
971 2786 1123 2850 miranda
1154 2785 1356 2868 geometriae
1385 2791 1537 2866 potestas

380 2888 546 2952 elucescit.
592 2890 680 2952 Nam
696 2889 722 2953 si
739 2891 878 2954 materia
894 2891 1009 2954 mundi
1026 2911 1092 2954 una
1107 2900 1194 2954 esset
1206 2909 1352 2965 numero,
1364 2895 1537 2969 oporteret

379 2994 569 3069 necessario,
596 2994 685 3075 quod
712 2993 819 3058 forma
848 3005 936 3058 esset
966 3015 1032 3058 una
1061 3015 1208 3072 numero,
1238 2994 1323 3057 sicut
1353 3000 1539 3075 posuerunt

382 3094 594 3159 Parmenides
617 3104 650 3158 et
675 3095 837 3174 Melissus,
853 3109 967 3160 contra
988 3118 1073 3181 quos
1091 3096 1292 3161 Aristoteles
1315 3096 1423 3177 primo
1445 3092 1534 3156 libro

382 3198 544 3281 Physicae
562 3210 596 3263 et
615 3198 699 3262 libro
718 3200 761 3263 de
779 3202 992 3283 generatione
1010 3222 1045 3265 se
1063 3202 1212 3284 opponit.
1260 3200 1362 3264 Certo
1380 3199 1469 3262 enirn
1489 3217 1537 3260 ex

380 3303 507 3366 unitate
534 3304 690 3367 materiae
715 3304 873 3367 numerali
901 3306 1050 3388 sequitur
1078 3304 1134 3368 illa
1164 3306 1315 3388 potentia
1347 3302 1537 3380 falsissima,

378 3426 479 3489 quam
496 3408 584 3489 prius
599 3408 765 3471 eliminavi
782 3428 841 3491 per
855 3409 946 3491 leges
961 3409 1168 3472 fractionum.

800 3754 1027 3819 Camruauiu
1053 3754 1115 3817 IX.

647 3929 705 3993 An
723 3952 862 4016 corpora
878 3954 914 3997 se
928 3943 1067 4017 tangant
1082 3933 1115 3997 in
1131 3943 1266 4018 puncto.

210 4139 313 4215 Arene
422 4136 589 4221 Quoniam
613 4148 724 4202 autem
744 4158 805 4220 pro
828 4140 890 4205 hac
912 4141 1079 4222 positione
1101 4152 1178 4206 sunt
1200 4142 1422 4225 geometricae
1445 4140 1536 4205 falsi-

209 4203 319 4335 gssffl
378 4240 546 4324 graphiae,
560 4264 647 4325 quae
662 4262 797 4306 omnem
813 4244 983 4309 hominem
1000 4257 1139 4328 possunt
1155 4244 1355 4329 perturbare,
1364 4246 1441 4309 ideo
1456 4246 1537 4310 volo

209 4352 326 4451 ffiffsow
377 4346 505 4429 aliquas
521 4346 650 4410 inferre.
697 4344 732 4410 Si
749 4347 837 4410 enim
859 4367 999 4430 corpora
1019 4350 1086 4412 sint
1106 4350 1235 4413 diversa
1255 4351 1288 4413 in
1311 4351 1376 4415 hoc
1397 4352 1538 4430 mund0,

210 4465 309 4541 Alina¹
378 4460 415 4514 ut
433 4450 562 4515 coelum
587 4460 621 4515 et
644 4446 854 4528 elementum,
870 4460 905 4514 et
927 4452 1146 4536 imaginemur
1169 4453 1289 4517 lineam
1312 4455 1455 4518 transire
1475 4474 1538 4536 per

209 4542 327 4580 traversi„

208 4596 273 4645 their

328 4547 346 4596 Β
378 4556 525 4618 medium
543 4574 665 4631 eorum,
681 4573 747 4617 non
763 4556 923 4618 secabunt
939 4554 1030 4619 illam
1046 4556 1167 4620 lineam
1184 4558 1217 4621 in
1237 4558 1376 4623 diversis
1392 4560 1537 4640 punctis,

209 4660 355 4712 bonnuaria
377 4658 456 4742 quia
471 4668 549 4723 tunc
565 4657 738 4742 longitudo
752 4658 883 4723 linearis
898 4668 984 4722 esset
1002 4660 1036 4722 in
1057 4660 1178 4739 medio,
1193 4673 1227 4726 et
1248 4662 1295 4727 ita
1317 4663 1538 4745 superficialis
