3575 5375
582 618 845 677 LINGUARUM
870 618 1030 677 COGNIT
1027 619 1082 679 10.
1365 635 1405 694 79

252 777 334 844 vitia
359 780 445 845 circa
470 800 570 845 unam
597 781 793 860 orationem,
821 782 878 846 sed
905 782 992 846 circa
1018 781 1147 855 multas
1173 781 1277 845 immo
1302 800 1404 861 penes

254 882 333 946 lolia
358 884 622 968 quamplurima;
656 896 691 950 et
716 888 760 950 de
781 885 919 970 singulis
942 906 1042 949 unum
1067 906 1187 969 ponam
1210 884 1403 967 exemplum

253 987 305 1050 vel
319 989 396 1051 duo.
441 990 529 1052 Nam
546 991 641 1053 multi
657 990 786 1072 prologi
802 989 959 1073 superflui
975 999 1142 1072 ponuntur
1156 990 1190 1053 in
1206 998 1312 1066 textu,
1327 1008 1403 1051 curn

255 1111 320 1155 non
342 1092 408 1156 sint
431 1093 560 1177 prologi
582 1103 697 1158 textus
718 1094 891 1177 inquibus
913 1094 1061 1158 redditur
1078 1094 1162 1157 ratio
1180 1092 1404 1158 translationis

254 1194 412 1259 librorum
428 1198 548 1279 quibus
568 1208 826 1282 praeponuntur,
841 1200 900 1262 sed
920 1208 997 1263 sunt
1012 1198 1172 1280 epistolae
1191 1196 1405 1261 familiaribus

254 1300 384 1376 missae,
408 1312 445 1365 ut
466 1302 609 1386 epistola
633 1302 830 1384 Hieronymi
853 1303 898 1367 ad
923 1302 1106 1378 Paulinum,
1129 1322 1216 1385 quae
1240 1303 1273 1365 in
1295 1302 1404 1383 capite

254 1402 376 1469 bibliae
397 1416 571 1489 reputatur
591 1406 748 1491 prologus
768 1419 803 1472 et
817 1418 956 1473 vocatur
975 1430 995 1471 a
1010 1407 1120 1489 vulgo,
1135 1428 1220 1490 quae
1242 1415 1351 1470 tamen
1370 1407 1403 1469 in

255 1505 339 1572 libro
355 1509 568 1590 epistolarum
581 1509 753 1593 jeronymi
769 1512 956 1576 continetur
970 1536 979 1588 3
997 1511 1049 1575 vel
1062 1519 1213 1593 respectu
1226 1510 1354 1595 prologi
1371 1510 1404 1574 in

255 1615 509 1679 commentarios
524 1624 557 1678 et
575 1616 609 1677 in
623 1615 794 1698 originalia
814 1636 880 1680 non
900 1617 932 1679 in
948 1626 1091 1692 textum,
1109 1618 1194 1681 sicut
1210 1616 1297 1679 idern
1313 1612 1405 1697 quod

255 1718 478 1798 praemittitur
497 1730 576 1785 ante
598 1719 717 1783 librum
736 1720 953 1785 Ecclesiastis.
1000 1721 1088 1785 Nam
1105 1731 1199 1804 patet
1213 1720 1303 1803 quod
1327 1738 1404 1800 pro-

255 1819 351 1901 logus
369 1832 420 1885 est
443 1822 488 1885 ibi
508 1824 689 1907 originalis,
704 1835 739 1888 et
760 1834 853 1907 patet
870 1845 915 1888 ex
936 1827 1108 1890 sententia.
1154 1826 1200 1889 Et
1222 1825 1270 1888 sic
1291 1833 1342 1888 est
1361 1824 1405 1886 de

256 1924 368 1989 multis
391 1928 473 2004 aliis,
496 1948 582 2011 quae
606 1950 673 1993 non
696 1941 775 1993 sunt
801 1931 833 1994 in
859 1931 972 1995 bibliis
997 1931 1214 2011 antiquitatis.
1261 1929 1315 1993 De
1341 1948 1406 1991 una

255 2030 406 2096 oratione
427 2032 593 2114 superflua
616 2045 666 2098 est
689 2034 884 2117 exemplum
908 2035 1163 2099 Deuteronomii
1186 2048 1237 2115 27.
1282 2032 1407 2096 ‘Male-

255 2135 365 2199 dictus
393 2138 450 2219 qui
480 2138 606 2201 dormit
631 2159 707 2202 cum
735 2160 840 2203 uxore
865 2140 1010 2223 proximi
1037 2139 1097 2211 sui,
1124 2148 1157 2202 et
1184 2138 1272 2202 dicet
1298 2137 1407 2200 omnis

256 2240 397 2323 populus
413 2241 525 2305 Amen
537 2241 561 2318 ;’
585 2243 744 2325 quoniam
765 2264 826 2307 nec
846 2244 974 2324 antiqui
992 2243 1132 2320 codices,
1148 2261 1206 2304 nec
1224 2240 1406 2313 Hebraeus,

256 2364 316 2407 nec
335 2343 482 2409 Graecus
501 2346 625 2411 habent
642 2368 774 2410 versum
795 2348 892 2409 hunc.
939 2345 992 2410 De
1011 2344 1236 2429 superfluitate
1252 2344 1407 2408 dictionis

257 2448 412 2513 horribile
435 2461 486 2514 est
506 2471 547 2515 ac
570 2451 748 2516 nefandum
765 2462 884 2515 octavo
901 2450 1048 2527 Genesis,
1072 2471 1148 2514 cum
1173 2448 1294 2513 dicitur
1315 2446 1407 2531 quod

257 2551 399 2618 ‘Corvus
412 2555 456 2618 ad
472 2575 583 2619 arcam
599 2565 729 2618 nonest
745 2552 909 2633 reversus‚’
924 2565 958 2619 et
973 2554 1117 2619 Hebraei
1133 2563 1166 2618 et
1181 2554 1407 2634 Hieronymus

259 2658 293 2721 in
315 2658 467 2741 originali
488 2659 613 2724 habent
639 2660 880 2724 affirmativam.
927 2660 972 2724 Et
997 2670 1134 2742 accepta
1157 2668 1207 2723 est
1229 2658 1363 2740 negatio
1387 2676 1408 2720 a

257 2765 372 2847 paucis
398 2766 603 2847 temporibus
628 2767 671 2829 de
695 2765 761 2829 alia
787 2765 1012 2835 translatione.
1036 2765 1158 2830 scilicet
1183 2763 1282 2827 LXX
1310 2763 1407 2826 inter·

259 2878 399 2952 pretum,
420 2869 512 2950 cujus
534 2869 713 2935 salsitatem
739 2870 966 2952 Hieronymus
988 2871 1137 2935 ostendit
1159 2869 1240 2934 locis
1262 2868 1409 2944 infinitis,

258 2983 293 3038 et
312 2971 382 3054 jarn
405 2995 426 3037 a
448 2984 599 3057 tempore
623 2974 741 3039 Isidori
762 2985 797 3038 et
817 2986 917 3039 antea
939 2983 1098 3040 evacuata
1119 2984 1180 3038 est.
1225 2975 1315 3036 Nam
1338 2973 1410 3055 ipse

258 3076 339 3142 dicit
349 3079 381 3141 in
392 3077 476 3142 libro
484 3079 528 3142 de
539 3078 655 3141 officiis
666 3079 755 3161 quod
768 3079 966 3161 generaliter
974 3099 1090 3142 omnes
1102 3078 1258 3143 ecclesiae
1269 3077 1410 3140 Latinae

258 3191 397 3246 utuntur
414 3181 631 3246 translatione
651 3182 859 3264 Hieronymi,
880 3202 941 3264 pro
963 3203 1004 3247 eo
1026 3183 1116 3264 quod
1140 3181 1287 3244 veracior
1309 3180 1353 3243 sit
1376 3181 1409 3242 in

259 3286 431 3349 sententiis
445 3295 480 3350 et
498 3285 616 3350 clarior
636 3287 670 3350 in
685 3287 813 3362 verbis;
835 3297 979 3368 excepto
1000 3287 1091 3368 quod
1114 3296 1248 3368 propter
1270 3283 1409 3346 nimium

260 3408 356 3452 usum
382 3389 543 3473 psallendi
568 3390 601 3453 in
629 3390 768 3455 ecclesia
792 3390 895 3453 solius
922 3388 1067 3472 psalterii
1090 3387 1261 3452 translatio
1285 3385 1409 3450 scilicet

260 3492 361 3557 Lxx
376 3494 591 3576 interpretum
607 3495 774 3558 remansit.
814 3493 883 3558 Sed
900 3493 1080 3574 antiquitus
1094 3493 1248 3556 Romana
1261 3489 1410 3554 Ecclesia

256 3596 356 3680 jussit
383 3599 632 3662 translationem
655 3600 742 3662 hanc
766 3599 951 3680 ubicunque
975 3597 1099 3660 haberi.
1142 3595 1352 3680 Augustinus
1377 3604 1410 3660 et

260 3701 317 3766 alii
332 3712 366 3766 et
382 3702 521 3784 ipsemet
536 3702 762 3785 Hieronymus
772 3713 924 3787 tempore
938 3723 1000 3766 suo
1015 3703 1064 3764 usi
1075 3712 1150 3767 suut
1165 3701 1251 3766 sicut
1262 3699 1411 3764 Ecclesia

260 3806 628 3889 translationeantiqua.
657 3808 703 3870 Et
713 3809 790 3871 ideo
800 3807 1029 3889 Augustinum
1040 3826 1142 3888 quum
1154 3805 1269 3870 recitat
1277 3815 1409 3870 textum

260 3909 349 3974 hunc
363 3911 492 3975 decimo
512 3921 611 3975 sexto
627 3913 671 3976 de
688 3910 834 3976 Ciuitate
852 3911 916 3974 Dei
938 3920 972 3976 et
993 3911 1133 3993 exponit
1155 3910 1301 3994 oportuit
1320 3908 1409 3990 quod

261 4026 410 4079 uteretur
421 4015 638 4080 translatione
648 4034 735 4097 quae
749 4015 813 4081 luit
823 4015 959 4099 vulgata
970 4024 1005 4080 et
1015 4025 1148 4099 recepta
1159 4015 1249 4098 apud
1262 4014 1411 4089 Latinos,

262 4137 322 4184 nec
331 4120 441 4203 potuit
450 4118 541 4183 aliud
554 4119 671 4183 facere.
705 4119 827 4184 Omnis
835 4140 916 4183 vero
927 4118 1093 4202 glossator
1103 4117 1277 4200 quiinfixit
1285 4115 1412 4200 glossas

262 4243 360 4307 super
374 4234 507 4289 textum
527 4223 656 4306 accepit
675 4223 908 4287 auctoritatem
924 4222 1106 4305 Augustini
1126 4223 1169 4286 de
1188 4222 1330 4287 Ciuitate
1347 4221 1412 4283 Dei

261 4339 295 4391 et
314 4347 388 4392 eam
413 4328 523 4411 posuit
545 4328 626 4391 inira
646 4336 787 4405 textum,
801 4329 861 4392 sed
885 4346 950 4391 non
972 4327 1114 4391 mutavit
1129 4346 1203 4390 earn
1223 4346 1284 4389 nec
1301 4325 1412 4389 intulit

262 4433 471 4516 negationem
491 4478 499 4493 .
525 4479 533 4495 .
556 4432 667 4496 ,inter
681 4441 829 4495 caeteros
849 4431 913 4495 hoc
934 4430 1021 4495 lecit.
1068 4430 1114 4494 Et
1131 4432 1178 4494 sic
1192 4429 1346 4511 vulgatus
1360 4438 1412 4490 est

262 4557 351 4600 error
370 4534 535 4601 horribilis
549 4555 625 4600 cum
641 4535 932 4600 contradictorium
953 4555 1014 4618 pro
1029 4533 1287 4599 contradictione
1308 4551 1412 4616 pona-

262 4653 322 4707 tur.
372 4641 463 4705 Nam
492 4640 624 4704 videtur
653 4640 687 4704 in
716 4639 926 4725 philosophia
960 4640 1050 4722 quod
1080 4636 1226 4720 ejusdem
1258 4635 1332 4699 libri
1362 4645 1415 4700 est
