3575 5375
585 631 762 702 JUDICIA
789 631 1108 690 ASTRONOMIAE.
1367 630 1428 708 263

274 793 358 858 sicut
373 793 407 858 in
421 792 495 880 lege
511 793 716 872 Christiana3
739 803 842 877 atque
856 815 923 858 non
942 794 1044 860 habet
1063 793 1350 859 confirmationem
1365 815 1426 877 per
1514 871 1520 883 ·

274 907 325 962 tot
348 900 527 983 scripturas
549 899 766 978 authenticas,
789 899 976 964 nechabet
1006 909 1076 964 tam
1109 898 1238 962 nobiles
1268 897 1425 962 articulos

273 1004 453 1067 secundum
466 1005 556 1087 quod
567 1005 656 1087 prius
666 1004 858 1087 expositum
869 1014 920 1067 est
928 1004 1110 1067 secundum
1122 1001 1350 1085 philosophos.
1378 1002 1425 1065 Et

274 1108 348 1172 ideo
364 1116 497 1192 oportet
517 1109 606 1190 quod
628 1107 685 1172 lex
710 1106 833 1172 Christi
855 1107 1006 1172 obtineat
1026 1107 1258 1190 principatum.
1304 1105 1372 1171 Sed
1390 1107 1424 1169 in

274 1211 391 1274 morali
414 1211 625 1296 philosophia
647 1214 711 1278 hoc
734 1233 778 1276 ex
802 1214 944 1296 propriis
968 1213 1028 1276 erit
1050 1212 1197 1297 planum.
1241 1211 1332 1277 Nam
1356 1231 1425 1276 non

273 1315 382 1379 solum
415 1316 461 1380 sic
491 1317 525 1378 in
556 1316 731 1384 universali
762 1317 966 1400 investigant
995 1316 1094 1399 leges,
1116 1318 1175 1380 sed
1200 1317 1423 1380 determinant

272 1429 425 1503 tempora
446 1421 671 1505 inceptionum
702 1441 816 1486 earum
842 1430 876 1485 et
910 1420 1010 1486 finem
1041 1421 1237 1503 aliquarum.
1283 1421 1328 1484 Et
1359 1420 1594 1484 hocThreekinds

272 1524 472 1609 investigant
487 1546 546 1608 per
564 1525 814 1608 conjunctiones
831 1526 1048 1610 planetarum,
1063 1535 1097 1590 et
1120 1545 1179 1608 per
1201 1524 1423 1589 revolutiones
1432 1489 1543 1618 ᾕῗὲζῃ
1556 1556 1585 1603 ,s

274 1641 426 1694 motuum
442 1649 568 1696 eorum.
616 1628 823 1694 Albumazar
835 1630 936 1714 igitur
950 1630 984 1693 in
1000 1630 1084 1694 libro
1100 1629 1373 1711 conjunctionum
1389 1638 1424 1692 et
1436 1621 1532 1737 gulfi&
1543 1622 1591 1670 ³¹¹⁶

272 1735 391 1799 caeteri
408 1735 590 1800 astronomi
608 1735 828 1799 determinant
845 1745 913 1799 tres
928 1755 1001 1800 esse
1025 1733 1159 1800 Saturni
1181 1744 1215 1797 et
1229 1733 1322 1814 Jovis
1343 1752 1424 1796 con·
1455 1703 1535 1737 aum.

269 1838 468 1919 junctiones,
484 1860 640 1924 magnam
660 1838 794 1916 scilicet,
813 1838 985 1920 majorem,
1000 1849 1034 1902 et
1056 1839 1252 1902 maximam.
1298 1837 1423 1920 Magna

272 1954 331 2021 est,
353 1965 420 2028 qua
442 1943 651 2026 conjungitur
672 1943 705 2006 in
729 1943 883 2007 omnibus
905 1944 1024 2026 viginti
1046 1943 1141 2006 annis
1163 1942 1196 2006 in
1222 1962 1422 2025 quocunque

271 2048 365 2131 signo
380 2050 443 2113 hoc
458 2050 511 2114 sit.
556 2047 687 2132 Jupiter
701 2047 789 2110 enim
806 2045 933 2130 perficit
942 2067 1040 2110 suum
1056 2067 1187 2109 cursum
1201 2047 1234 2109 in
1245 2047 1421 2110 duodecim

271 2154 374 2228 annis,
392 2164 425 2218 et
446 2153 610 2219 Saturnus
628 2151 721 2234 quasi
743 2152 776 2214 in
797 2151 931 2235 triginta
951 2151 1058 2227 annis,
1072 2161 1106 2214 et
1126 2151 1200 2214 ideo
1223 2148 1261 2213 fit
1285 2160 1321 2213 ut
1345 2160 1421 2232 post

270 2258 386 2338 viginti
412 2277 517 2320 annos
539 2256 724 2340 junguntur
746 2255 780 2318 in
806 2275 896 2319 nono
921 2256 1019 2337 siguo
1041 2255 1085 2318 ab
1107 2275 1158 2328 eo,
1182 2255 1215 2317 in
1237 2274 1305 2336 quo
1331 2254 1422 2338 prius

267 2360 373 2443 juncti
389 2360 538 2436 fuerant3
560 2368 594 2423 et
610 2369 686 2442 post
701 2359 784 2424 alios
798 2359 916 2442 viginti
932 2360 1094 2442 inquirito
1109 2379 1130 2421 a
1143 2359 1273 2440 prim03
1296 2368 1330 2422 et
1345 2367 1421 2441 post

270 2466 387 2528 tertios
410 2465 527 2547 viginti
550 2465 668 2528 iterum
692 2464 725 2526 in
747 2462 804 2527 illo
826 2463 944 2545 primo.
991 2464 1037 2526 Et
1056 2463 1140 2526 haec
1160 2472 1210 2526 est
1234 2462 1422 2543 conjunctio

271 2588 400 2651 magna,
422 2589 508 2651 quae
533 2567 571 2631 fit
594 2569 626 2630 in
649 2569 712 2631 hac
742 2567 932 2652 triplicitate
961 2569 1147 2645 duodecies,
1169 2565 1222 2630 vel
1245 2567 1422 2648 aliquando

271 2673 439 2738 terdecies
486 2673 633 2738 Primum
650 2673 739 2737 enim
755 2673 896 2757 signum,
913 2673 1078 2756 quintum,
1093 2681 1127 2737 et
1147 2692 1272 2737 nonum
1296 2661 1421 2737 iaciunt

270 2777 504 2861 triplicitatem.
549 2777 595 2840 Et
619 2776 701 2840 haec
727 2776 921 2860 conjunctio
947 2778 1066 2840 dicitur
1089 2775 1274 2859 significare
1298 2775 1420 2858 pluries

270 2903 369 2965 super
383 2882 653 2945 sublimationem
670 2902 784 2964 regum
800 2892 834 2946 et
850 2891 1036 2963 potentum,
1051 2889 1086 2944 et
1106 2902 1204 2964 super
1224 2882 1420 2963 gravitatem

270 3006 429 3061 annonae,
452 2996 485 3049 et
503 3006 603 3068 super
621 2994 714 3048 ortus
733 2986 981 3069 prophetarum.
1028 2985 1073 3048 Et
1094 2996 1272 3068 postquam
1295 2986 1420 3048 totiens

270 3093 303 3154 in
327 3091 390 3155 ista
412 3090 606 3174 triplicitate
628 3090 795 3171 conjuncti
821 3090 953 3167 suerint,
976 3099 1013 3151 ut
1034 3091 1078 3152 ad
1110 3090 1209 3152 aliam
1240 3099 1421 3167 mutentur,

268 3206 349 3258 tunc
364 3204 502 3260 vocatur
517 3194 707 3275 conjunctio
720 3192 833 3274 major.
878 3193 925 3256 Et
936 3194 1000 3255 hoc
1010 3191 1048 3255 fit
1062 3194 1095 3255 in
1106 3194 1260 3256 omnibus
1272 3193 1421 3255 ducentis

269 3300 487 3380 quadraginta
509 3298 605 3361 annis
626 3294 678 3359 vel
701 3297 839 3373 circiter,
861 3304 897 3359 et
919 3293 1084 3377 significat
1106 3315 1205 3378 super
1232 3304 1358 3357 sectam
1386 3306 1419 3358 et

271 3402 490 3465 mutationem
506 3400 577 3481 ejus
593 3401 625 3461 in
637 3397 836 3481 quibusdam
847 3398 1043 3480 regionibus
1090 3399 1135 3462 Et
1145 3399 1279 3480 quando
1292 3408 1421 3461 mutata

269 3504 368 3568 suerit
384 3504 572 3585 conjunctio
588 3502 631 3565 ab
647 3503 710 3565 ista
725 3501 918 3585 triplicitate
933 3503 966 3564 in
987 3502 1098 3578 aliam,
1113 3513 1150 3565 ut
1172 3522 1193 3564 a
1214 3501 1279 3564 fine
1301 3501 1419 3565 Cancri

269 3610 312 3674 ad
334 3608 464 3673 initium
493 3605 632 3684 Arietis,
662 3616 742 3669 tunc
766 3607 886 3669 dicitur
911 3607 1069 3680 maxima,
1093 3626 1153 3689 per
1179 3606 1418 3670 revolutionem

271 3714 405 3779 Saturni
435 3712 571 3795 triginta
600 3710 730 3777 duabus
759 3711 896 3789 vicibus,
926 3720 960 3773 et
991 3710 1029 3774 fit
1059 3710 1214 3775 omnibus
1245 3711 1420 3793 nongentis

269 3819 443 3901 sexaginta
457 3817 560 3894 annis,
576 3824 610 3878 et
630 3813 795 3897 significat
815 3835 915 3898 super
935 3815 1135 3881 mutationes
1154 3816 1367 3899 imperiorum
1386 3827 1421 3882 et

269 3940 453 4006 regnorum,
469 3931 503 3984 et
518 3940 617 4003 super
633 3920 864 4002 impressiones
886 3920 1007 4003 ignitas
1023 3919 1055 3983 in
1071 3941 1156 3999 aere,
1171 3931 1205 3983 ct
1220 3941 1320 4002 super
1334 3920 1420 3984 dilu-

269 4030 367 4101 vium,
384 4037 417 4091 et
433 4046 532 4109 super
546 4034 653 4088 terrae
676 4036 804 4088 motum
819 4036 852 4087 et
868 4026 1066 4108 gravitatem
1083 4044 1243 4088 annonae.
1290 4024 1336 4088 Et
1353 4046 1418 4088 una
1431 4033 1486 4083 One
1498 4032 1578 4082 osne

270 4130 376 4212 major
390 4130 443 4194 vel
459 4128 527 4193 sere
543 4130 691 4192 maxima
705 4129 766 4192 suit
782 4130 866 4191 xxiv
881 4149 969 4192 anno
981 4127 1126 4213 Augusti
1145 4127 1305 4203 Caesaris,
1316 4149 1417 4212 quam
1429 4107 1549 4214 wid
1562 4174 1587 4213 ,t

268 4236 426 4299 dixerunt
441 4234 607 4316 sapientes
622 4233 804 4296 astronomi
820 4231 1005 4314 significare
1021 4254 1121 4317 super
1137 4232 1243 4316 legem
1257 4232 1417 4295 Mercuri·
1431 4230 1556 4279 Christian

268 4339 354 4402 alem
362 4337 516 4401 futuram.
553 4337 598 4399 Et
611 4337 644 4399 in
656 4335 751 4411 libro,
762 4338 818 4419 qui
831 4338 951 4400 dicitur
959 4338 1001 4400 de
1011 4338 1195 4401 mutatione
1203 4335 1418 4412 vitanvidii‚
1430 4310 1481 4345 ω’

269 4444 326 4525 qui
343 4442 529 4505 inscribitur
544 4442 586 4505 de
602 4440 735 4516 Vetula,
752 4451 888 4523 propter
907 4461 1010 4524 quarn
1034 4442 1175 4506 mutatio
1194 4441 1297 4503 suerat
1320 4441 1418 4517 lacta,

270 4546 407 4610 refertur
427 4544 567 4609 Ovidius
589 4544 681 4607 Naso
708 4545 836 4608 locutus
856 4542 956 4610 luisse
976 4546 1018 4609 de
1038 4546 1100 4608 hac
1120 4544 1364 4625 conjunctione,
1385 4556 1418 4609 et

269 4673 313 4715 ex
351 4650 421 4733 ejus
458 4647 674 4732 dispositione
712 4649 900 4732 prorupisse
944 4650 977 4713 in
1014 4648 1270 4712 admirationem
1308 4660 1419 4716 sectae
