3575 5375
330 561 393 624 392
548 546 704 605 OPERIS
727 545 916 616 MAJORJS
939 545 1055 604 PARS
1078 545 1266 618 QUARTA.

163 723 299 774 confirmed
377 707 445 772 Sed
460 718 573 773 tamen
596 717 745 790 respectu
768 707 847 771 boni
871 708 1057 772 communis
1076 707 1220 772 civitatis
1242 717 1278 770 et
1296 723 1486 787 regnomm,

163 791 307 920 ssfflcby
333 813 458 895 majora
487 821 626 895 possunt
657 812 726 875 fieri
752 831 855 896 opera
877 832 938 893 per
959 812 1115 876 virtutem
1140 810 1362 876 astronomiae
1382 829 1485 892 quam

162 921 278 986 example
293 920 324 970 or
333 917 451 1000 aliquis
480 927 593 1000 potest
617 917 736 996 dicere,
764 926 798 979 et
825 936 926 999 quarn
956 917 1077 999 aliquis
1105 917 1177 980 vult
1202 936 1264 999 per
1286 915 1486 998 scripturam

163 987 309 1102 {lffifd
333 1021 535 1105 explanare3
565 1040 642 1084 nam
669 1021 752 1084 haec
777 1031 855 1084 sunt
880 1019 985 1084 multa
1011 1022 1053 1084 de
1078 1021 1304 1086 secretissimis
1327 1019 1487 1101 operibus

164 1134 231 1174 ”¹⁰⁰⁴
333 1127 523 1208 sapientiae.
568 1124 636 1189 Sed
653 1135 789 1207 propter
804 1145 913 1189 rerum
930 1125 1191 1208 magnitudinem
1212 1136 1247 1189 et
1265 1123 1486 1209 ignorantiam

333 1228 551 1294 multitudinis
586 1229 799 1309 studentium,
835 1231 891 1312 qui
931 1231 975 1292 de
1011 1231 1168 1313 operibus
1201 1228 1384 1312 sapientiae
1418 1248 1485 1291 non

333 1343 459 1413 curant,
475 1345 509 1398 et
524 1344 661 1416 propter
677 1333 807 1398 fraudes
823 1333 1002 1398 multorum
1016 1345 1051 1398 et
1067 1334 1212 1398 malitias
1226 1335 1285 1416 qui
1299 1332 1394 1396 abusi
1408 1342 1487 1395 sunt

333 1438 395 1518 his,
409 1438 618 1502 occultantur
632 1458 764 1520 semper
778 1460 798 1502 a
812 1438 915 1520 vulgo
929 1449 964 1501 et
979 1459 1001 1502 a
1015 1439 1178 1522 capitibus
1192 1437 1285 1520 ejus3
1305 1438 1349 1500 de
1365 1437 1489 1518 quibus

334 1551 444 1606 tamen
468 1541 604 1623 Moyses
622 1553 656 1606 et
672 1541 797 1620 Aaron,
814 1540 985 1622 Solomon,
999 1540 1211 1620 Aristoteles,
1228 1541 1438 1604 Ptolemaeus
1452 1551 1488 1604 et

334 1647 455 1711 caeteri
470 1647 637 1728 sapientes
652 1647 779 1728 operati
794 1656 870 1708 sunt
883 1646 979 1708 nimis
989 1645 1191 1710 admirande
1223 1646 1324 1710 Unde
1333 1666 1410 1709 cum
1421 1645 1487 1708 boc

335 1751 378 1814 sit
393 1771 495 1815 unum
511 1751 555 1814 de
570 1749 736 1829 maximis,
750 1759 785 1813 et
800 1751 894 1832 quasi
910 1760 1030 1832 potens
1043 1750 1295 1832 quodammodo
1316 1750 1350 1812 in
1365 1749 1487 1826 omnia,

335 1875 401 1919 non
417 1855 512 1919 decet
528 1862 565 1917 ut
576 1853 717 1918 Vestrae
733 1852 866 1918 Gloriae
880 1853 1074 1918 occultetur.
1120 1854 1168 1917 Et
1182 1854 1261 1936 quia
1274 1853 1489 1936 praecepistis

336 1969 373 2024 ut
403 1959 579 2024 scriberem
614 1957 658 2022 de
691 1957 853 2040 sapientia
891 1957 1130 2042 philosophiae,
1169 1958 1315 2022 recitabo
1346 1957 1490 2021 Vestrae

338 2062 544 2127 Clementiae
558 2062 741 2126 sententias
755 2063 953 2146 sapientum,
969 2063 1145 2147 praecipue
1159 2083 1235 2126 cum
1250 2062 1409 2126 ecclesiae
1423 2061 1490 2125 Dei

335 2169 377 2235 sit
393 2169 526 2234 omnino
542 2170 760 2233 necessarium
773 2179 890 2233 contra
906 2169 1024 2232 iuriam
1041 2167 1251 2234 Antichristi.
1305 2168 1392 2232 Cum
1408 2188 1489 2232 vero

338 2275 476 2356 Moyses
497 2273 720 2356 injuventute
741 2293 803 2337 sua
824 2271 941 2336 fuisset
963 2274 1034 2336 dux
1056 2274 1221 2337 exercitus
1242 2273 1490 2356 Aegyptiorum

337 2390 453 2442 contra
468 2376 663 2460 Aethiopes,
678 2387 713 2441 et
727 2377 772 2440 ob
787 2377 912 2440 bonurn
927 2375 1017 2460 pacis
1035 2388 1209 2460 acceperat
1229 2377 1490 2460 Aethiopissam,

338 2503 399 2566 pro
424 2503 491 2565 qua
517 2494 632 2546 contra
657 2501 733 2546 eum
757 2481 956 2545 duodecimo
980 2480 1203 2546 Numerorum
1224 2482 1390 2564 objurgati
1411 2493 1491 2545 sunt

338 2587 454 2651 Aaron
472 2595 505 2650 et
522 2585 638 2660 Maria,
653 2605 739 2669 quae
756 2584 818 2649 luit
832 2585 946 2667 regina
962 2584 1177 2668 Aethiopum,
1192 2586 1307 2650 nolens
1322 2586 1492 2650 dimittere

338 2712 411 2755 earn
425 2702 462 2755 ut
472 2693 591 2755 rediret
603 2690 839 2773 inAegyptum
849 2700 986 2773 propter
994 2691 1113 2754 amoris
1124 2691 1400 2773 superfluitatem,
1414 2711 1491 2755 cum

338 2806 426 2861 esset
442 2796 565 2879 peritus
582 2806 800 2873 astronomus,
816 2793 893 2858 fecit
908 2797 991 2859 duas
1006 2794 1167 2877 imagines
1181 2796 1214 2858 in
1234 2795 1373 2875 annulis,
1388 2815 1491 2858 unam

339 2900 516 2964 oblivionis
530 2919 632 2981 quam
647 2899 740 2963 dedit
754 2899 892 2979 mulieri,
909 2908 944 2963 et
963 2896 1103 2964 alteram
1119 2902 1298 2965 memoriae
1312 2920 1414 2982 quam
1428 2900 1491 2963 sibi

337 3003 487 3083 detinuit,
504 3014 538 3067 et
556 3002 602 3066 sic
616 3003 661 3067 ab
676 3024 717 3067 ea
732 3003 831 3066 libere
847 3023 922 3067 cum
939 3003 1087 3069 exercitu
1102 3016 1137 3068 et
1156 3006 1227 3069 sine
1241 3004 1330 3069 bello
1348 3004 1490 3068 recessit.

341 3108 436 3171 Haec
470 3107 640 3191 Josephus
664 3108 770 3191 primo
799 3106 1051 3190 Antiquitatum
1082 3108 1175 3188 libro,
1205 3118 1240 3172 et
1271 3109 1429 3193 magister
1457 3109 1491 3169 in

339 3213 489 3293 historiis,
505 3223 538 3277 et
555 3212 648 3277 multi
665 3212 870 3277 confirmant.
909 3213 996 3277 Mira
1008 3234 1060 3276 res
1071 3212 1133 3278 fuit
1148 3214 1239 3294 haec,
1249 3235 1335 3296 quae
1345 3214 1491 3277 animum

341 3317 483 3382 mulieris
510 3317 706 3381 immutavit.
752 3316 911 3382 Salomon
936 3338 1015 3381 vero
1039 3317 1206 3382 ordinavit
1231 3320 1274 3383 de
1302 3318 1493 3399 hujusmodi

341 3421 462 3501 multis,
492 3442 578 3506 quae
607 3432 738 3506 praeter
762 3422 896 3485 solitum
921 3442 1053 3486 cursum
1079 3431 1215 3486 naturae
1237 3421 1325 3486 lacta
1347 3432 1433 3498 sunt,
1456 3432 1494 3485 ut

340 3526 420 3590 dicit
440 3526 607 3609 Josephus
628 3538 748 3590 octavo
771 3525 863 3606 libro,
880 3526 937 3607 qui
959 3545 1034 3589 cum
1058 3525 1120 3589 luit
1142 3527 1319 3608 sapientior
1339 3526 1494 3590 omnibns

341 3629 613 3713 praecedentibus
629 3640 663 3695 et
678 3631 904 3713 sequentibus,
921 3639 958 3694 ut
980 3630 1142 3713 scriptura
1159 3650 1252 3695 sacra
1269 3640 1304 3696 et
1326 3630 1495 3713 Josephus

341 3736 471 3811 docent,
488 3754 555 3797 non
572 3735 682 3816 potuit
699 3735 781 3799 haec
796 3756 899 3817 opera
914 3734 1090 3818 negligere,
1106 3744 1140 3799 et
1156 3736 1232 3800 ideo
1246 3736 1369 3818 scripta
1388 3736 1494 3800 multa

342 3836 375 3899 in
391 3837 577 3919 aenigmate
600 3838 739 3919 reliquit,
754 3858 841 3920 quae
858 3846 976 3920 postea
997 3858 1056 3919 per
1073 3838 1219 3920 magicos
1239 3839 1273 3903 in
1291 3839 1397 3904 malos
1416 3860 1494 3904 usus

342 3959 500 4004 conversa
540 3949 617 4003 sunt
649 3952 751 4022 atque
789 3941 876 4005 male
907 3940 1132 4024 interpretata,
1163 3943 1196 4005 in
1234 3943 1355 4026 quibus
1389 3943 1494 4006 multa

342 4044 489 4107 enormia
504 4055 583 4108 sunt
598 4064 656 4127 per
672 4044 901 4111 fraudulentos
916 4047 1078 4110 admixta
1123 4045 1191 4110 Sed
1207 4048 1376 4128 sapientes
1387 4048 1495 4112 sciunt

344 4147 464 4231 eligere
478 4169 581 4231 grana
596 4151 639 4213 de
654 4149 767 4232 paleis,
783 4161 817 4213 et
832 4149 1011 4215 theriacam
1027 4152 1071 4214 de
1086 4152 1231 4233 serpenti
1246 4171 1410 4233 separare.

174 4270 262 4319 andos
389 4251 587 4317 Aristoteles
610 4273 689 4318 vero
713 4274 860 4317 summus
881 4252 1154 4337 philosophorum
1175 4256 1273 4319 docet
1292 4255 1375 4319 haec
1393 4276 1496 4337 opera

175 4336 302 4387 A¹l⁵¹⁰‘¹‘·
345 4356 414 4419 fieri
432 4356 464 4418 in
481 4355 562 4419 libro
579 4357 798 4436 Secretorum,
815 4367 852 4422 ut
867 4377 1017 4441 quaeque
1035 4357 1212 4439 magnifica
1226 4359 1349 4423 utiliter
1362 4380 1496 4443 promo·

342 4469 482 4524 veantur
511 4471 545 4524 et
575 4462 687 4525 omnia
717 4462 833 4525 nociva
862 4462 1082 4526 destruantur.
1129 4462 1192 4527 His
1222 4462 1310 4527 enim
1339 4463 1497 4545 operibus

342 4564 576 4629 Alexandrum
593 4585 751 4649 magnum
766 4566 842 4630 lecit
854 4565 1054 4630 Aristoteles
1068 4587 1144 4632 cum
1156 4568 1264 4632 minus
1276 4568 1497 4651 quadraginta
