3575 5375
688 606 978 665 GEOGRAPHIA.
1347 621 1409 682 349

257 793 276 835 a
295 771 440 854 Judaeis.
487 771 554 838 Sed
579 773 805 855 Hieronymus
828 769 1103 833 certitudinaliter
1125 766 1187 833 hoc
1211 769 1244 832 in
1266 768 1407 850 epistola
1420 783 1545 897 promised

258 877 300 940 de
321 888 408 941 terra
431 877 695 961 repromissionis
719 875 926 951 determinat,
949 875 1061 939 dicens
1083 873 1174 956 quod
1201 894 1260 938 nec
1287 873 1407 947 David,

258 1001 318 1044 nec
342 981 513 1056 Solomon,
529 1003 589 1049 nec
607 982 662 1045 alii
680 982 899 1066 possederunt
914 1000 1061 1062 unquam
1085 979 1145 1041 nisi
1165 999 1185 1044 a
1207 978 1282 1041 Dan
1302 998 1408 1059 usque

260 1085 439 1164 Bersaben,
454 1085 532 1151 licet
552 1097 627 1171 post
646 1087 819 1151 victoriam
844 1083 967 1149 multos
989 1084 1139 1148 inimicos
1161 1092 1194 1146 et
1217 1083 1408 1146 tributarios

1430 849 1488 898 and.

258 1201 460 1274 receperunt.
507 1193 552 1256 Et
571 1191 669 1273 hujus
687 1200 794 1256 terrae
809 1190 984 1273 longitudo
999 1189 1083 1252 inter
1100 1189 1176 1251 Dan
1192 1196 1226 1251 et
1242 1187 1409 1250 Bersaben

258 1295 314 1356 vix
327 1295 475 1360 continet
488 1307 620 1361 centurn
633 1307 666 1361 et
678 1295 854 1378 sexaginta
867 1292 1028 1368 milliaria,
1039 1303 1075 1356 ut
1086 1293 1156 1376 ipse
1167 1292 1247 1355 dicit
1257 1301 1290 1354 et
1302 1289 1408 1353 infert.

260 1400 367 1464 Pudet
397 1401 505 1465 dicere
534 1400 754 1477 latitudinem,
781 1419 858 1462 nam
882 1421 903 1463 a
925 1398 1034 1479 Joppe
1057 1416 1161 1478 usque
1191 1397 1233 1460 ad
1264 1395 1409 1458 viculum

260 1513 407 1568 nostrum
425 1505 621 1569 Bethlehem
639 1515 715 1569 sunt
731 1503 953 1586 quadraginta
968 1523 1029 1565 sex
1049 1501 1210 1581 milliaria,
1224 1510 1257 1564 et
1272 1521 1292 1562 a
1309 1498 1412 1562 Beth·

259 1608 366 1672 lehem
385 1630 489 1692 usque
511 1611 553 1674 ad
570 1610 751 1690 Jordanem
768 1618 819 1672 est
845 1609 973 1672 circiter
985 1627 1051 1671 una
1073 1607 1184 1684 dieta;
1211 1613 1412 1688 quapropter

260 1733 378 1795 parurn
409 1713 470 1778 luit
501 1735 690 1797 possessum
724 1735 745 1777 a
775 1713 923 1794 Judaeis.
985 1711 1165 1776 Sciendum
1203 1721 1316 1774 tamen
1350 1719 1410 1780 est,

259 1815 349 1901 quod
371 1818 434 1882 hoc
456 1819 546 1902 quod
565 1839 651 1882 nunc
676 1829 802 1884 tactum
826 1827 886 1895 est,
902 1816 1010 1881 solum
1034 1815 1096 1880 suit
1120 1835 1308 1899 possessum
1331 1814 1412 1876 citra

259 1921 450 2002 Jordanem.

305 2026 405 2091 Ultra
424 2013 539 2091 tamen
563 2028 751 2092 hahuerunt
774 2046 850 2090 suas
878 2024 1101 2107 possessiones
1132 2023 1219 2086 duae
1249 2024 1356 2086 tribus
1378 2023 1521 2089 etJ1¹d²ea

261 2131 408 2208 dimidia,
435 2141 471 2195 ut
501 2141 603 2213 patet,
630 2133 714 2195 sicut
745 2130 974 2210 Hieronymus
1002 2129 1104 2191 etiam
1131 2128 1164 2190 in
1188 2126 1248 2189 hac
1272 2125 1412 2209 epistola
1424 2089 1526 2220 ffld

262 2237 412 2315 exponit.
473 2235 539 2300 Sed
571 2235 806 2316 repromissum
831 2231 892 2296 suit
914 2232 963 2295 eis
985 2233 1029 2296 ab
1053 2230 1224 2313 Euphrate
1250 2251 1294 2292 ex
1317 2240 1413 2311 parte

261 2338 405 2413 orientis,
431 2359 533 2420 usque
564 2339 607 2401 ad
638 2357 729 2400 mare
753 2346 902 2400 nostrum
928 2357 972 2398 ex
1001 2344 1095 2418 parte
1122 2334 1313 2410 occidentis,
1336 2344 1370 2397 et
1392 2354 1413 2397 a

261 2441 377 2506 Cilicia
400 2452 434 2505 et
457 2443 567 2506 Tauro
591 2451 704 2505 monte
726 2463 745 2504 a
770 2452 865 2523 parte
887 2439 1052 2522 aquilonis
1079 2460 1183 2521 usque
1208 2438 1251 2503 ad
1276 2437 1412 2501 fluvium

264 2544 434 2608 turbidum
456 2545 617 2628 Aegypti,
641 2556 674 2608 et
697 2564 802 2626 usque
823 2544 866 2607 ad
892 2553 1015 2608 terram
1040 2544 1160 2621 Edom,
1183 2553 1217 2607 et
1243 2542 1356 2619 Moab,
1378 2553 1412 2606 et

267 2648 425 2727 Ammon,
441 2670 485 2714 ex
501 2658 593 2732 parte
610 2649 765 2713 meridiei.
811 2649 900 2714 Nam
921 2659 1039 2713 octavo
1062 2646 1147 2712 libro
1168 2668 1268 2731 super
1292 2647 1412 2711 Isaiam

263 2755 344 2818 dicit
357 2754 584 2837 Hieronymus
595 2754 683 2838 quod
697 2756 741 2818 ab
752 2753 925 2836 Euphrate
937 2773 1041 2835 usque
1053 2753 1095 2817 ad
1110 2753 1249 2816 rivulum
1261 2752 1412 2834 Aegypti

263 2859 323 2922 luit
339 2859 476 2941 Judaeis
493 2860 739 2942 repromissum,
756 2860 859 2922 immo
880 2878 986 2940 usque
1008 2859 1050 2921 ad
1076 2857 1199 2920 Nilum.
1245 2857 1334 2921 Nam
1358 2857 1413 2920 ille

202 3016 208 3027 .
266 2965 354 3027 rivus
379 2975 428 3028 est
451 2985 555 3048 prope
580 2964 706 3027 Nilum.
752 2963 798 3027 Et
821 2962 1012 3045 Euphrates
1033 2973 1084 3026 est
1107 2963 1151 3026 ab
1172 2963 1299 3027 oriente
1319 2962 1414 3026 istius

263 3080 379 3133 terrae.
425 3070 530 3133 Rivus
551 3080 665 3133 autem
685 3068 836 3152 Aegypti
853 3089 929 3131 cum
951 3068 1032 3130 mari
1055 3078 1179 3145 nostro,
1195 3068 1229 3129 in
1250 3069 1342 3149 quod
1365 3067 1413 3130 in·

264 3172 345 3252 fluit,
361 3183 412 3238 est
427 3174 469 3236 ad
485 3175 702 3250 occidentem,
713 3183 747 3235 et
764 3174 795 3235 in
812 3174 921 3255 primo
937 3172 1022 3235 libro
1036 3173 1118 3236 dicit
1135 3171 1214 3235 illud
1231 3172 1329 3235 idem.
1367 3172 1414 3234 Et

266 3279 362 3342 addit
377 3279 467 3361 quod
483 3298 527 3340 ex
542 3288 637 3359 parte
651 3277 815 3360 aquilonis
828 3275 888 3341 fuit
904 3278 952 3342 eis
967 3277 1200 3360 repromissum
1217 3274 1365 3340 aCilicia
1380 3286 1415 3340 et

263 3381 376 3445 Tauro
392 3392 514 3457 monte,
530 3389 564 3444 et
585 3382 716 3445 decimo
735 3388 854 3463 quarto
870 3380 954 3444 libro
973 3401 1074 3463 super
1092 3380 1301 3445 Ezechielem
1324 3381 1416 3453 dicit,

263 3484 355 3567 quod
380 3484 480 3568 plaga
507 3484 774 3567 septentrionalis
804 3483 920 3567 incipit
946 3506 966 3549 a
994 3485 1076 3549 mari
1102 3494 1216 3549 nostro
1243 3485 1414 3567 usquead

266 3590 444 3673 Zephirum
472 3588 608 3653 Ciliciae
637 3588 813 3672 oppidum,
835 3599 869 3654 et
893 3610 998 3672 usque
1022 3589 1065 3653 ad
1090 3589 1239 3653 Taurum
1265 3599 1414 3653 montem

263 3694 473 3773 altissimum,
495 3703 528 3758 et
559 3713 665 3775 usque
688 3692 823 3769 Emath‚
847 3713 934 3777 quae
964 3703 1014 3757 est
1044 3693 1160 3756 civitas
1190 3692 1417 3775 Coele-Syria,

265 3819 350 3882 quae
370 3819 454 3862 nunc
471 3798 661 3882 Epiphania
681 3798 807 3876 dicitur,
823 3808 857 3863 et
881 3798 914 3861 in
934 3798 1105 3862 occidente
1123 3797 1221 3861 durat
1236 3817 1257 3859 a
1272 3806 1418 3861 torrente

267 3903 492 3967 Rinocorurae
522 3902 611 3966 urbis
644 3902 800 3967 influente
831 3903 864 3965 in
895 3923 986 3966 mare
1017 3922 1174 3985 magnum
1198 3922 1297 3985 super
1327 3923 1416 3966 mare

265 4008 352 4071 istud
369 4028 474 4091 usque
492 4006 534 4071 ad
550 4028 627 4070 eum
643 4006 751 4071 locum
768 4007 866 4071 maris
882 4007 939 4088 qui
955 4016 1007 4071 est
1023 4016 1139 4071 contra
1157 4007 1283 4071 Emath
1301 4009 1416 4071 urbem

267 4109 394 4191 Syriae,
409 4112 452 4174 de
466 4130 533 4193 qua
548 4130 656 4193 supra.
702 4110 888 4175 Meridiana
907 4130 986 4173 vero
1007 4130 1083 4191 pars
1102 4110 1218 4192 incipit
1239 4132 1259 4173 a
1274 4120 1418 4174 torrente

267 4214 425 4301 Aegypti,
442 4214 497 4277 ubi
514 4215 602 4278 cadit
617 4216 650 4277 in
665 4234 755 4278 mare
771 4234 939 4296 magnum,
951 4215 1160 4278 ascendendo
1176 4235 1235 4296 per
1250 4214 1418 4277 desertum

267 4319 325 4382 Sin
346 4330 379 4382 et
401 4318 520 4393 Cades,
535 4327 569 4380 et
593 4339 650 4399 per
671 4329 794 4382 terram
820 4318 942 4395 Edom,
959 4319 1064 4381 Moab
1084 4329 1118 4380 et
1135 4316 1298 4393 Ammon,
1315 4338 1420 4401 usque

266 4422 308 4484 ad
335 4421 553 4504 Euphratem.
598 4422 688 4484 Nam
712 4423 738 4485 si
766 4420 955 4504 Euphrates
977 4434 1029 4486 est
1052 4422 1085 4485 in
1108 4424 1242 4498 oriente,
1266 4430 1300 4485 et
1330 4442 1420 4486 mare

266 4524 298 4585 in
314 4526 403 4605 quod
420 4525 509 4588 cadit
529 4524 616 4588 rivus
632 4525 783 4609 Aegypti
804 4527 836 4588 in
853 4526 1034 4603 occidente,
1049 4536 1129 4589 tunc
1146 4526 1329 4591 meridiana
1344 4548 1420 4609 pars

267 4629 460 4692 extenditur
489 4629 574 4694 inter
604 4627 686 4695 illud
714 4650 803 4694 mare
830 4640 864 4694 et
892 4628 1111 4713 Euphratem.
1157 4631 1235 4694 Hoc
1271 4632 1420 4714 sequitur
