3575 5375
715 626 1005 687 emorraeum.
1374 641 1434 704 333

283 803 395 860 autem
412 794 659 876 Mesopotamia
675 803 753 857 sunt
775 793 927 857 civitates
948 811 1032 874 quas
1054 789 1213 855 Nimroth
1236 788 1433 866 construxit,

282 901 409 966 scilicet
424 900 529 979 Arad,
547 901 581 965 id
604 911 665 978 est,
687 900 852 977 Edissam,
867 908 903 963 et
921 897 1069 975 Archad,
1085 917 1171 981 quae
1188 915 1276 957 nunc
1295 893 1432 969 Nisibis,

284 1026 341 1069 seu
371 1006 553 1092 vulgariter
577 1005 708 1071 Nisibin
732 1004 863 1078 dicitur,
888 1015 923 1070 et
948 1005 1141 1089 Calampne‚
1162 1026 1249 1089 quae
1271 1012 1389 1089 postea
1411 1019 1432 1062 a

284 1108 425 1175 Seleuco
449 1130 526 1194 rege
550 1111 641 1176 dicta
664 1119 715 1173 est
742 1109 903 1188 Seleucia,
924 1110 1010 1174 sicut
1037 1111 1266 1191 Hieronymus
1291 1105 1433 1188 exponit

282 1233 382 1298 super
396 1215 566 1280 decimum
582 1213 765 1300 capitulum
784 1213 932 1279 Genesis.
978 1215 1025 1279 Et
1040 1224 1211 1298 praeterea
1225 1215 1258 1277 in
1275 1213 1432 1292 Mesopo·

285 1320 389 1383 tamia
404 1330 455 1386 est
471 1320 588 1400 Aram,
604 1321 689 1385 sicut
710 1321 743 1383 in
765 1318 885 1384 Genesi
907 1321 1057 1395 habetur,
1073 1340 1159 1403 quae
1179 1318 1288 1383 adhuc
1310 1333 1432 1380 nomen

284 1443 380 1486 suum
398 1426 527 1490 retinet.
574 1426 619 1490 Et
635 1423 740 1490 Aram
765 1424 867 1488 distat
888 1444 947 1506 per
966 1426 1050 1489 duas
1067 1425 1174 1489 dietas
1189 1424 1234 1487 ab
1250 1419 1432 1503 Euphrate,

283 1537 316 1591 et
345 1528 574 1612 Hieronymus
601 1529 681 1594 dicit
707 1529 797 1613 quod
821 1526 927 1591 Aram
955 1539 1007 1594 est
1032 1538 1123 1594 trans
1151 1527 1329 1601 Edissam;
1353 1545 1434 1607 ergo

286 1631 408 1697 Edissa
430 1645 481 1699 est
504 1636 589 1699 inter
609 1633 716 1698 Aram
740 1642 773 1698 et
798 1633 1016 1717 Euphratem,
1030 1645 1066 1699 et
1088 1634 1210 1698 Ninive
1233 1640 1284 1698 est
1306 1631 1434 1695 circiter

284 1736 400 1801 decem
426 1739 534 1805 dietas
557 1741 600 1804 ab
615 1739 732 1816 Aram,
759 1737 792 1802 id
823 1749 883 1818 est,
913 1739 956 1804 ad
987 1740 1149 1804 orientem
1178 1758 1278 1822 super
1304 1736 1433 1820 Tigrim

286 1839 431 1921 fluvium,
455 1844 636 1908 secundum
664 1845 753 1926 quod
782 1843 855 1907 vult
885 1842 1058 1926 Scriptura
1081 1845 1173 1927 quod
1197 1841 1309 1927 Tigris
1332 1839 1434 1904 currit

283 1956 400 2012 contra
430 1949 599 2032 Assyrios.
645 1949 813 2013 Ninivitae
843 1949 932 2012 enim
964 1948 1189 2032 principaliter
1215 1946 1323 2010 vocati
1354 1955 1434 2009 sunt

282 2050 423 2134 Assyrii.
467 2053 525 2118 Ab
549 2052 654 2118 Aram
679 2073 784 2136 usque
806 2053 850 2116 ad
873 2051 999 2117 Baldac
1019 2072 1132 2117 versus
1158 2051 1331 2116 meridiem
1354 2058 1433 2112 sunt

282 2154 392 2221 dietae
404 2157 532 2221 circiter
544 2157 637 2221 xxvi.
668 2157 714 2220 Et
730 2166 780 2220 est
797 2153 922 2219 Baldac
937 2156 1052 2219 civitas
1069 2156 1166 2237 regia,
1182 2155 1216 2218 in
1232 2173 1299 2236 qua
1311 2151 1432 2234 Caliph

285 2258 450 2324 Dominus
467 2259 678 2325 Saracenitae
693 2269 805 2324 sectae
825 2261 939 2324 sedern
960 2279 1040 2324 suae
1058 2259 1231 2344 dignitatis
1249 2257 1430 2321 constituit.

284 2363 323 2426 ln
353 2363 417 2427 illis
441 2385 518 2428 vero
542 2364 691 2446 partibus
716 2374 766 2428 est
789 2364 890 2427 turris
914 2362 1028 2438 Babel,
1049 2374 1083 2426 et
1109 2362 1223 2426 ruinae
1248 2360 1430 2442 Babylonis

285 2487 436 2550 magnae,
452 2489 538 2550 quae
553 2468 613 2532 fuit
629 2479 731 2550 caput
747 2468 838 2551 regni
855 2465 1115 2550 Babyloniorum
1130 2476 1165 2531 et
1178 2464 1430 2541 Chaldaeorum,

286 2571 434 2652 quicum
452 2573 581 2637 fuerant
601 2572 834 2656 Mesopotamii
853 2583 886 2636 et
902 2571 1034 2653 Assyrii
1053 2593 1074 2634 a
1093 2571 1264 2656 principio,
1279 2591 1321 2634 eo
1340 2570 1430 2651 quod

284 2683 357 2741 tota
372 2686 458 2741 terra
478 2679 562 2743 inter
576 2676 704 2762 Tigrim
725 2686 759 2742 et
776 2677 981 2760 Euphratem
998 2676 1170 2742 dicebatur
1186 2675 1432 2758 Mesopotamia

281 2790 316 2845 et
337 2781 488 2863 Assyria,
505 2792 578 2846 tum
601 2782 679 2865 quia
704 2781 857 2863 Babylon
880 2781 1134 2846 Chaldaicamm
1157 2781 1307 2863 gentium
1330 2788 1431 2863 caput

281 2904 445 2950 summam
466 2886 650 2951 claritatem
671 2886 816 2951 obtinuit
837 2886 924 2950 inter
937 2887 1035 2951 urbes
1057 2895 1130 2951 toto
1152 2886 1242 2950 orbe.
1287 2882 1432 2966 Reliqua

283 3010 362 3073 pars
383 2991 649 3073 Mesopotamiae
669 2991 899 3074 Assyriaeque
920 2990 1105 3072 Babylonia
1129 2988 1297 3076 appellata
1318 2999 1378 3067 est,
1393 3000 1431 3052 ut

282 3095 363 3160 dicit
380 3095 513 3175 Plinius,
526 3098 572 3161 ita
584 3097 674 3179 quod
687 3098 822 3161 tandem
841 3096 1019 3178 Babylonii
1035 3096 1297 3180 praevaluerunt.
1330 3094 1430 3168 Nam,
1466 3175 1470 3182 ι

280 3209 317 3264 ut
335 3209 429 3283 patet
449 3222 492 3265 ex
514 3200 607 3267 libris
632 3201 763 3284 Regum
787 3207 821 3265 et
845 3199 1119 3284 Paralipomenon
1142 3200 1249 3283 primo
1269 3196 1430 3263 nominati

283 3315 359 3367 sunt
389 3325 483 3389 reges
506 3304 732 3388 Assyriorum,
759 3314 797 3369 ut
827 3303 1044 3369 Salmanasar
1073 3314 1108 3368 et
1139 3302 1367 3368 Sennacherib
1397 3310 1431 3365 et

281 3409 411 3472 caeteri.
470 3409 602 3473 Deinde
640 3409 943 3491 Nabugodonosor‚
973 3430 1034 3472 rex
1071 3407 1261 3491 Babylonis.
1291 3416 1325 3471 et
1359 3404 1430 3488 ejus

280 3532 485 3577 successores
499 3522 714 3577 vastaverunt
730 3511 900 3596 Assyrios,
916 3524 950 3579 et
968 3512 1129 3576 dominati
1150 3521 1227 3575 sunt
1245 3530 1304 3593 per
1319 3518 1428 3573 totum

282 3615 367 3680 inter
382 3616 510 3700 Tigrim
532 3625 564 3680 et
586 3616 801 3699 Euphratem.
848 3617 925 3681 Noe
943 3618 1078 3699 quidem
1101 3627 1136 3682 et
1154 3614 1210 3678 filii
1230 3615 1301 3697 ejus
1321 3613 1429 3696 primo

279 3729 356 3803 post
369 3720 530 3786 diluvium
541 3720 775 3786 habitaverunt
787 3721 820 3784 in
831 3720 1026 3803 Babylonia,
1036 3721 1121 3786 sicut
1132 3720 1213 3785 dicit
1224 3718 1431 3783 Albumazar

281 3825 400 3908 quinto
418 3824 504 3889 libro
523 3825 555 3889 in
575 3825 690 3906 majori
707 3825 951 3890 introductorio
967 3824 1202 3890 astronomiae.
1245 3823 1336 3887 Nam
1352 3842 1428 3885 cum

279 3930 341 4014 ipsi
368 3930 500 3994 suerunt
526 3930 691 4014 sapientes
719 3931 900 3993 astronomi
924 3938 958 3994 et
984 3929 1167 3994 docueruut
1192 3928 1301 4011 primo
1329 3924 1429 3991 Chal-

278 4035 381 4099 daeos
402 4034 651 4110 astronomiam,
666 4043 703 4099 ut
724 4033 846 4098 ibidem
871 4034 964 4111 dicit,
979 4033 1145 4097 seivemnt
1162 4034 1252 4115 quod
1272 4042 1428 4116 quartum

278 4137 378 4203 clima
392 4145 443 4201 est
465 4138 791 4222 temperatissimum,
813 4138 847 4200 in
865 4158 934 4219 quo
955 4135 1141 4219 Babylonia
1157 4145 1217 4216 est,
1234 4147 1267 4200 et
1287 4136 1362 4199 ideo
1384 4136 1429 4199 ad

278 4262 352 4307 eam
369 4242 623 4306 declinaverunt

322 4344 489 4428 Quoniam
513 4366 592 4408 vero
610 4344 721 4429 Tigris
742 4354 777 4409 et
805 4343 996 4427 Euphrates
1018 4352 1098 4408 sunt
1123 4342 1192 4406 duo
1216 4343 1258 4406 de
1284 4351 1429 4424 quatuor
1441 4345 1497 4395 rue
1512 4345 1598 4410 Tigris

278 4447 513 4533 principalibus
528 4448 720 4512 fluminibus
743 4447 858 4511 mundi
879 4459 914 4511 et
936 4448 1018 4511 Nilo
1033 4446 1271 4522 connumerati,
1286 4447 1363 4511 ideo
1384 4446 1428 4510 de
1441 4410 1585 4543 {ffiffim

277 4551 341 4617 illis
371 4550 482 4635 aliqua
511 4562 589 4617 sunt
619 4552 769 4618 dicenda.
813 4552 936 4615 Varius
965 4560 1078 4615 autem
1104 4558 1155 4614 est
1184 4559 1278 4615 ortus
1301 4570 1426 4614 eorum.

278 4654 368 4722 Nam
384 4656 565 4721 secundum
582 4656 756 4721 veritatem
772 4656 881 4740 primo
896 4656 1047 4720 oriuntur
1062 4655 1105 4719 de
1119 4653 1287 4733 Paradiso,
1303 4665 1340 4720 ut
1355 4654 1427 4721 vult
