3575 5375
368 596 409 658 82
589 600 744 659 OPERIS
768 600 957 672 MAJORIS
981 600 1096 659 PARS
1124 601 1288 661 TERTIA.

367 762 400 824 in
416 764 569 827 manibus
584 783 697 828 eorum
719 762 881 826 infinitum
903 762 1094 845 periculum.
1141 762 1269 828 Eodem
1293 765 1393 827 modo
1414 772 1465 828 est
1485 762 1518 826 in

367 876 464 931 textu
491 888 604 946 sacro;
639 888 716 931 nam
742 887 873 930 summa
899 865 1086 943 difficultas,
1107 888 1194 949 quae
1218 878 1268 932 est
1294 870 1383 950 apud
1409 869 1517 951 ipsum

365 972 538 1037 sciendum
562 983 613 1037 est
635 982 773 1056 propter
786 972 982 1034 varietatem
1004 981 1037 1034 et
1058 972 1293 1036 obscuritatem
1317 971 1517 1035 infinitarum

364 1076 682 1159 interpretationum,
705 1087 739 1139 et
766 1076 800 1138 in
826 1075 985 1156 exemplo
1016 1074 1165 1139 familiari
1194 1097 1254 1158 pro
1281 1075 1417 1141 infinitis
1442 1075 1516 1140 aliis

363 1191 512 1263 apparet.
549 1181 680 1263 Vulgus
696 1181 783 1244 enim
799 1178 863 1243 hoc
879 1199 1001 1242 nomen
1020 1178 1119 1243 lsrael
1137 1200 1195 1262 pro
1213 1180 1398 1262 patriarcha
1415 1180 1515 1244 inter-

361 1294 511 1368 pretatur
532 1285 638 1348 virum
661 1285 830 1349 videntem
855 1285 976 1348 Deum.
1022 1283 1068 1347 Et
1095 1285 1277 1367 praevaluit
1303 1286 1366 1348 hoc
1393 1286 1426 1347 in
1453 1306 1514 1349 usu

361 1389 523 1472 usquead
540 1397 671 1471 tempus
683 1388 891 1471 Hieronymi,
903 1396 937 1450 et
953 1388 1055 1451 etiam
1072 1408 1253 1471 usquequo
1269 1409 1329 1452 sua
1344 1388 1515 1453 translatio

360 1503 393 1556 et
419 1513 480 1556 sua
506 1494 673 1575 expositio
696 1492 810 1574 jussae
835 1501 913 1556 sunt
939 1512 1000 1573 per
1025 1512 1139 1556 omnes
1162 1491 1316 1556 ecclesias
1339 1492 1513 1576 divulgari.

360 1595 428 1661 Sed
446 1598 517 1680 ipse
532 1598 611 1660 dicit
630 1598 662 1659 in
677 1596 830 1680 originali
846 1608 990 1677 quantae
1007 1597 1144 1680 grandis
1160 1597 1367 1661 auctoritatis
1380 1607 1467 1677 sunt,
1480 1607 1513 1661 et

359 1720 473 1765 eorum
488 1701 598 1765 verbis
618 1722 678 1765 nos
699 1700 858 1782 opprimit
879 1700 935 1782 qui
958 1700 1060 1763 Israel
1078 1700 1186 1764 virum
1209 1700 1378 1765 videntem
1402 1701 1511 1765 Deum

358 1805 564 1888 interpretati
579 1816 666 1869 sunt.
710 1804 782 1868 Nos
797 1813 909 1867 tamen
927 1804 1034 1888 magis
1052 1805 1278 1869 consentimus
1296 1803 1444 1869 Domino
1459 1806 1511 1870 vel

358 1909 492 1993 Angelo
507 1909 563 1991 qui
583 1909 629 1972 illi
647 1908 711 1972 hoc
730 1928 849 1972 nomen
869 1909 1029 1991 imposuit
1047 1928 1148 1991 quam
1166 1908 1355 1972 auctoritati
1373 1907 1511 1990 alicujus

356 2014 532 2078 saecularis
547 2014 768 2095 eloquentiae.
814 2013 861 2076 Et
876 2013 952 2076 ideo
969 2012 1089 2095 probat
1105 2013 1236 2095 egregie
1251 2014 1340 2094 quod
1357 2013 1510 2077 affirmat.

357 2118 446 2181 Nam
469 2118 513 2180 illi
529 2120 585 2201 qui
609 2120 656 2182 sic
679 2118 885 2200 interpretati
903 2128 980 2181 sunt
996 2117 1205 2180 crediderunt
1222 2116 1312 2197 quod
1328 2117 1392 2181 hoc
1411 2139 1510 2182 voca·

355 2224 467 2287 bulum
492 2222 655 2304 significet
678 2224 767 2286 idem
791 2222 1004 2304 conjunctum
1026 2222 1078 2285 vel
1100 2222 1252 2296 divisum,
1268 2222 1351 2285 sicut
1375 2220 1509 2304 respub-

354 2327 418 2391 lica
440 2328 529 2410 apud
552 2348 623 2392 nos.
669 2326 736 2391 Sed
760 2328 824 2391 hoc
845 2347 913 2390 non
934 2338 984 2391 est
1001 2326 1197 2409 generaliter
1210 2346 1334 2398 verum,
1352 2325 1454 2389 immo
1475 2326 1508 2387 in

354 2431 503 2515 pluribus
513 2431 616 2495 habet
629 2432 819 2497 instantiam
833 2432 866 2493 in
876 2431 967 2495 omni
980 2430 1101 2514 lingua.
1133 2430 1222 2493 Nam
1235 2431 1323 2512 apud
1337 2428 1510 2493 Hebraeos

353 2537 391 2599 Is
412 2545 462 2598 est
484 2536 544 2613 vir,
566 2536 623 2597 Ra
644 2536 770 2610 videnS,
794 2535 845 2597 El
867 2536 981 2613 Deus;
1012 2547 1046 2599 et
1072 2536 1148 2599 ideo
1174 2535 1383 2599 crediderunt
1411 2533 1506 2597 multi

355 2639 445 2722 quod
468 2638 531 2702 hoc
554 2659 675 2702 nomen
698 2640 906 2721 patriarchae
928 2638 1030 2704 habet
1051 2639 1284 2704 resolutionem
1306 2639 1338 2701 in
1359 2638 1415 2703 illa
1434 2638 1506 2703 tria.

355 2743 423 2807 Sed
453 2743 681 2825 Hieronymus
709 2745 865 2826 reprobat
896 2765 955 2827 per
982 2743 1087 2808 multa
1113 2753 1331 2828 argumenta3
1365 2755 1509 2827 quatuor

351 2848 440 2910 enim
463 2857 602 2927 possunt
623 2847 707 2910 sumi
725 2867 743 2910 e
763 2848 861 2912 dictis
882 2849 951 2910 suis
975 2869 995 2911 a
1017 2858 1111 2929 parte
1126 2849 1227 2927 vocis,
1242 2858 1276 2912 et
1294 2859 1438 2931 quatuor
1452 2847 1507 2912 vel

352 2951 498 3032 quinque
513 2971 533 3012 a
549 2960 642 3033 parte
653 2950 709 3014 rei.
744 2950 833 3014 Nam
850 2951 883 3014 in
897 2951 959 3014 illis
971 2953 1077 3015 tribus
1093 2953 1281 3016 nominibus
1293 2953 1377 3016 aliae
1394 2953 1508 3018 literae

351 3063 428 3118 sunt
444 3065 478 3118 et
493 3054 603 3137 plures
619 3074 719 3136 quam
742 3055 775 3116 in
797 3055 930 3117 nomine
950 3056 1164 3137 patriarchae,
1180 3068 1214 3118 et
1229 3057 1324 3120 aliter
1342 3058 1458 3120 ordine
1473 3067 1507 3121 et

350 3158 567 3240 syllabicatae
597 3159 813 3240 reperiuntur.
868 3158 925 3220 Ex
955 3159 1020 3222 hoc
1051 3180 1129 3241 ergo
1160 3159 1278 3242 triplici
1308 3169 1506 3244 argumento

351 3274 463 3326 sumto
489 3282 591 3345 penes
618 3262 729 3325 literas
755 3262 964 3327 concluditur
988 3284 1048 3345 per
1077 3263 1321 3344 Hieronymum
1348 3265 1439 3346 quod
1471 3265 1505 3328 id

351 3365 526 3449 significari
548 3387 615 3429 non
636 3377 748 3449 potest
767 3366 843 3429 hinc
867 3368 965 3445 inde;
988 3387 1063 3431 cum
1084 3368 1234 3449 potentia
1254 3368 1506 3451 significationis

352 3472 500 3552 ejusdem
531 3473 672 3534 sumitur
700 3482 835 3553 propter
864 3472 956 3535 vocis
988 3471 1206 3547 identitatem,
1236 3473 1293 3535 sed
1323 3493 1439 3536 vocem
1472 3483 1507 3537 et

351 3574 463 3638 literas
490 3575 586 3637 nimis
608 3575 736 3652 variari,
759 3595 861 3657 quum
889 3575 922 3638 in
949 3577 1084 3638 nomine
1108 3575 1314 3657 patriarchae
1338 3587 1416 3639 sunt
1442 3576 1506 3641 hae

352 3680 496 3760 quinque
519 3678 632 3742 literae
655 3699 714 3760 per
736 3679 902 3742 ordinem:
930 3679 1000 3754 lod,
1022 3677 1091 3758 Sin,
1112 3681 1212 3757 Resh,
1232 3679 1354 3762 Aleph,
1374 3680 1505 3756 Lamet,

352 3783 437 3846 sicut
467 3784 576 3864 ipsum
605 3782 798 3845 Hebraeum
830 3782 882 3845 hic
913 3784 1057 3865 positum
1089 3783 1234 3847 declarat
1265 3753 1366 3862 liiii-2
1393 3783 1506 3848 Israel.

355 3884 423 3950 Sed
450 3887 483 3948 in
509 3887 573 3950 hoc
599 3885 718 3966 triplici
743 3884 907 3949 vocabulo
935 3886 997 3950 hae
1024 3898 1101 3951 octo
1129 3887 1241 3951 literae
1267 3888 1392 3951 habent
1418 3887 1505 3952 hunc

353 3990 511 4062 ordinem,
535 3989 669 4066 scilicet,
690 3988 816 4072 Aleph,
838 3990 908 4062 Iod,
932 3989 1000 4064 Sin,
1026 3991 1127 4068 Resh,
1149 3990 1271 4074 Aleph,
1295 3991 1359 4070 He,
1382 3990 1505 4073 Aleph,

352 4093 483 4168 Lamet,
499 4103 535 4156 ut
550 4094 604 4156 hic
622 4093 814 4156 Hebraeum
833 4095 986 4169 ostendit,
1003 4067 1167 4174 53³th
1207 4095 1253 4158 Et
1274 4105 1393 4176 quarto
1411 4096 1505 4178 argui

352 4207 463 4279 potest
494 4197 725 4280 explicatione.
780 4197 869 4259 Nam
900 4199 984 4261 sicut
1014 4209 1138 4278 puncta
1168 4201 1348 4262 ostendunt
1379 4220 1503 4264 nomen

353 4303 522 4385 proprium
556 4321 620 4363 non
656 4300 774 4363 retinet
807 4301 897 4382 apud
935 4300 1127 4364 Hebraeum
1162 4323 1279 4365 sonum
1318 4305 1502 4386 praecisum

353 4406 483 4470 illorum
499 4403 742 4468 vocabulorum.
786 4404 875 4467 Nam
893 4407 1076 4469 secundum
1092 4407 1251 4489 majorem
1268 4409 1360 4490 quasi
1381 4409 1505 4474 iserael

353 4521 488 4573 sonatur
510 4509 542 4570 in
563 4517 705 4590 quatuor
724 4507 871 4589 syllabis
888 4519 1001 4572 tamen
1023 4510 1067 4572 ibi
1088 4512 1324 4575 vocabulorum
1345 4532 1447 4575 sonus
1470 4514 1504 4576 in

353 4614 432 4678 solis
455 4613 561 4677 tribus
582 4611 719 4694 syllabis
741 4621 937 4688 coarctatur,
961 4615 1118 4696 quoniam
1142 4625 1300 4697 punctum
1324 4616 1386 4680 sub
1409 4615 1503 4682 litera
