3575 5375
370 631 409 691 16
601 632 757 692 OPERIS
780 632 971 703 MAJORIS
994 633 1110 692 PARS
1136 632 1283 691 PRIMA.

366 814 479 868 tamen
504 805 669 870 modestia
691 815 725 870 et
746 806 969 869 excusatione.
1014 806 1061 869 Et
1083 806 1125 870 ad
1143 806 1228 869 hauc
1244 805 1418 870 audaciam
1439 803 1519 887 erigi

366 929 553 993 possumus,
570 931 635 973 non
651 909 759 975 solum
780 920 917 993 propter
931 911 1172 987 necessitatem,
1195 932 1236 975 ne
1259 908 1453 974 deficiamus
1468 908 1520 972 vel

367 1034 522 1093 erremus,
544 1015 602 1077 sed
627 1036 685 1098 per
700 1016 857 1097 exempla
880 1023 914 1077 et
938 1016 1162 1091 auctoritates,
1186 1025 1223 1079 ut
1246 1014 1279 1077 in
1303 1012 1395 1077 nullo
1417 1014 1520 1077 simus

366 1118 641 1201 reprehensibiles
657 1120 700 1183 de
715 1119 993 1202 praesumptione.
1043 1119 1132 1183 Nam
1149 1119 1245 1183 Plato
1261 1118 1350 1196 dicit,
1363 1117 1520 1182 ‘Amicus

366 1232 418 1287 est
445 1222 611 1303 SocrateS,
635 1224 795 1304 magister
821 1242 923 1295 meus,
949 1224 1007 1286 sed
1037 1224 1142 1305 magis
1170 1232 1220 1286 est
1243 1223 1351 1286 amica
1379 1217 1519 1286 veritas'

369 1326 415 1391 Et
430 1326 632 1392 Aristoteles
647 1327 738 1405 dicit,
755 1334 810 1392 ‘se
833 1328 939 1411 magis
954 1327 1038 1391 velle
1055 1328 1241 1392 consentire
1261 1326 1402 1399 veritati,
1419 1346 1520 1408 quam

367 1432 533 1495 amicitiae
556 1431 713 1509 Platonis,
728 1433 874 1495 doctoris
897 1430 1018 1497 nostri!
1066 1432 1161 1496 Haec
1182 1452 1227 1494 ex
1241 1432 1311 1495 vita
1326 1429 1521 1495 Aristotelis

367 1526 401 1599 et
431 1536 540 1617 primo
571 1535 775 1611 Ethicorum‚
802 1546 837 1599 et
866 1536 952 1600 libro
982 1545 1195 1612 secretorum,
1226 1533 1401 1600 manifesta
1431 1542 1518 1597 sunt.

368 1638 416 1703 Et
454 1639 581 1704 Seneca
610 1641 692 1704 dicit
720 1639 806 1704 libro
836 1642 878 1704 de
909 1652 1051 1723 quatuor
1082 1640 1258 1705 virtutibus
1288 1638 1519 1717 cardinalibus,

368 1743 466 1806 ‘Non
484 1753 517 1807 te
533 1753 665 1808 moveat
683 1744 822 1807 dicentis
837 1746 1037 1821 auctoritas;
1062 1764 1128 1809 non
1149 1745 1232 1827 quis,
1247 1745 1304 1807 sed
1325 1739 1425 1825 quid.'
1472 1743 1519 1806 Et

368 1846 507 1911 Boetius
523 1847 608 1912 libro
628 1849 670 1911 de
691 1848 865 1931 disciplina
880 1848 1076 1924 scholarum,
1098 1849 1251 1911 ‘stultum
1274 1858 1325 1911 est
1348 1848 1519 1929 magistra-

368 1959 423 2015 tus
445 1952 651 2016 orationibus
668 1953 806 2016 omnino
821 1953 995 2029 confidere,
1017 1973 1095 2017 uam
1115 1954 1223 2035 primo
1238 1954 1438 2017 credendum
1461 1961 1520 2028 est,

368 2057 476 2121 donee
497 2056 650 2121 videatur
671 2058 752 2139 quid
775 2059 897 2121 sentiat
915 2084 923 2137 ;
947 2069 1063 2140 postea
1085 2066 1136 2121 est
1160 2058 1351 2140 fingendum
1378 2057 1519 2121 eundem

369 2160 402 2224 in
433 2162 574 2224 dicendo
601 2182 734 2239 errasse,
756 2163 784 2225 si
806 2163 891 2226 sorte
921 2162 1063 2245 reperire
1092 2171 1193 2245 queat
1216 2162 1404 2243 discipulus,
1428 2161 1518 2243 quod

368 2286 527 2347 expresse
549 2254 685 2348 objiciat
707 2267 875 2331 sedulitati
900 2266 1102 2350 magistrali!
1149 2268 1198 2331 Et
1212 2267 1422 2351 Augustinus
1440 2264 1521 2329 dicit

368 2370 412 2433 ad
436 2370 688 2452 Hieronymum,
706 2373 816 2453 ‘quod
832 2372 923 2435 solos
945 2381 1096 2435 auctores
1116 2372 1297 2454 scripturae
1316 2392 1428 2435 sacrae
1447 2370 1520 2433 vult

368 2476 500 2539 credere
523 2476 753 2540 inscribendo
776 2496 841 2539 non
870 2496 1005 2550 errasse,
1033 2476 1091 2539 sed
1119 2475 1152 2538 in
1178 2476 1346 2559 scripturis
1369 2474 1520 2548 aliorum,

368 2591 662 2662 quantumcunque
699 2580 876 2643 sanctitate
913 2588 947 2643 et
985 2581 1137 2644 doctrina
1170 2579 1328 2663 polleant,
1355 2599 1421 2643 non
1447 2576 1518 2641 vult
1633 2574 1637 2581 '

369 2704 484 2747 verum
511 2693 638 2766 putare,
665 2684 726 2748 nisi
753 2705 814 2767 per
839 2705 1001 2749 canonem
1034 2696 1068 2749 et
1097 2684 1180 2749 alios
1206 2694 1356 2749 auctores
1382 2683 1434 2747 vel
1462 2703 1521 2766 per

370 2789 514 2852 rationes
541 2787 742 2852 sufficientes
766 2789 894 2872 possint
925 2789 1065 2871 probare
1094 2790 1184 2872 quod
1215 2788 1348 2853 dicunt!
1406 2789 1451 2851 Et
1478 2786 1520 2850 ad

370 2892 585 2957 Vincentium
610 2893 690 2956 dicit
713 2899 858 2977 ‘negare
882 2913 948 2957 non
973 2914 1119 2975 possum,
1143 2914 1204 2957 nec
1228 2895 1346 2969 debeo,
1371 2894 1454 2955 sicut
1487 2891 1521 2953 in

370 2997 451 3079 ipsis
467 2995 656 3078 majoribus,
677 2997 724 3060 ita
743 2997 848 3060 multa
870 3018 943 3061 esse
965 2999 997 3060 in
1013 3009 1083 3063 tam
1106 2997 1219 3063 multis
1242 2996 1409 3081 opusculis
1430 2997 1520 3070 meiS,

369 3123 455 3184 quae
476 3111 616 3184 possunt
633 3100 724 3183 justo
744 3101 867 3183 judicio
888 3111 922 3166 et
943 3103 1033 3167 nulla
1053 3103 1241 3166 temeritate
1263 3101 1387 3185 culpari
1399 3099 1429 3163 ¹.’
1475 3101 1521 3163 Et

369 3208 403 3270 in
426 3207 565 3289 prologo
588 3206 661 3270 libri
684 3205 772 3270 tertii
796 3207 839 3270 de
861 3206 1027 3270 Trinitate
1047 3207 1136 3284 dicit,
1151 3207 1216 3269 ‘sic
1240 3206 1323 3269 meis
1344 3205 1437 3269 libris
1460 3205 1522 3268 nisi

369 3322 495 3375 certum
512 3310 722 3386 intellexeris,
736 3310 805 3374 noli
821 3309 953 3374 firmum
969 3308 1098 3375 tenere.’
1143 3310 1229 3375 Item
1246 3310 1288 3373 ad
1308 3310 1518 3374 Fortunatia-

370 3436 468 3491 num3
484 3423 609 3498 ‘neque
620 3414 845 3498 quorumlibet
857 3415 1103 3497 disputationes
1118 3414 1268 3496 quamvis
1281 3412 1519 3478 catholicorum

369 3530 404 3583 et
433 3519 641 3583 laudatorum
673 3519 845 3583 hominum
869 3519 972 3582 veluti
1000 3519 1179 3601 scripturas
1200 3517 1376 3582 canonicas
1398 3516 1522 3580 habere

369 3624 540 3698 debemus,
562 3634 599 3688 ut
626 3624 721 3686 nobis
745 3644 812 3687 non
831 3623 939 3701 liceat,
960 3622 1052 3687 salva
1074 3621 1323 3687 honorificentia
1347 3642 1433 3703 quae
1458 3620 1521 3684 illis

369 3729 511 3791 debetur
525 3726 724 3798 hominibus,
740 3726 864 3809 aliquid
882 3729 915 3791 in
931 3747 1046 3791 eorum
1069 3727 1198 3810 scriptis
1215 3726 1402 3808 improbare
1420 3735 1522 3806 atque

370 3850 534 3913 respuere,
561 3831 590 3893 si
621 3830 706 3894 forte
732 3831 951 3894 invenerimus
984 3833 1074 3915 quod
1104 3830 1200 3895 aliter
1229 3831 1390 3894 senserint
1420 3849 1520 3911 quam

369 3935 493 3998 veritas
518 3934 651 4008 habeat,
675 3935 789 3998 divino
815 3936 983 4017 adjutorio
1000 3935 1052 4000 vel
1077 3936 1120 3999 ab
1145 3934 1218 3999 aliis
1242 3935 1445 3998 intellectum
1468 3932 1522 3996 vel

369 4061 390 4103 a
403 4038 509 4102 nobis.
539 4038 631 4101 Talis
644 4058 708 4120 ego
719 4059 792 4103 sum
811 4040 989 4122 inscriptis
1005 4040 1156 4114 aliorum,
1169 4039 1284 4121 quales
1296 4037 1373 4101 volo
1384 4057 1457 4100 esse
1473 4037 1522 4100 in-

369 4143 557 4208 tellectores
573 4163 722 4207 meorum
731 4143 763 4206 ²!
804 4143 841 4208 Si
858 4145 958 4226 igitur
973 4154 1109 4228 propter
1120 4144 1350 4208 necessitatem
1366 4141 1523 4205 vitandae

368 4247 523 4311 salsitatis
539 4257 572 4310 et
588 4248 811 4329 consequendi
823 4248 1054 4332 perfectiorem
1067 4259 1193 4313 statum
1209 4246 1392 4329 sapientiae
1404 4264 1521 4327 possu-

370 4371 454 4429 mus,
470 4361 504 4416 et
519 4351 689 4427 debemus,
704 4361 738 4415 et
753 4352 956 4416 consulimur
971 4373 1031 4435 per
1041 4362 1174 4416 sanctos
1186 4350 1349 4434 perlectos
1364 4358 1398 4412 et
1414 4348 1522 4433 philo·

401 4539 412 4569 ¹
427 4539 495 4601 Aug.
509 4538 652 4596 deAm'ma,
664 4538 706 4587 lrb.
720 4538 752 4587 iv.
765 4554 819 4601 cap.
835 4555 855 4588 1.

401 4617 493 4680 'Aua
512 4617 560 4681 Ep.
582 4617 677 4666 cxlviii.
699 4623 711 4676 5
733 4631 770 4678 15,
788 4617 837 4666 vol
858 4618 883 4666 ii.
906 4633 930 4680 p.
948 4619 1005 4680 628,
1026 4617 1137 4680 Migne's
1155 4618 1201 4666 Ed
1246 4617 1301 4665 ibe
1319 4614 1524 4678 correspondent

368 4711 425 4746 was
436 4704 483 4746 not
496 4697 652 4745 Fortunatus
664 4695 709 4745 the
722 4696 898 4758 Manicheum,
912 4711 940 4744 as
951 4695 1019 4756 Jebb
1030 4697 1077 4745 has
1088 4697 1114 4745 it
