3575 5375
353 651 702 710 MATHEMATICAE
726 651 778 710 IN
799 650 1003 710 PHYSICIS
1031 650 1238 710 UTILITAS.
1342 664 1400 725 139

246 814 383 879 laedunt
401 814 680 898 complexionem,
696 823 729 878 et
744 832 804 896 per
821 833 1026 896 consequens
1039 812 1214 878 inclinatur
1233 812 1336 876 homo
1354 811 1397 875 ad

247 919 353 984 malos
363 939 471 982 mores
484 928 517 982 et
530 927 616 983 artes
627 938 806 999 perversas,
816 918 996 981 secundum
1010 917 1235 981 diversitatem
1247 916 1398 980 coelestis

246 1023 528 1088 constellationis:
551 1024 627 1086 etsi
644 1022 849 1087 constellatio
865 1021 955 1085 bona
969 1032 1028 1096 est.
1046 1031 1125 1085 tunc
1139 1020 1331 1104 complexio
1347 1028 1398 1084 est

246 1127 343 1204 bona,
359 1139 394 1192 et
409 1128 555 1209 sequitur
568 1125 737 1191 inclinatio
753 1127 795 1190 ad
812 1147 921 1190 mores
936 1127 1041 1190 bonos
1062 1136 1097 1190 et
1112 1126 1265 1189 scientias
1280 1124 1397 1188 utiles:

246 1242 279 1295 et
295 1232 322 1295 si
338 1231 546 1296 mediocritas
566 1232 694 1296 accidat
709 1232 741 1294 in
764 1230 897 1296 coelesti
918 1231 1179 1307 constellatione,
1194 1240 1274 1294 tunc
1295 1229 1397 1292 homo

246 1336 421 1400 mediocris
434 1347 484 1401 est
499 1336 531 1398 in
547 1337 701 1399 omnibus
713 1346 875 1418 quantum
885 1345 936 1399 est
951 1355 996 1399 ex
1013 1335 1154 1399 naturali
1169 1334 1397 1416 dispositione,

246 1440 322 1503 licet
337 1441 460 1522 poterit
478 1461 515 1504 se
535 1452 664 1505 mutare
685 1462 744 1525 per
761 1440 947 1504 libertatem
969 1440 1104 1515 arbitrii,
1119 1450 1154 1503 et
1174 1460 1233 1522 per
1253 1439 1395 1520 gratiam

247 1545 321 1618 Dei,
348 1555 382 1608 et
405 1565 464 1628 per
486 1547 704 1608 tentationem
732 1545 857 1608 diaboli
884 1555 920 1609 et
946 1564 1005 1627 per
1031 1546 1155 1608 bonum
1183 1553 1241 1607 aut
1271 1541 1396 1606 malum

244 1646 428 1725 consilium,
444 1648 593 1711 maxime
607 1667 627 1710 a
640 1648 820 1730 juventute
867 1648 914 1710 Et
929 1667 1014 1711 nunc
1029 1667 1115 1730 quae
1132 1647 1204 1710 dixi
1220 1646 1253 1708 in
1270 1646 1396 1708 univer·

245 1749 314 1828 sali,
326 1760 466 1832 possunt
481 1750 666 1814 confirmari
681 1751 708 1814 si
726 1759 859 1832 tempus
871 1762 959 1815 esset
973 1770 1032 1833 per
1043 1749 1200 1832 exempla
1212 1748 1245 1811 in
1260 1746 1398 1831 singulis

245 1856 353 1918 rebus.
406 1852 473 1918 Sed
500 1854 570 1936 jam
600 1856 643 1919 de
674 1855 901 1919 combustione
933 1853 1021 1918 facta
1053 1874 1113 1936 per
1141 1852 1333 1934 crystallum
1364 1861 1398 1915 et

245 1959 364 2022 vitrum
388 1969 424 2022 et
448 1959 583 2042 specula
611 1979 758 2025 concava
784 1971 818 2022 et
839 1959 905 2024 alia
932 1978 1016 2040 quae
1041 1959 1084 2023 ad
1108 1957 1241 2023 oculum
1271 1967 1396 2040 patent,

244 2063 428 2127 ostenditur
447 2064 543 2128 nobis
563 2064 767 2142 sensibiliter,
779 2065 870 2146 quod
890 2062 1064 2127 fractiones
1087 2074 1121 2126 et
1143 2061 1340 2125 reflexiones
1362 2070 1396 2125 et

245 2165 432 2249 hujusmodi
457 2168 748 2250 multiplicationes
771 2180 908 2250 possunt
930 2166 1067 2231 effectus
1085 2166 1250 2230 naturales
1272 2168 1396 2250 produ-

245 2291 327 2336 cere.
372 2270 490 2355 Atque
510 2273 682 2354 vulgatum
703 2283 754 2336 est
777 2274 866 2354 quod
890 2272 991 2335 irides
1011 2281 1046 2335 et
1064 2281 1216 2335 cometae
1233 2281 1266 2333 et
1286 2269 1396 2353 plures

245 2375 330 2438 aliae
349 2375 582 2459 impressiones
600 2376 827 2440 inflammatae
848 2377 882 2440 in
903 2396 990 2454 aere,
1005 2385 1039 2440 et
1059 2375 1168 2439 circuli
1188 2374 1271 2438 circa
1289 2374 1396 2438 solem

245 2488 280 2543 et
295 2479 415 2556 lunam,
431 2478 515 2543 fiunt
531 2501 590 2562 per
609 2479 800 2564 hujusmodi
816 2479 1108 2565 multiplicationes
1127 2479 1305 2552 radiorum,
1320 2499 1396 2542 cum

244 2584 345 2648 aliam
364 2603 496 2648 causam
516 2604 581 2648 non
603 2594 742 2667 possunt
760 2584 891 2649 habere.
937 2585 984 2647 Et
1005 2584 1052 2649 sic
1074 2584 1117 2647 de
1136 2583 1290 2647 omnibus
1312 2582 1396 2663 aliis,

244 2690 323 2753 licet
342 2710 408 2753 non
429 2691 472 2754 sit
495 2690 528 2752 in
551 2690 687 2771 singulis
703 2690 849 2770 evidens,
864 2691 943 2773 quia
965 2710 1032 2754 non
1055 2691 1203 2755 omnium
1225 2690 1395 2773 agentium

244 2794 371 2876 species
386 2803 464 2859 sunt
478 2794 632 2858 visibiles.

667 3141 891 3208 Cnnmunuu
916 3142 978 3206 VI.

319 3310 359 3375 In
374 3330 442 3394 quo
456 3310 557 3375 datur
569 3331 669 3377 causa
685 3309 796 3376 fluxus
811 3322 845 3378 et
861 3312 1008 3376 refluxus
1023 3312 1122 3375 maris
1137 3332 1196 3394 per
1211 3312 1325 3376 radios.

289 3518 336 3584 Et
362 3538 449 3584 nunc
474 3540 599 3603 ponam
627 3540 729 3583 unum
759 3519 951 3601 exemplum
975 3520 1132 3584 omnibus
1157 3520 1336 3596 occultum,
1362 3528 1396 3583 et
1408 3532 1465 3583 The
1476 3532 1548 3583 tides.

244 3644 334 3706 pono
358 3624 414 3687 ubi
438 3625 545 3687 minus
563 3624 695 3688 videtur
717 3626 808 3707 quod
832 3623 1064 3707 multiplicatio
1086 3626 1268 3689 secundum
1293 3624 1396 3689 lineas

244 3737 278 3792 et
293 3727 432 3811 angulos
447 3729 686 3794 determinatos
702 3729 892 3813 requiratur,
908 3739 945 3793 ut
961 3730 995 3792 in
1015 3750 1051 3793 re
1071 3749 1172 3811 quam
1193 3729 1397 3807 difficillima,

244 3852 332 3914 quae
346 3844 460 3897 tamen
476 3853 536 3916 per
556 3833 864 3917 multiplicationem
884 3833 1035 3898 redditur
1053 3834 1134 3898 satis
1154 3833 1273 3918 plana3
1297 3846 1332 3899 et
1346 3845 1396 3899 cst

244 3939 288 4000 de
308 3935 401 4001 fluxu
422 3947 456 4001 et
477 3936 606 4003 refluxu
630 3938 738 4001 maris.
784 3938 1000 4023 Alpetragius
1015 3959 1093 4002 vero
1114 3938 1148 4001 in
1168 3939 1252 4002 libro
1273 3960 1333 4003 suo
1354 3940 1397 4003 de

246 4042 392 4106 motibus
417 4041 616 4106 coelestibus
640 4043 802 4117 aestimat,
825 4043 938 4106 omnia
968 4064 1107 4127 corpora
1130 4044 1244 4107 mundi
1267 4055 1397 4127 praeter

245 4154 367 4209 terram
399 4147 524 4210 moveri
555 4156 647 4212 motu
679 4146 761 4211 coeli
793 4146 903 4229 primi,
929 4157 963 4211 et
992 4146 1056 4211 hoc
1085 4167 1199 4210 verum
1230 4158 1300 4213 est:
1336 4148 1395 4212 sed

243 4250 428 4314 secundum
451 4252 541 4333 quod
569 4252 675 4335 magis
701 4252 896 4335 elongantur
916 4252 1044 4316 tardius
1066 4266 1251 4329 moventur,
1268 4262 1302 4315 et
1320 4272 1396 4315 cum

245 4354 363 4438 majori
394 4354 644 4438 impedimento.
705 4356 807 4420 Unde
835 4377 922 4439 aqua
958 4356 1084 4421 tardius
1116 4366 1151 4420 et
1187 4355 1397 4437 irregularius

244 4471 398 4523 movetur
420 4460 454 4523 in
478 4459 619 4544 sphaera
641 4481 710 4535 sua,
736 4481 838 4543 quam
862 4461 927 4525 alia
950 4481 1091 4543 corpora
1116 4461 1242 4524 mundi.
1287 4459 1397 4524 Addit

243 4582 324 4647 ergo
338 4563 411 4642 iste,
425 4566 516 4648 quod
538 4565 592 4628 hic
613 4574 723 4629 motus
744 4564 823 4629 facit
846 4564 975 4629 fluxum
993 4575 1028 4629 et
1046 4562 1231 4641 refluxum3
1252 4565 1311 4628 sed
1330 4585 1396 4629 non

243 4668 352 4753 placet
367 4668 431 4748 hic,
445 4669 524 4752 quia
539 4668 649 4734 fluxus
664 4679 697 4735 et
714 4670 859 4734 refluxus
879 4679 957 4734 sunt
975 4668 1185 4735 determinati
1203 4678 1238 4734 et
1257 4669 1348 4748 certi,
1364 4679 1398 4733 et
