3575 5375
188 4332 325 4383 Combina·

187 4399 243 4448 tion
255 4398 285 4449 ol

357 609 418 690 256
581 611 736 670 OPERIS
761 611 950 681 MAJORIS
975 612 1090 671 PARS
1116 612 1299 685 QUARTA.

357 775 488 858 Jupiter
504 773 655 852 Saturno,
671 774 835 859 significat
850 774 952 840 libros
967 776 1105 854 divinos,
1121 785 1155 841 et
1175 775 1340 859 significat
1355 777 1399 840 de
1413 776 1512 841 sectis

356 880 542 962 Judaicam,
568 880 645 963 quia
673 889 723 943 est
755 881 923 962 antiquior
949 882 1022 946 aliia
1051 891 1085 946 et
1110 881 1208 965 prior,
1233 882 1319 947 sicut
1345 879 1512 946 Saturnus

357 995 453 1068 pater
470 985 678 1070 planetarum
700 994 734 1048 et
754 986 913 1049 remotior
925 994 960 1050 et
979 987 1068 1070 prior
1083 989 1117 1051 in
1137 989 1231 1051 exitu
1253 987 1460 1070 planetarum
1477 995 1511 1048 et

358 1091 474 1155 ordine
496 1091 530 1154 in
553 1111 634 1160 esse.
680 1090 727 1154 Et
749 1090 856 1172 ipsam
873 1111 988 1156 omnes
1010 1091 1220 1172 confitentur,
1235 1101 1269 1158 et
1290 1093 1362 1176 ipsa
1384 1090 1510 1155 nullam

359 1196 469 1275 aliam,
491 1197 577 1260 sicut
601 1195 745 1262 Saturno
767 1215 881 1259 omnes
907 1195 1061 1278 planetae
1086 1198 1353 1282 complectuntur
1380 1206 1414 1260 et
1440 1195 1511 1277 ipse

359 1300 446 1379 nulli,
463 1310 599 1383 propter
614 1301 806 1364 tarditatem
822 1299 873 1362 sui
889 1311 1010 1365 motus.
1056 1300 1145 1384 Quia
1159 1304 1295 1385 quando
1309 1300 1445 1384 planeta
1459 1309 1510 1363 est

359 1415 438 1469 ante
460 1425 537 1470 eum
560 1407 604 1470 ad
627 1405 797 1477 orientem,
820 1424 989 1488 nunquam
1013 1404 1084 1488 ipse
1108 1404 1271 1470 Saturnus
1297 1404 1511 1488 consequitur

359 1509 515 1593 aliquem,
535 1511 594 1574 sed
622 1510 654 1572 in
681 1518 812 1574 tantum
840 1509 1009 1574 invalescit
1034 1509 1118 1575 alius
1144 1510 1290 1592 planeta,
1313 1511 1405 1592 quod
1431 1528 1511 1573 con·

358 1613 691 1697 sequituraliquando
701 1613 880 1679 Saturnum
890 1624 925 1679 et
937 1615 1147 1700 conjungitur
1158 1616 1197 1680 ei.
1235 1615 1364 1680 Omnes
1376 1614 1510 1697 quidem

359 1728 469 1782 sectae
495 1719 679 1802 appodiant
706 1739 741 1782 se
769 1719 811 1782 ad
843 1729 968 1784 sectam
995 1717 1208 1802 Judaeorum,
1232 1719 1309 1803 quia
1334 1718 1418 1784 haec
1448 1719 1512 1782 fuit

361 1824 468 1904 prima
489 1833 522 1887 et
543 1834 593 1888 est
611 1822 709 1886 radix
729 1823 878 1902 aliarum,
893 1843 914 1886 a
928 1844 996 1907 qua
1010 1844 1127 1888 omnes
1142 1824 1277 1907 aliquod
1297 1845 1401 1906 genus
1417 1822 1510 1886 testi-

360 1928 462 1991 monii
487 1936 521 1991 et
546 1928 790 1992 constitutionis
815 1937 924 1992 sectae
950 1926 1153 2005 habuerunt:
1184 1930 1274 1993 unde
1299 1925 1510 2011 philosophia

359 2033 487 2113 accepit
502 2031 544 2095 ab
563 2030 617 2094 illa
634 2029 739 2095 multa
754 2030 944 2095 testimonia
963 2039 997 2094 et
1012 2031 1136 2096 multos
1152 2035 1272 2098 modos
1286 2029 1510 2096 constituendi

359 2145 495 2213 sectam,
520 2135 605 2200 sicut
635 2135 725 2218 prius
757 2135 873 2217 patuit.
928 2133 965 2199 Si
997 2156 1076 2200 vero
1110 2135 1241 2219 Jupiter
1270 2136 1511 2218 complectatur

361 2239 471 2317 Marti,
487 2249 564 2304 tunc
582 2239 697 2304 dicunt
717 2239 825 2323 ipsum
844 2238 1026 2322 significare
1046 2260 1146 2323 super
1161 2241 1269 2324 legem
1285 2239 1511 2315 Chaldaicam,

359 2364 446 2428 quae
466 2346 564 2409 docet
584 2345 721 2407 adorare
742 2344 862 2426 ignem,
878 2342 971 2425 cujus
987 2353 1122 2409 naturae
1141 2344 1235 2409 Mars
1253 2345 1353 2409 estin
1369 2341 1511 2409 naturali

361 2449 510 2532 potentia
532 2458 565 2512 et
588 2445 718 2512 effectu.
765 2445 801 2511 Si
821 2445 904 2520 Soli,
923 2446 1125 2532 significatur
1147 2450 1205 2513 lex
1226 2449 1409 2532 Aegyptia,
1423 2468 1511 2531 quae

360 2555 455 2636 ponit
476 2552 539 2617 coli
561 2552 712 2616 militiam
731 2550 825 2629 coeli,
845 2551 939 2633 cujus
959 2554 1112 2636 princeps
1134 2563 1186 2617 est
1206 2552 1276 2618 Sol.
1323 2552 1360 2618 Si
1376 2551 1511 2630 Veneri,

359 2655 543 2740 significare
573 2656 691 2722 dicitur
716 2675 815 2739 super
839 2655 947 2739 legem
975 2656 1224 2737 Saracenorum,
1250 2677 1337 2741 quae
1362 2665 1413 2722 est
1438 2665 1512 2722 tota

359 2762 558 2845 voluptuosa
588 2772 622 2825 et
652 2781 801 2840 venerea,
832 2781 936 2843 quam
966 2762 1043 2829 licet
1074 2764 1105 2828 in
1135 2764 1265 2848 scriptis
1296 2764 1511 2828 Mahometus

359 2868 496 2950 redegit,
514 2866 585 2947 ipsa
599 2875 712 2929 tamen
729 2886 789 2948 per
804 2865 903 2947 longa
923 2874 1075 2950 tempora
1095 2869 1127 2931 in
1143 2889 1204 2932 usu
1225 2868 1312 2933 vitae
1326 2868 1513 2931 habebatur

359 2993 380 3036 a
395 2972 463 3035 suis
479 2968 678 3046 cultoribus3
699 2971 788 3033 unde
802 2970 835 3033 in
851 2969 935 3034 libro
951 2970 1007 3054 qui
1020 2972 1193 3037 ascribitur
1205 2970 1348 3038 Ovidio¹
1365 2973 1408 3036 de
1421 2972 1512 3036 vitae

359 3096 439 3139 suae
454 3074 638 3139 mutatione
653 3094 728 3137 cum
745 3074 933 3157 loqueretur
949 3076 991 3139 de
1006 3086 1098 3140 secta
1116 3097 1264 3155 venerea,
1278 3096 1380 3159 quam
1401 3075 1512 3139 homi-

359 3179 456 3245 nibus
470 3179 518 3245 sui
536 3179 695 3261 temporis
710 3178 818 3263 legem
834 3178 920 3243 dixit
935 3200 1015 3256 esse,
1032 3181 1112 3246 dicit
1126 3181 1158 3244 in
1179 3192 1284 3247 metro
1300 3201 1370 3260 suc,

468 3284 527 3347 ‘In
550 3304 626 3367 qua,
649 3284 677 3347 si
699 3282 811 3361 libeat,
834 3285 924 3366 quod
948 3304 1078 3367 cunque
1105 3285 1202 3349 licere
1222 3296 1369 3370 putatur,

490 3387 622 3471 Scripta
645 3387 722 3453 licet
744 3408 843 3470 super
864 3387 929 3451 hoc
951 3389 1100 3452 nondum
1122 3388 1178 3454 lex
1201 3387 1426 3468 inveniatu13’

361 3491 473 3576 Quam
513 3502 629 3574 postea
672 3513 729 3574 per
766 3501 945 3555 sexcentos
982 3512 1086 3556 annos
1124 3503 1159 3558 et
1195 3490 1338 3576 amplius
1380 3493 1513 3578 scripsit

361 3596 574 3661 Mahometus
597 3596 630 3659 in
647 3594 729 3660 libro
744 3597 801 3678 qui
824 3595 944 3661 dicitur
966 3595 1123 3660 Alcoran.
1167 3598 1307 3673 Ovidius
1330 3598 1416 3661 enim
1431 3607 1513 3662 ante

362 3698 531 3764 Christum
555 3700 644 3763 etin
671 3698 877 3783 temporibus
901 3700 1026 3765 Christi
1054 3699 1124 3776 suit,
1146 3712 1179 3765 et
1207 3712 1298 3766 secta
1324 3701 1510 3765 Mahometi

360 3804 483 3886 incepit
509 3824 569 3887 per
593 3813 771 3868 sexcentos
799 3824 903 3867 annos
926 3813 960 3867 et
986 3804 1130 3886 amplius
1152 3816 1229 3890 post
1252 3806 1512 3870 incarnationem

361 3907 492 3983 Christi,
509 3908 593 3971 sicut
608 3917 700 3991 patet
715 3928 760 3971 ex
780 3906 964 3973 differentia
979 3928 1141 3973 annorum
1158 3909 1279 3973 Christi
1297 3920 1332 3975 et
1345 3908 1511 3985 Arabum,

359 4033 446 4096 quae
469 4022 520 4077 est
542 4011 647 4075 dcxxi
674 4031 848 4088 annorum,
871 4021 904 4076 et
929 4033 1015 4076 cxcv
1037 4013 1117 4077 dies.
1164 4013 1232 4079 Sed
1258 4013 1335 4077 anni
1357 4012 1512 4076 Arabum

359 4125 593 4199 computantur
631 4136 652 4180 a
693 4116 898 4194 llahomet0,
936 4126 973 4180 ut
1013 4118 1095 4181 dicit
1135 4115 1340 4199 Alfraganus
1382 4128 1416 4181 et
1455 4114 1513 4180 alii

358 4222 517 4287 similiter.

404 4326 440 4393 Si
471 4345 549 4390 vero
572 4322 813 4407 complectatur
843 4323 1018 4404 Mercurio,
1041 4333 1120 4389 tunc
1142 4334 1193 4390 est
1216 4325 1273 4389 lex
1298 4323 1513 4389 Mercurialis

391 4512 400 4541 ¹
417 4512 474 4562 The
486 4526 561 4574 poem
568 4510 608 4559 Da
617 4510 700 4560 vetula
710 4525 753 4558 seu
763 4508 793 4557 de
800 4510 940 4559 mutabbne
945 4510 1009 4559 vr'tae
1016 4526 1084 4567 suae,
1094 4510 1232 4560 attributed
1240 4518 1267 4560 to
1277 4510 1352 4573 Ovid,
1364 4512 1386 4561 is
1394 4511 1513 4559 believed

359 4597 387 4639 to
399 4590 465 4639 have
477 4590 542 4638 been
554 4590 660 4639 written
672 4589 698 4638 in
711 4588 754 4637 the
766 4587 866 4637 twell'th
878 4594 989 4651 century
1000 4589 1036 4652 by
1045 4589 1107 4651 Leo,
1117 4596 1287 4652 protonotary
1294 4590 1324 4640 oi
1329 4590 1374 4639 the
1386 4590 1476 4653 palace
1486 4588 1518 4638 oi

360 4667 523 4732 Byzantium.
