3575 5375
405 640 757 700 MATHEMATICAE
780 643 832 701 IN
853 642 1024 702 DIVINIS
1052 644 1257 704 UTILITAS.
1346 660 1404 702 211

256 803 389 868 oculum
411 811 550 888 pateret,
566 811 600 868 et
620 825 680 887 per
701 825 904 888 consequens
918 805 1108 888 spiritualis.
1154 808 1244 872 Nam
1264 809 1297 872 in
1316 819 1407 873 veste

258 908 383 984 Aaron,
405 919 442 973 ut
464 909 545 972 dicit
568 911 739 992 scriptura,
762 921 835 975 erat
862 911 1046 994 descriptus
1073 913 1162 977 orbis
1187 925 1346 977 terrarum
1372 921 1407 975 et
1420 922 1528 973 Aaron‘s

258 1022 430 1094 parentum
454 1013 629 1096 magnalia.
676 1015 722 1080 Et
743 1035 807 1098 ego
829 1015 898 1079 vidi
921 1014 1037 1080 Aaron
1061 1017 1108 1081 sic
1129 1015 1309 1100 figuratum
1331 1037 1407 1080 cum

257 1127 349 1181 veste
371 1137 439 1182 sua.
489 1116 556 1182 Sed
580 1118 689 1183 nullus
712 1127 823 1202 posset
846 1122 889 1184 de
912 1120 1102 1201 hujusmodi
1125 1141 1304 1204 corpomm
1324 1118 1408 1202 figu-

258 1223 386 1287 ratione
397 1223 544 1306 cogitare
556 1243 615 1288 nec
631 1225 790 1300 ordinare,
801 1225 864 1288 nisi
880 1226 1008 1307 optime
1022 1225 1120 1289 sciret
1137 1225 1238 1290 libros
1254 1224 1409 1288 Elemen-

258 1336 367 1390 torum
379 1327 528 1392 Euclidis
539 1339 574 1393 et
584 1328 766 1393 Theodosii
778 1329 994 1394 etMillei¹et
1005 1328 1142 1394 aliorum
1152 1341 1409 1415 geometrarum.

1420 995 1561 1040 vestments.

260 1430 347 1493 Nam
364 1442 499 1515 propter
521 1431 638 1496 horum
662 1433 879 1516 ignorantiam
903 1434 992 1517 apud
1015 1434 1189 1518 theologos
1211 1455 1277 1499 non
1300 1433 1408 1498 solum

259 1535 467 1617 decipiuntur
489 1537 522 1600 in
546 1537 711 1614 maximis,
733 1539 792 1601 sed
815 1539 849 1601 in
875 1539 1027 1603 minimis
1071 1538 1198 1603 Dicunt
1218 1539 1310 1602 enim
1333 1558 1409 1602 cum

260 1642 418 1724 magistro
453 1641 486 1703 in
522 1640 666 1705 historiis
699 1642 790 1725 quod
824 1643 1020 1724 sphaerulae
1054 1643 1249 1708 candelabri»
1278 1641 1410 1707 suerunt

260 1766 396 1829 corpora
412 1745 590 1824 circularia,
605 1765 672 1809 non
688 1746 848 1811 habentes
864 1745 997 1831 plenam
1019 1748 1295 1830 sphaericitatem.
1342 1746 1410 1811 Sed

260 1869 326 1913 uon
352 1849 505 1914 dicuntur
534 1849 728 1933 sphaerulae
760 1851 957 1915 diminutive
983 1862 1123 1935 propter
1146 1852 1219 1931 hoc,
1245 1851 1305 1915 sed
1331 1851 1411 1933 quia

259 1951 389 2017 fuerunt
414 1974 535 2038 parvae
560 1953 729 2039 sphaerae,
751 1953 913 2019 habentes
934 1963 1045 2019 tamen
1067 1955 1269 2038 completam
1291 1954 1409 2020 defini·

260 2057 385 2121 tionem
414 2058 575 2142 sphaerae
606 2058 755 2123 Euclidis
780 2069 815 2123 et
840 2059 1030 2123 Theodosii.
1076 2060 1166 2122 Nam
1198 2059 1344 2122 Hebraei
1375 2059 1409 2122 in

261 2161 388 2227 Gallico
419 2182 479 2226 suo
509 2161 582 2225 illas
612 2162 804 2245 sphaerulas
833 2173 955 2227 vocant
984 2183 1121 2246 pomeas
1150 2184 1171 2226 a
1206 2163 1411 2227 rotunditate

260 2267 384 2349 pomali
403 2275 438 2329 et
458 2266 638 2350 sphaerica,
655 2276 688 2330 et
711 2267 758 2328 sic
779 2267 822 2331 de
841 2266 915 2331 aliis
936 2266 1082 2330 infinitis.
1128 2267 1160 2332 Ο
1178 2287 1279 2348 quam
1297 2265 1409 2329 ineffa-

260 2369 335 2434 bilis
375 2371 498 2434 luceret
533 2368 743 2454 pulchritudo
777 2372 956 2455 sapientiae
993 2373 1125 2435 divinae
1158 2380 1193 2435 et
1224 2370 1409 2434 abundaret

261 2473 387 2538 utilitas
416 2473 553 2552 infinita,
579 2475 607 2538 si
637 2474 719 2539 haec
747 2476 1004 2558 geometricalia,
1030 2496 1116 2559 quae
1141 2475 1351 2540 continentur
1376 2474 1411 2536 in

260 2578 430 2661 scriptura,
464 2575 716 2662 figurationibus
754 2580 982 2662 corporalibus
1015 2590 1094 2644 ante
1129 2589 1261 2644 nostros
1295 2577 1411 2643 oculos

262 2692 469 2767 ponerentur.
516 2681 604 2746 Nam
631 2685 678 2747 sic
704 2684 818 2748 mundi
842 2685 970 2749 malitia
992 2683 1117 2749 diluvio
1139 2684 1266 2768 gratiae
1292 2681 1410 2761 deleta,

263 2785 490 2851 attolleremur
516 2788 550 2851 in
575 2788 707 2853 sublimi
733 2810 808 2852 cum
837 2790 869 2852 N
872 2810 913 2853 oe
938 2800 972 2853 et
1000 2789 1075 2854 filiis
1100 2798 1134 2853 et
1160 2787 1315 2853 omnibus
1340 2788 1411 2852 ani-

263 2893 430 2957 mantibus
448 2894 514 2956 suis
533 2892 614 2957 locis
632 2902 667 2956 et
687 2894 856 2959 ordinibus
879 2893 1060 2959 collocatis.
1086 2893 1151 2957 'Et
1166 2914 1243 2956 cum
1263 2892 1411 2957 exercitu

264 2997 400 3062 Domini
423 2997 455 3060 in
478 2998 614 3062 deserto
632 2999 873 3063 excubaremus
894 2999 982 3063 circa
1007 2998 1256 3062 tabernaculum
1280 2997 1356 3075 Dei,
1378 3006 1413 3059 et

262 3122 411 3164 mensam
445 3102 689 3183 propositionis,
719 3112 752 3166 et
785 3100 898 3179 altare,
928 3112 965 3166 et
996 3112 1112 3167 sancta
1145 3112 1345 3175 sanctorum,
1374 3120 1413 3163 ac

261 3204 432 3269 cherubim
448 3206 681 3269 obumbrantia
695 3206 973 3288 propitiatorium,
984 3216 1019 3269 et
1033 3215 1165 3268 caetera
1180 3205 1266 3268 illius
1282 3202 1412 3285 antiqui
1425 3202 1480 3252 The
1491 3203 1572 3253 taber-

263 3308 377 3392 populi
419 3309 561 3391 insignia
604 3321 762 3391 tanquam
804 3309 991 3393 praesentia
1032 3310 1227 3373 videremus.
1282 3307 1413 3371 Deinde
1425 3269 1538 3398 iffi?
1539 3268 1556 3315 d

262 3412 464 3476 tabernaculi
497 3411 683 3477 vacillantis
719 3413 935 3477 instabilitate
964 3422 1104 3477 vacuata
1137 3411 1245 3475 fixum
1275 3410 1413 3475 Domini

264 3515 428 3599 templum
459 3514 670 3581 Salomouica
699 3518 862 3601 sapientia
892 3516 1087 3581 fabricatum
1119 3516 1320 3580 intraremus.
1367 3515 1413 3579 Et

262 3641 339 3685 cum
356 3619 531 3684 Ezechiele
554 3621 586 3684 in
609 3621 726 3704 spiritu
749 3621 967 3685 exultationis
988 3621 1183 3686 adsensum
1204 3621 1414 3696 intueremur,

264 3726 353 3807 quod
377 3725 448 3809 ipse
468 3735 600 3790 tantum
620 3725 834 3810 spiritualiter
851 3725 1028 3804 intellexit,
1047 3735 1085 3790 ut
1105 3726 1240 3790 taudem
1264 3732 1415 3807 reparata

263 3849 349 3891 nova
369 3829 552 3910 Jerusalem
572 3849 648 3894 cum
670 3830 779 3894 Esdra
798 3842 833 3895 et
853 3830 1019 3895 Nehemia
1039 3830 1236 3895 intraremus
1254 3828 1415 3911 majorem

264 3933 402 3997 domum
427 3934 563 4014 pleniori
587 3933 693 4018 gloria
715 3936 945 3999 decorandam.
990 3933 1090 3999 Certe
1112 3934 1185 4017 ipsa
1209 3934 1292 3998 visio
1314 3934 1415 3997 sensi-

265 4038 340 4101 bilis
370 4048 457 4102 esset
487 4038 631 4121 pulchra,
663 4041 723 4103 sed
751 4037 920 4122 pulchrior
949 4040 1083 4122 quando
1113 4037 1254 4122 figuram
1283 4048 1416 4101 nostrae

264 4142 412 4206 veritatis
434 4142 620 4206 videremus
639 4142 910 4226 praesentialiter,
933 4142 1154 4224 pulcherrima
1175 4162 1255 4206 vero
1277 4141 1414 4223 quando

297 4286 307 4317 ¹
326 4287 438 4336 Milleius
453 4286 476 4336 is
493 4288 537 4336 the
548 4288 642 4336 Arabic
658 4288 867 4337 transformation
883 4287 914 4336 ol
928 4286 1063 4336 Menelaus
1073 4286 1104 4334 oi
1113 4286 1279 4347 Alexandria,
1292 4301 1308 4333 a
1319 4285 1417 4333 matbe-

267 4366 385 4415 matician
404 4366 456 4414 and
474 4374 636 4415 astronomer
652 4366 682 4415 ot'
696 4366 741 4415 the
758 4365 814 4415 lirst
831 4374 942 4427 century
958 4380 1017 4415 run.
1050 4366 1117 4413 Two
1133 4365 1164 4414 ot'
1176 4364 1217 4414 his
1234 4362 1416 4412 astronomica]

265 4444 453 4506 observatione,
466 4444 541 4493 made
555 4444 581 4492 in
599 4444 644 4493 the
658 4444 715 4493 first
730 4460 796 4506 year
811 4444 841 4493 ol
848 4444 951 4507 Trajan,
962 4459 1007 4493 are
1022 4443 1174 4493 mentioned
1188 4442 1215 4491 iu
1228 4442 1273 4490 the
1283 4440 1419 4503 Almagm

268 4522 321 4587 (vii.
333 4522 371 4583 3).
405 4521 454 4569 His
465 4522 540 4569 work
554 4538 589 4571 on
607 4522 741 4584 Spherical
754 4522 955 4585 Trigonometry
968 4522 1020 4586 (ior
1030 4522 1073 4570 his
1087 4522 1230 4569 discussion
1246 4519 1276 4568 ol
1288 4517 1417 4580 spherical

266 4603 389 4666 triaugles
407 4620 465 4665 may
477 4604 509 4652 be
525 4620 556 4653 ao
573 4605 666 4666 called)
678 4606 701 4654 is
714 4611 761 4654 not
778 4612 869 4655 extant
886 4605 914 4652 in
929 4606 974 4653 the
990 4604 1076 4654 Greek
1093 4602 1210 4665 original,
1223 4602 1269 4650 but
1284 4601 1332 4650 has
1348 4601 1417 4649 beeu

266 4684 405 4747 preserved
417 4682 443 4730 iu
456 4682 573 4732 Hebrew
583 4682 634 4731 and
646 4683 739 4733 Arabic
751 4684 926 4733 translations.
954 4682 1045 4731 ltwas
1056 4682 1144 4731 edited
1154 4681 1190 4743 by
1201 4679 1297 4743 Halley
1308 4679 1333 4728 in
1346 4680 1418 4741 1758.
1479 4701 1482 4706 >

810 4778 866 4827 Η
