3575 5375
711 645 1002 706 caocnnr’nm.
1371 663 1431 727 315

278 807 356 872 lecit
379 807 547 888 miracula,
570 809 750 872 secundum
774 810 864 892 quod
888 809 969 874 dicit
993 810 1222 893 Hieronymus
1242 829 1330 874 nono
1345 810 1430 874 libro

276 934 376 997 super
393 914 524 978 Isaiam.
557 913 602 977 Et
614 914 647 976 in
665 915 824 978 extremis
841 913 962 979 finibus
976 914 1138 999 Aegypti,
1151 924 1187 978 ut
1204 915 1429 996 Hieronymus

275 1019 357 1083 dicit
384 1019 417 1082 in
443 1017 584 1102 epistola
610 1017 654 1082 de
680 1020 917 1098 mansionibus,
946 1029 996 1082 est
1025 1020 1185 1083 Ramesse
1211 1018 1289 1083 urbs
1316 1039 1429 1083 versus

275 1123 445 1201 orientem,
468 1144 567 1207 quam
591 1119 845 1187 aedificaverunt
868 1121 924 1186 filii
950 1124 1089 1187 Israelis.
1135 1123 1227 1188 Olim
1250 1134 1371 1204 autem,
1392 1133 1428 1187 ut

275 1227 357 1292 dicit
385 1227 611 1310 Hieronymus
638 1231 670 1290 in
698 1226 783 1292 libro
809 1227 987 1305 Locorum,
1010 1229 1161 1292 universa
1185 1229 1355 1311 provincia
1381 1229 1428 1292 sic

275 1333 466 1411 vocabatur,
490 1333 522 1394 in
546 1351 611 1414 qua
634 1332 795 1396 habitavit
818 1331 924 1412 Jacob
946 1353 1022 1397 cum
1046 1333 1157 1396 liberis
1179 1334 1265 1411 suis3
1289 1344 1323 1398 et
1345 1334 1429 1396 haec

274 1445 325 1499 est
351 1446 438 1498 terra
466 1435 603 1514 Gessen,
631 1447 669 1499 ut
695 1435 833 1499 Genesis
860 1434 943 1498 liber
968 1447 1118 1516 testatur,
1141 1448 1175 1501 et
1200 1438 1428 1519 Hieronymus

275 1540 356 1604 dicit
382 1541 466 1603 libro
489 1541 657 1624 praedicto
683 1541 773 1622 quod
804 1541 836 1603 in
863 1559 902 1605 ea
929 1540 1093 1605 habitavit
1119 1542 1225 1624 Jacob
1250 1561 1327 1606 cum
1354 1540 1428 1605 filiis

274 1664 381 1728 prope
400 1644 596 1727 Memphim.
644 1645 690 1707 Et
708 1664 774 1708 non
796 1645 938 1709 multum
958 1666 978 1709 a
997 1646 1150 1729 Tampne
1170 1656 1221 1710 est
1242 1645 1428 1728 Heliopolis

274 1748 389 1812 civitas
405 1749 493 1826 solis,
505 1748 653 1812 Arabiae
668 1749 920 1828 conterminum,
936 1759 973 1812 ut
988 1751 1069 1814 dicit
1086 1751 1222 1828 Plinius,
1236 1761 1270 1813 et
1287 1769 1427 1832 magnae

273 1850 433 1917 claritatis
448 1853 621 1936 oppidum,
633 1853 665 1914 in
682 1871 757 1935 qua,
773 1863 810 1916 ut
828 1853 909 1916 dicit
926 1854 1151 1936 Hieronymus
1167 1855 1251 1919 libro
1270 1854 1427 1938 praefato,

273 1955 335 2020 luit
359 1957 507 2021 Phutiiar
532 1958 695 2033 sacerdos,
718 1956 812 2037 cujus
840 1956 940 2020 liliam
967 1962 1096 2043 accepit
1122 1958 1259 2041 Joseph,
1281 1961 1367 2023 sicut
1393 1960 1427 2021 in

274 2059 413 2125 Genesis
428 2062 568 2144 legimus
586 2059 634 2123 xli
650 2061 807 2143 capitulo.
853 2062 949 2126 Tana
964 2082 1043 2124 vero
1062 2073 1113 2126 est
1135 2064 1251 2127 civitas
1267 2063 1427 2147 Aegypti,

274 2173 310 2227 ut
332 2166 413 2230 dicit
438 2166 667 2246 Hieronymus
688 2166 719 2227 in
744 2165 827 2228 libro
849 2165 1025 2245 Locorum,
1049 2169 1081 2230 in
1104 2185 1172 2249 qua
1193 2168 1426 2231 habitavemnt

271 2269 390 2350 Judaei
414 2269 469 2352 qui
494 2271 538 2334 ob
562 2280 688 2332 metum
711 2269 971 2350 Babyloniorum
995 2290 1072 2333 cum
1094 2271 1240 2352 Jeremia
1263 2269 1425 2353 sugerunt,

272 2381 307 2435 et
331 2393 396 2436 non
419 2371 526 2437 solum
550 2373 584 2437 in
607 2393 654 2446 ea,
671 2376 729 2438 sed
756 2375 788 2435 in
809 2373 958 2458 Memphi
982 2385 1016 2438 et
1039 2375 1072 2438 in
1095 2386 1183 2439 terra
1207 2375 1368 2439 Phatures
1390 2388 1425 2440 et

274 2475 551 2562 Magda10,sicut
574 2477 717 2542 habetur
739 2478 771 2541 in
794 2478 939 2559 Jeremia
962 2479 1033 2542 xliv
1054 2480 1208 2563 capitulo.
1254 2480 1424 2554 Phatures‚

272 2590 310 2644 ut
341 2581 683 2663 dicitHieronymus
709 2582 740 2644 in
767 2582 852 2646 libro
876 2582 1052 2658 Locorum,
1077 2597 1126 2648 est
1154 2585 1245 2667 regio
1267 2584 1422 2668 Aegypti
1498 2670 1501 2674 .

274 2685 307 2748 in
338 2706 404 2769 qua
432 2685 561 2771 profugi
592 2685 783 2751 habitavere
812 2686 942 2768 Judaei.
988 2688 1056 2753 Sed
1088 2688 1215 2754 Socoth
1246 2700 1280 2754 et
1311 2689 1423 2753 Ethan

271 2802 306 2855 et
339 2792 497 2858 Phiaroth
529 2802 564 2856 et
596 2790 791 2874 Magdalon,
822 2794 864 2857 de
898 2793 1021 2877 quibus
1054 2795 1112 2858 xiii
1151 2805 1185 2859 et
1218 2797 1276 2858 xiv
1308 2795 1423 2859 Exodi

270 2894 400 2980 legitur,
423 2918 489 2960 non
513 2908 591 2962 sunt
615 2898 648 2960 in
673 2896 835 2980 Aegypto
859 2899 916 2962 sed
944 2919 1048 2983 prope
1073 2909 1177 2976 extra,
1202 2909 1239 2964 ut
1261 2911 1356 2985 patet
1378 2920 1423 2964 ex

271 3001 414 3084 epistola
438 3000 636 3084 Hieronymi
659 3001 702 3065 de
725 3002 961 3082 mansionibus,
983 3015 1017 3069 et
1040 3006 1104 3069 hoc
1125 3023 1240 3069 versus
1262 3007 1422 3071 orientem

269 3107 312 3169 ad
345 3126 435 3169 mare
466 3107 622 3181 rubrum;
653 3106 696 3170 ad
727 3124 813 3189 quae
837 3106 910 3171 loca
934 3107 1073 3189 profecti
1100 3120 1177 3173 sunt
1206 3109 1264 3172 filii
1293 3110 1423 3173 lsraelis

269 3211 312 3273 de
327 3210 499 3293 Aegypto,
515 3220 696 3293 antequam
718 3212 893 3274 transirent
910 3232 1002 3274 mare
1017 3212 1161 3289 rubrum,
1179 3214 1264 3276 sicut
1280 3213 1423 3278 Exodus

270 3314 425 3377 declarat.

313 3416 544 3499 Descriptione
563 3417 715 3499 Aegypti
738 3416 824 3482 iacta
846 3430 1008 3500 quantum
1030 3419 1083 3482 hic
1106 3431 1155 3483 est
1177 3438 1319 3499 necesse,
1336 3442 1421 3486 nunc
1436 3436 1529 3485 Africa.

267 3520 310 3584 ad
327 3519 477 3584 Africam
493 3522 717 3585 accedendum
733 3532 793 3585 est.
839 3522 884 3584 Et
905 3521 982 3587 licet
1000 3522 1124 3588 Plinius
1144 3535 1177 3588 et
1199 3524 1294 3590 multi
1316 3526 1422 3591 multa

266 3626 321 3689 hic
337 3625 493 3702 scribunt,
505 3626 669 3689 sententia
683 3636 795 3690 tamen
808 3626 958 3691 Sallustii
976 3629 1008 3691 in
1019 3626 1219 3711 Jugurthino
1235 3632 1355 3695 certior
1370 3644 1421 3697 est

268 3737 301 3792 et
312 3730 452 3813 planior,
462 3750 562 3812 quam
575 3729 799 3814 principaliter
811 3750 979 3813 exponam
991 3754 999 3809 ;
1021 3734 1179 3815 quoniam
1193 3734 1420 3818 Hieronymus

266 3832 347 3899 dicit
359 3834 443 3899 libro
456 3835 620 3899 Locomm
636 3844 670 3899 et
683 3835 715 3898 H
719 3836 896 3920 egesippus
908 3837 941 3899 in
954 3834 1104 3900 Historia
1115 3837 1419 3921 Hierosolymitana

266 3940 355 4021 quod
375 3937 550 4005 Sallustius
570 3951 620 4005 est
640 3950 756 4004 auctor
770 3941 983 4006 certissimus.
1029 3942 1076 4006 Et
1092 3943 1242 4007 insistam
1258 3948 1419 4011 attentius

266 4046 351 4108 circa
372 4044 457 4109 hanc
478 4046 691 4129 provinciam,
707 4048 786 4128 quia
807 4045 883 4110 licet
904 4047 947 4112 sit
969 4068 1074 4131 prope
1095 4067 1164 4124 nos,
1180 4058 1292 4113 tamen
1311 4051 1419 4116 minus

266 4158 345 4210 nota
361 4158 411 4212 est
427 4170 527 4231 quam
546 4148 682 4232 Europa
698 4162 731 4214 et
748 4150 849 4227 Asia3
874 4161 975 4233 atque
989 4172 1081 4217 sacra
1100 4154 1263 4235 scriptura
1279 4164 1314 4217 et
1328 4155 1418 4218 dicta

264 4262 452 4316 sanctorum
470 4263 503 4316 et
519 4254 676 4319 historiae
693 4254 797 4318 multa
813 4256 983 4337 requirunt
999 4256 1116 4321 dehac
1127 4258 1271 4340 regione.
1301 4258 1377 4322 Alri

264 4357 399 4438 quidem
416 4357 536 4421 dicitur
550 4359 592 4421 ab
608 4378 674 4422 uno
690 4360 911 4442 posteriorum
923 4360 1091 4436 Abrahae,
1107 4372 1145 4425 ut
1157 4362 1236 4426 dicit
1248 4361 1417 4444 Hierony·

265 4480 338 4523 mus
361 4478 460 4541 super
483 4459 650 4540 Genesim,
673 4463 729 4545 qui
751 4473 890 4528 vocatur
909 4464 1023 4528 Affer:
1056 4466 1112 4548 qui
1136 4466 1257 4529 dicitur
1278 4465 1417 4531 duxisse

263 4564 446 4628 exercitum
468 4565 625 4629 adversus
642 4567 798 4649 Libyam,
814 4576 848 4632 et
869 4568 914 4631 ibi
931 4570 1027 4632 victis
1047 4568 1200 4633 hostibus
1220 4571 1416 4649 consedisse,

262 4668 399 4751 ejusque
422 4680 572 4751 posteros
595 4670 698 4735 Alros
721 4682 755 4734 et
778 4682 900 4736 terram
922 4671 1070 4736 Africam
1092 4692 1307 4756 nuncupasse,
1330 4696 1417 4758 quae
