<?xml version="1.0" encoding="UTF-8"?>
<!DOCTYPE html PUBLIC "-//W3C//DTD XHTML 1.0 Transitional//EN"
    "http://www.w3.org/TR/xhtml1/DTD/xhtml1-transitional.dtd">
<html xmlns="http://www.w3.org/1999/xhtml" xml:lang="en" lang="en">
 <head>
  <title>
</title>
<meta http-equiv="Content-Type" content="text/html;charset=utf-8" />
  <meta name='ocr-system' content='tesseract 3.04.00' />
  <meta name='ocr-capabilities' content='ocr_page ocr_carea ocr_par ocr_line ocrx_word'/>
</head>
<body>
  <div class='ocr_page' id='page_1' title='image "./opusmajusrogerb01bridgoog/opusmajusrogerb01bridgoog_0292.png"; bbox 0 0 3575 5375; ppageno 0'>
   <div class='ocr_carea' id='block_1_1' title="bbox 576 614 1406 695">
    <p class='ocr_par' dir='ltr' id='par_1_1' title="bbox 576 614 1406 695">
     <span class='ocr_line' id='line_1_1' title="bbox 576 614 1406 695; baseline 0.002 -23"><span class='ocrx_word' id='word_1_1' title='bbox 576 614 838 674; x_wconf 82' lang='lat' dir='ltr'><em>LINGUARUM</em></span> <span class='ocrx_word' id='word_1_2' title='bbox 862 614 1072 674; x_wconf 86' lang='lat' dir='ltr'><em>COGNITIO.</em></span> <span class='ocrx_word' id='word_1_3' title='bbox 1366 632 1406 695; x_wconf 87' lang='lat'>95</span> 
     </span>
    </p>
   </div>
   <div class='ocr_carea' id='block_1_2' title="bbox 252 776 1567 1183">
    <p class='ocr_par' dir='ltr' id='par_1_2' title="bbox 252 776 1404 965">
     <span class='ocr_line' id='line_1_2' title="bbox 252 776 1404 861; baseline 0.002 -22"><span class='ocrx_word' id='word_1_4' title='bbox 252 776 298 841; x_wconf 91' lang='lat' dir='ltr'>Et</span> <span class='ocrx_word' id='word_1_5' title='bbox 314 776 347 839; x_wconf 91' lang='lat' dir='ltr'>in</span> <span class='ocrx_word' id='word_1_6' title='bbox 363 776 427 840; x_wconf 94' lang='lat' dir='ltr'>hoc</span> <span class='ocrx_word' id='word_1_7' title='bbox 442 776 577 841; x_wconf 88' lang='lat' dir='ltr'>nomine</span> <span class='ocrx_word' id='word_1_8' title='bbox 592 777 694 855; x_wconf 90' lang='lat' dir='ltr'>XPC,</span> <span class='ocrx_word' id='word_1_9' title='bbox 704 776 812 860; x_wconf 91' lang='lat' dir='ltr'>prima</span> <span class='ocrx_word' id='word_1_10' title='bbox 824 787 874 842; x_wconf 94' lang='lat' dir='ltr'>est</span> <span class='ocrx_word' id='word_1_11' title='bbox 889 778 942 841; x_wconf 93' lang='lat' dir='ltr'>chi</span> <span class='ocrx_word' id='word_1_12' title='bbox 959 798 1045 860; x_wconf 87' lang='lat' dir='ltr'>quae</span> <span class='ocrx_word' id='word_1_13' title='bbox 1053 776 1142 842; x_wconf 89' lang='lat' dir='ltr'>valet</span> <span class='ocrx_word' id='word_1_14' title='bbox 1154 777 1194 861; x_wconf 86' lang='lat' dir='ltr'>ch</span> <span class='ocrx_word' id='word_1_15' title='bbox 1211 778 1404 861; x_wconf 87' lang='lat' dir='ltr'>aspiratum.</span> 
     </span>
     <span class='ocr_line' id='line_1_3' title="bbox 252 881 1271 965; baseline -0.002 -18"><span class='ocrx_word' id='word_1_16' title='bbox 252 882 407 947; x_wconf 89' lang='lat' dir='ltr'>Secunda</span> <span class='ocrx_word' id='word_1_17' title='bbox 423 892 474 945; x_wconf 91' lang='lat' dir='ltr'>est</span> <span class='ocrx_word' id='word_1_18' title='bbox 490 902 526 945; x_wconf 92' lang='lat' dir='ltr'>ro</span> <span class='ocrx_word' id='word_1_19' title='bbox 541 901 627 965; x_wconf 90' lang='lat' dir='ltr'>quae</span> <span class='ocrx_word' id='word_1_20' title='bbox 642 881 730 945; x_wconf 89' lang='lat' dir='ltr'>valet</span> <span class='ocrx_word' id='word_1_21' title='bbox 746 902 762 943; x_wconf 94' lang='lat' dir='ltr'>r</span> <span class='ocrx_word' id='word_1_22' title='bbox 776 892 936 946; x_wconf 92' lang='lat' dir='ltr'>nostrum.</span> <span class='ocrx_word' id='word_1_23' title='bbox 983 882 1097 946; x_wconf 89' lang='lat' dir='ltr'>Tertia</span> <span class='ocrx_word' id='word_1_24' title='bbox 1112 892 1163 946; x_wconf 94' lang='lat' dir='ltr'>est</span> <span class='ocrx_word' id='word_1_25' title='bbox 1179 884 1271 947; x_wconf 89' lang='lat' dir='ltr'>sima.</span> 
     </span>
    </p>

    <p class='ocr_par' dir='ltr' id='par_1_3' title="bbox 252 984 1567 1183">
     <span class='ocr_line' id='line_1_4' title="bbox 295 984 1567 1069; baseline 0 -20"><span class='ocrx_word' id='word_1_26' title='bbox 295 985 410 1049; x_wconf 92' lang='lat' dir='ltr'>Tertia</span> <span class='ocrx_word' id='word_1_27' title='bbox 432 1006 511 1049; x_wconf 92' lang='lat' dir='ltr'>vero</span> <span class='ocrx_word' id='word_1_28' title='bbox 534 1006 634 1050; x_wconf 88' lang='lat' dir='ltr'>causa</span> <span class='ocrx_word' id='word_1_29' title='bbox 656 995 706 1049; x_wconf 92' lang='lat' dir='ltr'>est</span> <span class='ocrx_word' id='word_1_30' title='bbox 729 988 771 1049; x_wconf 92' lang='lat' dir='ltr'>de</span> <span class='ocrx_word' id='word_1_31' title='bbox 793 986 914 1050; x_wconf 91' lang='lat' dir='ltr'>notitia</span> <span class='ocrx_word' id='word_1_32' title='bbox 935 984 1120 1069; x_wconf 89' lang='lat' dir='ltr'>linguarum</span> <span class='ocrx_word' id='word_1_33' title='bbox 1145 985 1316 1051; x_wconf 87' lang='lat' dir='ltr'>Ecclesiae</span> <span class='ocrx_word' id='word_1_34' title='bbox 1340 987 1404 1051; x_wconf 90' lang='lat' dir='ltr'>Dei</span> <span class='ocrx_word' id='word_1_35' title='bbox 1419 988 1457 1051; x_wconf 79' lang='lat'>(3)</span> <span class='ocrx_word' id='word_1_36' title='bbox 1470 987 1567 1065; x_wconf 66' lang='lat' dir='ltr'>sordue</span> 
     </span>
     <span class='ocr_line' id='line_1_5' title="bbox 252 1054 1556 1183; baseline 0.003 -31"><span class='ocrx_word' id='word_1_37' title='bbox 252 1091 443 1155; x_wconf 90' lang='lat' dir='ltr'>necessaria.</span> <span class='ocrx_word' id='word_1_38' title='bbox 489 1090 579 1153; x_wconf 93' lang='lat' dir='ltr'>Nam</span> <span class='ocrx_word' id='word_1_39' title='bbox 609 1089 705 1154; x_wconf 91' lang='lat' dir='ltr'>multi</span> <span class='ocrx_word' id='word_1_40' title='bbox 737 1090 854 1154; x_wconf 87' lang='lat' dir='ltr'>Graeci</span> <span class='ocrx_word' id='word_1_41' title='bbox 885 1101 919 1154; x_wconf 89' lang='lat' dir='ltr'>et</span> <span class='ocrx_word' id='word_1_42' title='bbox 951 1090 1111 1157; x_wconf 83' lang='lat' dir='ltr'>Chaldaei</span> <span class='ocrx_word' id='word_1_43' title='bbox 1142 1102 1176 1155; x_wconf 92' lang='lat' dir='ltr'>et</span> <span class='ocrx_word' id='word_1_44' title='bbox 1203 1091 1345 1155; x_wconf 89' lang='lat' dir='ltr'>Armeni</span> <span class='ocrx_word' id='word_1_45' title='bbox 1369 1102 1404 1156; x_wconf 90' lang='lat' dir='ltr'>et</span> <span class='ocrx_word' id='word_1_46' title='bbox 1416 1054 1556 1183; x_wconf 47' lang='lat' dir='ltr'>{2522}ss</span> 
     </span>
    </p>
   </div>
   <div class='ocr_carea' id='block_1_3' title="bbox 252 1184 1554 4604">
    <p class='ocr_par' dir='ltr' id='par_1_4' title="bbox 252 1184 1554 1375">
     <span class='ocr_line' id='line_1_6' title="bbox 252 1184 1554 1277; baseline 0 -18"><span class='ocrx_word' id='word_1_47' title='bbox 252 1194 341 1276; x_wconf 89' lang='lat' dir='ltr'>Syrii</span> <span class='ocrx_word' id='word_1_48' title='bbox 365 1204 399 1257; x_wconf 92' lang='lat' dir='ltr'>et</span> <span class='ocrx_word' id='word_1_49' title='bbox 422 1193 554 1257; x_wconf 86' lang='lat' dir='ltr'>Arabes</span> <span class='ocrx_word' id='word_1_50' title='bbox 578 1203 613 1257; x_wconf 91' lang='lat' dir='ltr'>et</span> <span class='ocrx_word' id='word_1_51' title='bbox 639 1193 776 1258; x_wconf 89' lang='lat' dir='ltr'>aliarum</span> <span class='ocrx_word' id='word_1_52' title='bbox 801 1194 989 1277; x_wconf 90' lang='lat' dir='ltr'>linguarum</span> <span class='ocrx_word' id='word_1_53' title='bbox 1012 1196 1162 1259; x_wconf 90' lang='lat' dir='ltr'>nationes</span> <span class='ocrx_word' id='word_1_54' title='bbox 1185 1196 1405 1277; x_wconf 90' lang='lat' dir='ltr'>subjiciuntur</span> <span class='ocrx_word' id='word_1_55' title='bbox 1417 1184 1554 1247; x_wconf 59' lang='lat' dir='ltr'>⁶¹¹¹¹¹⁰¹¹eb</span> 
     </span>
     <span class='ocr_line' id='line_1_7' title="bbox 253 1293 1405 1375; baseline 0.003 -18"><span class='ocrx_word' id='word_1_56' title='bbox 253 1294 420 1358; x_wconf 83' lang='lat' dir='ltr'>Ecclesiae</span> <span class='ocrx_word' id='word_1_57' title='bbox 446 1293 652 1369; x_wconf 84' lang='lat' dir='ltr'>Latinorum,</span> <span class='ocrx_word' id='word_1_58' title='bbox 676 1314 751 1357; x_wconf 91' lang='lat' dir='ltr'>cum</span> <span class='ocrx_word' id='word_1_59' title='bbox 776 1294 898 1375; x_wconf 91' lang='lat' dir='ltr'>quibus</span> <span class='ocrx_word' id='word_1_60' title='bbox 927 1294 1033 1357; x_wconf 91' lang='lat' dir='ltr'>multa</span> <span class='ocrx_word' id='word_1_61' title='bbox 1060 1294 1161 1359; x_wconf 90' lang='lat' dir='ltr'>habet</span> <span class='ocrx_word' id='word_1_62' title='bbox 1187 1296 1341 1360; x_wconf 91' lang='lat' dir='ltr'>ordinare</span> <span class='ocrx_word' id='word_1_63' title='bbox 1370 1307 1405 1361; x_wconf 90' lang='lat' dir='ltr'>et</span> 
     </span>
    </p>

    <p class='ocr_par' dir='ltr' id='par_1_5' title="bbox 252 1396 1404 1482">
     <span class='ocr_line' id='line_1_8' title="bbox 252 1396 1404 1482; baseline 0.001 -22"><span class='ocrx_word' id='word_1_64' title='bbox 252 1398 315 1462; x_wconf 93' lang='lat' dir='ltr'>illis</span> <span class='ocrx_word' id='word_1_65' title='bbox 334 1399 426 1462; x_wconf 90' lang='lat' dir='ltr'>varia</span> <span class='ocrx_word' id='word_1_66' title='bbox 447 1399 615 1462; x_wconf 88' lang='lat' dir='ltr'>mandare.</span> <span class='ocrx_word' id='word_1_67' title='bbox 661 1396 729 1461; x_wconf 89' lang='lat' dir='ltr'>Sed</span> <span class='ocrx_word' id='word_1_68' title='bbox 748 1418 815 1461; x_wconf 92' lang='lat' dir='ltr'>non</span> <span class='ocrx_word' id='word_1_69' title='bbox 835 1408 974 1481; x_wconf 88' lang='lat' dir='ltr'>possunt</span> <span class='ocrx_word' id='word_1_70' title='bbox 996 1397 1078 1461; x_wconf 90' lang='lat' dir='ltr'>haec</span> <span class='ocrx_word' id='word_1_71' title='bbox 1100 1408 1189 1462; x_wconf 91' lang='lat' dir='ltr'>recte</span> <span class='ocrx_word' id='word_1_72' title='bbox 1212 1400 1404 1482; x_wconf 89' lang='lat' dir='ltr'>pertractari</span> 
     </span>
    </p>

    <p class='ocr_par' dir='ltr' id='par_1_6' title="bbox 252 1501 1405 1898">
     <span class='ocr_line' id='line_1_9' title="bbox 252 1501 1405 1585; baseline 0.001 -20"><span class='ocrx_word' id='word_1_73' title='bbox 252 1522 311 1565; x_wconf 92' lang='lat' dir='ltr'>nec</span> <span class='ocrx_word' id='word_1_74' title='bbox 328 1512 366 1567; x_wconf 93' lang='lat' dir='ltr'>ut</span> <span class='ocrx_word' id='word_1_75' title='bbox 381 1511 514 1585; x_wconf 86' lang='lat' dir='ltr'>oportet</span> <span class='ocrx_word' id='word_1_76' title='bbox 529 1501 654 1564; x_wconf 90' lang='lat' dir='ltr'>utiliter</span> <span class='ocrx_word' id='word_1_77' title='bbox 664 1501 726 1564; x_wconf 89' lang='lat' dir='ltr'>nisi</span> <span class='ocrx_word' id='word_1_78' title='bbox 742 1501 856 1565; x_wconf 90' lang='lat' dir='ltr'>Latini</span> <span class='ocrx_word' id='word_1_79' title='bbox 871 1502 976 1565; x_wconf 89' lang='lat' dir='ltr'>sciant</span> <span class='ocrx_word' id='word_1_80' title='bbox 990 1501 1119 1585; x_wconf 84' lang='lat' dir='ltr'>linguas</span> <span class='ocrx_word' id='word_1_81' title='bbox 1138 1524 1261 1567; x_wconf 91' lang='lat' dir='ltr'>earum.</span> <span class='ocrx_word' id='word_1_82' title='bbox 1301 1503 1405 1584; x_wconf 90' lang='lat' dir='ltr'>Cujus</span> 
     </span>
     <span class='ocr_line' id='line_1_10' title="bbox 252 1605 1405 1688; baseline 0 -18"><span class='ocrx_word' id='word_1_83' title='bbox 252 1607 385 1687; x_wconf 87' lang='lat' dir='ltr'>signum</span> <span class='ocrx_word' id='word_1_84' title='bbox 415 1616 465 1670; x_wconf 90' lang='lat' dir='ltr'>est</span> <span class='ocrx_word' id='word_1_85' title='bbox 495 1606 584 1688; x_wconf 90' lang='lat' dir='ltr'>quod</span> <span class='ocrx_word' id='word_1_86' title='bbox 615 1627 731 1671; x_wconf 90' lang='lat' dir='ltr'>omnes</span> <span class='ocrx_word' id='word_1_87' title='bbox 764 1607 873 1671; x_wconf 91' lang='lat' dir='ltr'>dictae</span> <span class='ocrx_word' id='word_1_88' title='bbox 903 1607 1055 1670; x_wconf 90' lang='lat' dir='ltr'>nationes</span> <span class='ocrx_word' id='word_1_89' title='bbox 1084 1606 1241 1671; x_wconf 89' lang='lat' dir='ltr'>vacillant</span> <span class='ocrx_word' id='word_1_90' title='bbox 1271 1605 1337 1671; x_wconf 88' lang='lat' dir='ltr'>fide</span> <span class='ocrx_word' id='word_1_91' title='bbox 1371 1618 1405 1671; x_wconf 90' lang='lat' dir='ltr'>et</span> 
     </span>
     <span class='ocr_line' id='line_1_11' title="bbox 253 1710 1404 1793; baseline 0.001 -20"><span class='ocrx_word' id='word_1_92' title='bbox 253 1712 410 1787; x_wconf 90' lang='lat' dir='ltr'>moribus,</span> <span class='ocrx_word' id='word_1_93' title='bbox 439 1722 473 1776; x_wconf 90' lang='lat' dir='ltr'>et</span> <span class='ocrx_word' id='word_1_94' title='bbox 511 1711 642 1774; x_wconf 87' lang='lat' dir='ltr'>ordines</span> <span class='ocrx_word' id='word_1_95' title='bbox 679 1710 836 1775; x_wconf 91' lang='lat' dir='ltr'>ecclesiae</span> <span class='ocrx_word' id='word_1_96' title='bbox 865 1710 1026 1775; x_wconf 90' lang='lat' dir='ltr'>salutares</span> <span class='ocrx_word' id='word_1_97' title='bbox 1056 1731 1115 1793; x_wconf 90' lang='lat' dir='ltr'>per</span> <span class='ocrx_word' id='word_1_98' title='bbox 1145 1712 1306 1777; x_wconf 89' lang='lat' dir='ltr'>sincerum</span> <span class='ocrx_word' id='word_1_99' title='bbox 1338 1732 1404 1774; x_wconf 94' lang='lat' dir='ltr'>non</span> 
     </span>
     <span class='ocr_line' id='line_1_12' title="bbox 252 1814 1405 1898; baseline 0.001 -20"><span class='ocrx_word' id='word_1_100' title='bbox 252 1816 414 1897; x_wconf 90' lang='lat' dir='ltr'>recipiunt</span> <span class='ocrx_word' id='word_1_101' title='bbox 452 1815 485 1877; x_wconf 91' lang='lat' dir='ltr'>in</span> <span class='ocrx_word' id='word_1_102' title='bbox 522 1816 635 1896; x_wconf 85' lang='lat' dir='ltr'>lingua</span> <span class='ocrx_word' id='word_1_103' title='bbox 673 1826 831 1879; x_wconf 88' lang='lat' dir='ltr'>matema.</span> <span class='ocrx_word' id='word_1_104' title='bbox 892 1814 996 1880; x_wconf 91' lang='lat' dir='ltr'>Unde</span> <span class='ocrx_word' id='word_1_105' title='bbox 1028 1815 1149 1879; x_wconf 92' lang='lat' dir='ltr'>accidit</span> <span class='ocrx_word' id='word_1_106' title='bbox 1187 1817 1277 1898; x_wconf 93' lang='lat' dir='ltr'>quod</span> <span class='ocrx_word' id='word_1_107' title='bbox 1315 1818 1405 1898; x_wconf 91' lang='lat' dir='ltr'>apud</span> 
     </span>
    </p>

    <p class='ocr_par' dir='ltr' id='par_1_7' title="bbox 252 1918 1405 2107">
     <span class='ocr_line' id='line_1_13' title="bbox 252 1918 1405 2003; baseline 0 -20"><span class='ocrx_word' id='word_1_108' title='bbox 252 1921 335 1983; x_wconf 90' lang='lat' dir='ltr'>tales</span> <span class='ocrx_word' id='word_1_109' title='bbox 352 1920 503 1984; x_wconf 91' lang='lat' dir='ltr'>nationes</span> <span class='ocrx_word' id='word_1_110' title='bbox 524 1929 602 1984; x_wconf 90' lang='lat' dir='ltr'>sunt</span> <span class='ocrx_word' id='word_1_111' title='bbox 626 1919 704 1983; x_wconf 90' lang='lat' dir='ltr'>mali</span> <span class='ocrx_word' id='word_1_112' title='bbox 730 1919 909 1983; x_wconf 89' lang='lat' dir='ltr'>Christiani</span> <span class='ocrx_word' id='word_1_113' title='bbox 928 1929 962 1984; x_wconf 92' lang='lat' dir='ltr'>et</span> <span class='ocrx_word' id='word_1_114' title='bbox 982 1918 1120 1983; x_wconf 90' lang='lat' dir='ltr'>ecclesia</span> <span class='ocrx_word' id='word_1_115' title='bbox 1142 1941 1208 1984; x_wconf 93' lang='lat' dir='ltr'>non</span> <span class='ocrx_word' id='word_1_116' title='bbox 1230 1920 1354 2003; x_wconf 85' lang='lat' dir='ltr'>regitur</span> <span class='ocrx_word' id='word_1_117' title='bbox 1368 1930 1405 1983; x_wconf 90' lang='lat' dir='ltr'>ut</span> 
     </span>
     <span class='ocr_line' id='line_1_14' title="bbox 252 2033 394 2107; baseline -0.007 -19"><span class='ocrx_word' id='word_1_118' title='bbox 252 2033 394 2107; x_wconf 90' lang='lat' dir='ltr'>oportet.</span> 
     </span>
    </p>

    <p class='ocr_par' dir='ltr' id='par_1_8' title="bbox 252 2126 1546 4604">
     <span class='ocr_line' id='line_1_15' title="bbox 296 2126 1511 2214; baseline -0.005 -23"><span class='ocrx_word' id='word_1_119' title='bbox 296 2126 425 2210; x_wconf 85' lang='lat' dir='ltr'>Quarta</span> <span class='ocrx_word' id='word_1_120' title='bbox 455 2148 554 2192; x_wconf 87' lang='lat' dir='ltr'>causa</span> <span class='ocrx_word' id='word_1_121' title='bbox 583 2137 633 2193; x_wconf 89' lang='lat' dir='ltr'>est</span> <span class='ocrx_word' id='word_1_122' title='bbox 663 2138 800 2212; x_wconf 92' lang='lat' dir='ltr'>propter</span> <span class='ocrx_word' id='word_1_123' title='bbox 828 2128 933 2191; x_wconf 91' lang='lat' dir='ltr'>totius</span> <span class='ocrx_word' id='word_1_124' title='bbox 965 2126 1134 2192; x_wconf 88' lang='lat' dir='ltr'>Ecclesiae</span> <span class='ocrx_word' id='word_1_125' title='bbox 1168 2129 1354 2193; x_wconf 89' lang='lat' dir='ltr'>doctrinam</span> <span class='ocrx_word' id='word_1_126' title='bbox 1385 2136 1456 2200; x_wconf 71' lang='lat' dir='ltr'>atr)</span> <span class='ocrx_word' id='word_1_127' title='bbox 1469 2136 1511 2214; x_wconf 62' lang='lat' dir='ltr'>tor</span> 
     </span>
     <span class='ocr_line' id='line_1_16' title="bbox 252 2203 1546 2330; baseline 0.002 -37"><span class='ocrx_word' id='word_1_128' title='bbox 252 2232 414 2315; x_wconf 90' lang='lat' dir='ltr'>principio</span> <span class='ocrx_word' id='word_1_129' title='bbox 437 2253 541 2314; x_wconf 90' lang='lat' dir='ltr'>usque</span> <span class='ocrx_word' id='word_1_130' title='bbox 563 2232 595 2295; x_wconf 94' lang='lat' dir='ltr'>in</span> <span class='ocrx_word' id='word_1_131' title='bbox 616 2231 716 2296; x_wconf 88' lang='lat' dir='ltr'>finem</span> <span class='ocrx_word' id='word_1_132' title='bbox 740 2233 877 2296; x_wconf 91' lang='lat' dir='ltr'>dierum.</span> <span class='ocrx_word' id='word_1_133' title='bbox 924 2231 1012 2295; x_wconf 93' lang='lat' dir='ltr'>Nam</span> <span class='ocrx_word' id='word_1_134' title='bbox 1036 2232 1118 2315; x_wconf 78' lang='lat' dir='ltr'>dicit</span> <span class='ocrx_word' id='word_1_135' title='bbox 1138 2231 1312 2306; x_wconf 88' lang='lat' dir='ltr'>Dominus,</span> <span class='ocrx_word' id='word_1_136' title='bbox 1330 2203 1546 2330; x_wconf 49' lang='lat' dir='ltr'>Iotaggcffi‘</span> 
     </span>
     <span class='ocr_line' id='line_1_17' title="bbox 252 2335 1404 2419; baseline -0.002 -19"><span class='ocrx_word' id='word_1_137' title='bbox 252 2354 354 2400; x_wconf 91' lang='lat' dir='ltr'>unum</span> <span class='ocrx_word' id='word_1_138' title='bbox 377 2346 435 2400; x_wconf 90' lang='lat' dir='ltr'>aut</span> <span class='ocrx_word' id='word_1_139' title='bbox 457 2355 559 2399; x_wconf 90' lang='lat' dir='ltr'>unum</span> <span class='ocrx_word' id='word_1_140' title='bbox 584 2357 673 2419; x_wconf 87' lang='lat' dir='ltr'>apex</span> <span class='ocrx_word' id='word_1_141' title='bbox 696 2357 763 2399; x_wconf 93' lang='lat' dir='ltr'>non</span> <span class='ocrx_word' id='word_1_142' title='bbox 781 2335 903 2417; x_wconf 88' lang='lat' dir='ltr'>peribit</span> <span class='ocrx_word' id='word_1_143' title='bbox 924 2356 945 2399; x_wconf 92' lang='lat' dir='ltr'>a</span> <span class='ocrx_word' id='word_1_144' title='bbox 969 2335 1041 2417; x_wconf 86' lang='lat' dir='ltr'>lege</span> <span class='ocrx_word' id='word_1_145' title='bbox 1061 2339 1166 2401; x_wconf 91' lang='lat' dir='ltr'>donec</span> <span class='ocrx_word' id='word_1_146' title='bbox 1186 2336 1298 2399; x_wconf 91' lang='lat' dir='ltr'>omnia</span> <span class='ocrx_word' id='word_1_147' title='bbox 1314 2335 1404 2401; x_wconf 87' lang='lat' dir='ltr'>fiant.</span> 
     </span>
     <span class='ocr_line' id='line_1_18' title="bbox 254 2439 1405 2524; baseline 0.001 -21"><span class='ocrx_word' id='word_1_148' title='bbox 254 2439 300 2503; x_wconf 92' lang='lat' dir='ltr'>Et</span> <span class='ocrx_word' id='word_1_149' title='bbox 315 2440 390 2503; x_wconf 91' lang='lat' dir='ltr'>ideo</span> <span class='ocrx_word' id='word_1_150' title='bbox 406 2441 543 2504; x_wconf 90' lang='lat' dir='ltr'>docetur</span> <span class='ocrx_word' id='word_1_151' title='bbox 558 2439 689 2522; x_wconf 91' lang='lat' dir='ltr'>publice</span> <span class='ocrx_word' id='word_1_152' title='bbox 701 2442 734 2503; x_wconf 94' lang='lat' dir='ltr'>in</span> <span class='ocrx_word' id='word_1_153' title='bbox 746 2440 834 2503; x_wconf 91' lang='lat' dir='ltr'>libro</span> <span class='ocrx_word' id='word_1_154' title='bbox 848 2441 889 2504; x_wconf 90' lang='lat' dir='ltr'>de</span> <span class='ocrx_word' id='word_1_155' title='bbox 905 2440 1040 2503; x_wconf 87' lang='lat' dir='ltr'>senibus</span> <span class='ocrx_word' id='word_1_156' title='bbox 1052 2439 1297 2524; x_wconf 74' lang='lat' dir='ltr'>scripturarum</span> <span class='ocrx_word' id='word_1_157' title='bbox 1314 2441 1405 2522; x_wconf 91' lang='lat' dir='ltr'>quod</span> 
     </span>
     <span class='ocr_line' id='line_1_19' title="bbox 253 2542 1404 2628; baseline 0.001 -21"><span class='ocrx_word' id='word_1_158' title='bbox 253 2544 400 2627; x_wconf 89' lang='lat' dir='ltr'>singulae</span> <span class='ocrx_word' id='word_1_159' title='bbox 430 2543 544 2607; x_wconf 86' lang='lat' dir='ltr'>literae</span> <span class='ocrx_word' id='word_1_160' title='bbox 569 2544 739 2628; x_wconf 89' lang='lat' dir='ltr'>alphabeti</span> <span class='ocrx_word' id='word_1_161' title='bbox 769 2544 886 2608; x_wconf 88' lang='lat' dir='ltr'>Graeci</span> <span class='ocrx_word' id='word_1_162' title='bbox 914 2542 1100 2625; x_wconf 82' lang='lat' dir='ltr'>figurabant</span> <span class='ocrx_word' id='word_1_163' title='bbox 1123 2564 1223 2626; x_wconf 91' lang='lat' dir='ltr'>super</span> <span class='ocrx_word' id='word_1_164' title='bbox 1243 2545 1404 2628; x_wconf 90' lang='lat' dir='ltr'>populum</span> 
     </span>
     <span class='ocr_line' id='line_1_20' title="bbox 253 2648 1405 2733; baseline 0.003 -23"><span class='ocrx_word' id='word_1_165' title='bbox 253 2648 437 2731; x_wconf 91' lang='lat' dir='ltr'>antiquum,</span> <span class='ocrx_word' id='word_1_166' title='bbox 449 2658 484 2713; x_wconf 91' lang='lat' dir='ltr'>et</span> <span class='ocrx_word' id='word_1_167' title='bbox 500 2658 633 2731; x_wconf 92' lang='lat' dir='ltr'>oportet</span> <span class='ocrx_word' id='word_1_168' title='bbox 646 2667 820 2713; x_wconf 92' lang='lat' dir='ltr'>numerum</span> <span class='ocrx_word' id='word_1_169' title='bbox 832 2649 1097 2713; x_wconf 90' lang='lat' dir='ltr'>centenariorum</span> <span class='ocrx_word' id='word_1_170' title='bbox 1109 2669 1269 2713; x_wconf 90' lang='lat' dir='ltr'>annorum</span> <span class='ocrx_word' id='word_1_171' title='bbox 1283 2650 1405 2733; x_wconf 92' lang='lat' dir='ltr'>quibus</span> 
     </span>
     <span class='ocr_line' id='line_1_21' title="bbox 252 2752 1405 2837; baseline 0.002 -21"><span class='ocrx_word' id='word_1_172' title='bbox 252 2752 446 2817; x_wconf 89' lang='lat' dir='ltr'>decurrebat</span> <span class='ocrx_word' id='word_1_173' title='bbox 461 2762 568 2818; x_wconf 92' lang='lat' dir='ltr'>status</span> <span class='ocrx_word' id='word_1_174' title='bbox 584 2753 670 2818; x_wconf 88' lang='lat' dir='ltr'>illius</span> <span class='ocrx_word' id='word_1_175' title='bbox 686 2755 794 2836; x_wconf 89' lang='lat' dir='ltr'>gentis</span> <span class='ocrx_word' id='word_1_176' title='bbox 807 2754 907 2837; x_wconf 87' lang='lat' dir='ltr'>juxta</span> <span class='ocrx_word' id='word_1_177' title='bbox 922 2753 1068 2836; x_wconf 87' lang='lat' dir='ltr'>singulas</span> <span class='ocrx_word' id='word_1_178' title='bbox 1084 2764 1210 2818; x_wconf 90' lang='lat' dir='ltr'>aetates</span> <span class='ocrx_word' id='word_1_179' title='bbox 1226 2765 1259 2818; x_wconf 91' lang='lat' dir='ltr'>et</span> <span class='ocrx_word' id='word_1_180' title='bbox 1274 2753 1405 2818; x_wconf 90' lang='lat' dir='ltr'>saecula</span> 
     </span>
     <span class='ocr_line' id='line_1_22' title="bbox 253 2851 1403 2945; baseline 0.002 -26"><span class='ocrx_word' id='word_1_181' title='bbox 253 2851 476 2945; x_wconf 86' lang='lat' dir='ltr'>[computare]</span> <span class='ocrx_word' id='word_1_182' title='bbox 489 2859 670 2923; x_wconf 90' lang='lat' dir='ltr'>secundum</span> <span class='ocrx_word' id='word_1_183' title='bbox 683 2857 870 2942; x_wconf 89' lang='lat' dir='ltr'>spirituales</span> <span class='ocrx_word' id='word_1_184' title='bbox 879 2858 964 2921; x_wconf 89' lang='lat' dir='ltr'>vires</span> <span class='ocrx_word' id='word_1_185' title='bbox 980 2867 1014 2921; x_wconf 91' lang='lat' dir='ltr'>et</span> <span class='ocrx_word' id='word_1_186' title='bbox 1030 2869 1211 2941; x_wconf 87' lang='lat' dir='ltr'>potestates</span> <span class='ocrx_word' id='word_1_187' title='bbox 1222 2858 1403 2924; x_wconf 90' lang='lat' dir='ltr'>literarum.</span> 
     </span>
     <span class='ocr_line' id='line_1_23' title="bbox 255 2962 1404 3043; baseline 0.002 -19"><span class='ocrx_word' id='word_1_188' title='bbox 255 2962 301 3025; x_wconf 90' lang='lat' dir='ltr'>Et</span> <span class='ocrx_word' id='word_1_189' title='bbox 316 2963 436 3026; x_wconf 91' lang='lat' dir='ltr'>deinde</span> <span class='ocrx_word' id='word_1_190' title='bbox 460 3010 467 3025; x_wconf 97' lang='lat'>.</span> <span class='ocrx_word' id='word_1_191' title='bbox 492 3007 499 3022; x_wconf 94' lang='lat'>.</span> <span class='ocrx_word' id='word_1_192' title='bbox 524 3008 532 3024; x_wconf 92' lang='lat'>.</span> <span class='ocrx_word' id='word_1_193' title='bbox 556 3006 564 3023; x_wconf 92' lang='lat'>.</span> <span class='ocrx_word' id='word_1_194' title='bbox 587 2962 746 3026; x_wconf 89' lang='lat' dir='ltr'>ecclesiae</span> <span class='ocrx_word' id='word_1_195' title='bbox 763 2962 904 3026; x_wconf 90' lang='lat' dir='ltr'>Latinae</span> <span class='ocrx_word' id='word_1_196' title='bbox 925 2982 984 3043; x_wconf 92' lang='lat' dir='ltr'>per</span> <span class='ocrx_word' id='word_1_197' title='bbox 1005 2964 1219 3027; x_wconf 89' lang='lat' dir='ltr'>necessitates</span> <span class='ocrx_word' id='word_1_198' title='bbox 1236 2962 1404 3027; x_wconf 89' lang='lat' dir='ltr'>literarum</span> 
     </span>
     <span class='ocr_line' id='line_1_24' title="bbox 254 3065 1405 3150; baseline 0.003 -22"><span class='ocrx_word' id='word_1_199' title='bbox 254 3065 459 3130; x_wconf 88' lang='lat' dir='ltr'>Latinarum.</span> <span class='ocrx_word' id='word_1_200' title='bbox 514 3065 561 3130; x_wconf 92' lang='lat' dir='ltr'>Et</span> <span class='ocrx_word' id='word_1_201' title='bbox 592 3065 772 3130; x_wconf 90' lang='lat' dir='ltr'>consimilis</span> <span class='ocrx_word' id='word_1_202' title='bbox 803 3075 854 3130; x_wconf 93' lang='lat' dir='ltr'>est</span> <span class='ocrx_word' id='word_1_203' title='bbox 884 3067 1106 3130; x_wconf 89' lang='lat' dir='ltr'>consideratio</span> <span class='ocrx_word' id='word_1_204' title='bbox 1139 3087 1238 3150; x_wconf 90' lang='lat' dir='ltr'>super</span> <span class='ocrx_word' id='word_1_205' title='bbox 1268 3068 1405 3132; x_wconf 88' lang='lat' dir='ltr'>ecclesia</span> 
     </span>
     <span class='ocr_line' id='line_1_25' title="bbox 253 3170 1406 3254; baseline 0.001 -20"><span class='ocrx_word' id='word_1_206' title='bbox 253 3170 381 3234; x_wconf 88' lang='lat' dir='ltr'>Graeca</span> <span class='ocrx_word' id='word_1_207' title='bbox 396 3191 456 3252; x_wconf 91' lang='lat' dir='ltr'>per</span> <span class='ocrx_word' id='word_1_208' title='bbox 471 3170 582 3235; x_wconf 88' lang='lat' dir='ltr'>literas</span> <span class='ocrx_word' id='word_1_209' title='bbox 604 3171 655 3234; x_wconf 90' lang='lat' dir='ltr'>sui</span> <span class='ocrx_word' id='word_1_210' title='bbox 677 3170 858 3254; x_wconf 90' lang='lat' dir='ltr'>alphabeti.</span> <span class='ocrx_word' id='word_1_211' title='bbox 906 3170 951 3233; x_wconf 90' lang='lat' dir='ltr'>Et</span> <span class='ocrx_word' id='word_1_212' title='bbox 970 3171 1003 3232; x_wconf 92' lang='lat' dir='ltr'>in</span> <span class='ocrx_word' id='word_1_213' title='bbox 1024 3170 1122 3252; x_wconf 89' lang='lat' dir='ltr'>hujus</span> <span class='ocrx_word' id='word_1_214' title='bbox 1144 3171 1406 3235; x_wconf 89' lang='lat' dir='ltr'>consideratione</span> 
     </span>
     <span class='ocr_line' id='line_1_26' title="bbox 254 3274 1406 3359; baseline 0.001 -22"><span class='ocrx_word' id='word_1_215' title='bbox 254 3274 396 3338; x_wconf 89' lang='lat' dir='ltr'>mirabili</span> <span class='ocrx_word' id='word_1_216' title='bbox 420 3285 572 3358; x_wconf 90' lang='lat' dir='ltr'>tempora</span> <span class='ocrx_word' id='word_1_217' title='bbox 590 3281 759 3356; x_wconf 81' lang='lat' dir='ltr'>Ponuntur</span> <span class='ocrx_word' id='word_1_218' title='bbox 779 3274 961 3359; x_wconf 89' lang='lat' dir='ltr'>secundum</span> <span class='ocrx_word' id='word_1_219' title='bbox 979 3294 1097 3337; x_wconf 93' lang='lat' dir='ltr'>omnes</span> <span class='ocrx_word' id='word_1_220' title='bbox 1112 3285 1220 3338; x_wconf 89' lang='lat' dir='ltr'>status</span> <span class='ocrx_word' id='word_1_221' title='bbox 1237 3275 1406 3338; x_wconf 87' lang='lat' dir='ltr'>Ecclesiae</span> 
     </span>
     <span class='ocr_line' id='line_1_27' title="bbox 254 3378 1406 3461; baseline 0 -20"><span class='ocrx_word' id='word_1_222' title='bbox 254 3399 356 3461; x_wconf 91' lang='lat' dir='ltr'>usque</span> <span class='ocrx_word' id='word_1_223' title='bbox 378 3379 412 3441; x_wconf 93' lang='lat' dir='ltr'>in</span> <span class='ocrx_word' id='word_1_224' title='bbox 434 3379 543 3458; x_wconf 85' lang='lat' dir='ltr'>tinem,</span> <span class='ocrx_word' id='word_1_225' title='bbox 558 3386 593 3442; x_wconf 90' lang='lat' dir='ltr'>et</span> <span class='ocrx_word' id='word_1_226' title='bbox 615 3400 673 3461; x_wconf 91' lang='lat' dir='ltr'>per</span> <span class='ocrx_word' id='word_1_227' title='bbox 688 3389 772 3460; x_wconf 91' lang='lat' dir='ltr'>quot</span> <span class='ocrx_word' id='word_1_228' title='bbox 794 3378 1001 3442; x_wconf 87' lang='lat' dir='ltr'>centenarios</span> <span class='ocrx_word' id='word_1_229' title='bbox 1021 3398 1127 3441; x_wconf 91' lang='lat' dir='ltr'>annos</span> <span class='ocrx_word' id='word_1_230' title='bbox 1149 3378 1284 3442; x_wconf 89' lang='lat' dir='ltr'>durabit</span> <span class='ocrx_word' id='word_1_231' title='bbox 1305 3400 1406 3461; x_wconf 87' lang='lat' dir='ltr'>quae·</span> 
     </span>
     <span class='ocr_line' id='line_1_28' title="bbox 253 3480 1406 3565; baseline -0.002 -19"><span class='ocrx_word' id='word_1_232' title='bbox 253 3483 335 3546; x_wconf 91' lang='lat' dir='ltr'>libet</span> <span class='ocrx_word' id='word_1_233' title='bbox 356 3484 546 3547; x_wconf 90' lang='lat' dir='ltr'>immutatio</span> <span class='ocrx_word' id='word_1_234' title='bbox 567 3503 653 3565; x_wconf 89' lang='lat' dir='ltr'>quae</span> <span class='ocrx_word' id='word_1_235' title='bbox 669 3483 800 3547; x_wconf 92' lang='lat' dir='ltr'>accidet</span> <span class='ocrx_word' id='word_1_236' title='bbox 824 3480 995 3545; x_wconf 88' lang='lat' dir='ltr'>Ecclesiae</span> <span class='ocrx_word' id='word_1_237' title='bbox 1013 3482 1046 3545; x_wconf 92' lang='lat' dir='ltr'>in</span> <span class='ocrx_word' id='word_1_238' title='bbox 1065 3483 1204 3546; x_wconf 90' lang='lat' dir='ltr'>decursu</span> <span class='ocrx_word' id='word_1_239' title='bbox 1221 3503 1291 3557; x_wconf 88' lang='lat' dir='ltr'>suo,</span> <span class='ocrx_word' id='word_1_240' title='bbox 1307 3483 1360 3545; x_wconf 88' lang='lat' dir='ltr'>cui</span> <span class='ocrx_word' id='word_1_241' title='bbox 1378 3482 1406 3545; x_wconf 91' lang='lat' dir='ltr'>si</span> 
     </span>
     <span class='ocr_line' id='line_1_29' title="bbox 253 3586 1406 3672; baseline 0.001 -23"><span class='ocrx_word' id='word_1_242' title='bbox 253 3586 444 3671; x_wconf 88' lang='lat' dir='ltr'>prophetias</span> <span class='ocrx_word' id='word_1_243' title='bbox 460 3596 494 3651; x_wconf 89' lang='lat' dir='ltr'>et</span> <span class='ocrx_word' id='word_1_244' title='bbox 515 3589 709 3652; x_wconf 82' lang='lat' dir='ltr'>testimonia</span> <span class='ocrx_word' id='word_1_245' title='bbox 724 3588 826 3672; x_wconf 88' lang='lat' dir='ltr'>digna</span> <span class='ocrx_word' id='word_1_246' title='bbox 848 3596 1054 3649; x_wconf 89' lang='lat' dir='ltr'>necteremus</span> <span class='ocrx_word' id='word_1_247' title='bbox 1077 3606 1249 3668; x_wconf 90' lang='lat' dir='ltr'>possemus</span> <span class='ocrx_word' id='word_1_248' title='bbox 1266 3608 1325 3667; x_wconf 90' lang='lat' dir='ltr'>per</span> <span class='ocrx_word' id='word_1_249' title='bbox 1341 3586 1406 3650; x_wconf 92' lang='lat' dir='ltr'>Dei</span> 
     </span>
     <span class='ocr_line' id='line_1_30' title="bbox 253 3689 1407 3774; baseline 0.001 -21"><span class='ocrx_word' id='word_1_250' title='bbox 253 3692 393 3773; x_wconf 89' lang='lat' dir='ltr'>gratiam</span> <span class='ocrx_word' id='word_1_251' title='bbox 416 3691 616 3773; x_wconf 88' lang='lat' dir='ltr'>praesentire</span> <span class='ocrx_word' id='word_1_252' title='bbox 635 3693 761 3756; x_wconf 91' lang='lat' dir='ltr'>utiliter</span> <span class='ocrx_word' id='word_1_253' title='bbox 784 3713 824 3755; x_wconf 93' lang='lat' dir='ltr'>ea</span> <span class='ocrx_word' id='word_1_254' title='bbox 844 3712 931 3774; x_wconf 91' lang='lat' dir='ltr'>quae</span> <span class='ocrx_word' id='word_1_255' title='bbox 951 3689 1103 3753; x_wconf 90' lang='lat' dir='ltr'>Ecclesia</span> <span class='ocrx_word' id='word_1_256' title='bbox 1125 3691 1260 3772; x_wconf 91' lang='lat' dir='ltr'>recipiet</span> <span class='ocrx_word' id='word_1_257' title='bbox 1282 3701 1352 3755; x_wconf 92' lang='lat' dir='ltr'>tam</span> <span class='ocrx_word' id='word_1_258' title='bbox 1373 3693 1407 3755; x_wconf 93' lang='lat' dir='ltr'>in</span> 
     </span>
     <span class='ocr_line' id='line_1_31' title="bbox 253 3794 1407 3877; baseline 0.003 -22"><span class='ocrx_word' id='word_1_259' title='bbox 253 3795 419 3877; x_wconf 87' lang='lat' dir='ltr'>prosperis</span> <span class='ocrx_word' id='word_1_260' title='bbox 429 3815 529 3877; x_wconf 90' lang='lat' dir='ltr'>quam</span> <span class='ocrx_word' id='word_1_261' title='bbox 541 3796 573 3857; x_wconf 93' lang='lat' dir='ltr'>in</span> <span class='ocrx_word' id='word_1_262' title='bbox 587 3796 743 3858; x_wconf 90' lang='lat' dir='ltr'>adversis.</span> <span class='ocrx_word' id='word_1_263' title='bbox 783 3794 829 3858; x_wconf 90' lang='lat' dir='ltr'>Et</span> <span class='ocrx_word' id='word_1_264' title='bbox 845 3796 921 3858; x_wconf 91' lang='lat' dir='ltr'>ideo</span> <span class='ocrx_word' id='word_1_265' title='bbox 933 3795 979 3857; x_wconf 93' lang='lat' dir='ltr'>nil</span> <span class='ocrx_word' id='word_1_266' title='bbox 993 3794 1105 3857; x_wconf 88' lang='lat' dir='ltr'>utilius</span> <span class='ocrx_word' id='word_1_267' title='bbox 1117 3803 1203 3858; x_wconf 89' lang='lat' dir='ltr'>esset</span> <span class='ocrx_word' id='word_1_268' title='bbox 1215 3794 1313 3876; x_wconf 86' lang='lat' dir='ltr'>hujus</span> <span class='ocrx_word' id='word_1_269' title='bbox 1324 3795 1407 3859; x_wconf 92' lang='lat' dir='ltr'>veri-</span> 
     </span>
     <span class='ocr_line' id='line_1_32' title="bbox 253 3897 1407 3963; baseline 0.002 -3"><span class='ocrx_word' id='word_1_270' title='bbox 253 3899 331 3962; x_wconf 89' lang='lat' dir='ltr'>tatis</span> <span class='ocrx_word' id='word_1_271' title='bbox 353 3897 520 3963; x_wconf 90' lang='lat' dir='ltr'>literarum</span> <span class='ocrx_word' id='word_1_272' title='bbox 539 3900 804 3963; x_wconf 89' lang='lat' dir='ltr'>consideratione</span> <span class='ocrx_word' id='word_1_273' title='bbox 822 3911 857 3962; x_wconf 90' lang='lat' dir='ltr'>et</span> <span class='ocrx_word' id='word_1_274' title='bbox 879 3898 953 3963; x_wconf 91' lang='lat' dir='ltr'>aliis</span> <span class='ocrx_word' id='word_1_275' title='bbox 975 3899 1292 3963; x_wconf 89' lang='lat' dir='ltr'>considerationibus</span> <span class='ocrx_word' id='word_1_276' title='bbox 1315 3901 1407 3963; x_wconf 91' lang='lat' dir='ltr'>simi-</span> 
     </span>
     <span class='ocr_line' id='line_1_33' title="bbox 254 4000 1409 4068; baseline 0.003 -4"><span class='ocrx_word' id='word_1_277' title='bbox 254 4000 347 4065; x_wconf 88' lang='lat' dir='ltr'>libus.</span> <span class='ocrx_word' id='word_1_278' title='bbox 386 4003 476 4065; x_wconf 90' lang='lat' dir='ltr'>Nam</span> <span class='ocrx_word' id='word_1_279' title='bbox 493 4004 536 4067; x_wconf 90' lang='lat' dir='ltr'>ad</span> <span class='ocrx_word' id='word_1_280' title='bbox 552 4002 822 4067; x_wconf 88' lang='lat' dir='ltr'>certificationem</span> <span class='ocrx_word' id='word_1_281' title='bbox 843 4002 960 4065; x_wconf 90' lang='lat' dir='ltr'>harum</span> <span class='ocrx_word' id='word_1_282' title='bbox 981 4022 1088 4065; x_wconf 90' lang='lat' dir='ltr'>rerum</span> <span class='ocrx_word' id='word_1_283' title='bbox 1112 4002 1235 4066; x_wconf 89' lang='lat' dir='ltr'>multae</span> <span class='ocrx_word' id='word_1_284' title='bbox 1251 4004 1409 4068; x_wconf 88' lang='lat' dir='ltr'>materiae</span> 
     </span>
     <span class='ocr_line' id='line_1_34' title="bbox 257 4106 1408 4189; baseline 0.003 -22"><span class='ocrx_word' id='word_1_285' title='bbox 257 4106 474 4188; x_wconf 91' lang='lat' dir='ltr'>requiruntur,</span> <span class='ocrx_word' id='word_1_286' title='bbox 495 4127 634 4189; x_wconf 87' lang='lat' dir='ltr'>quarum</span> <span class='ocrx_word' id='word_1_287' title='bbox 653 4106 772 4170; x_wconf 89' lang='lat' dir='ltr'>saltem</span> <span class='ocrx_word' id='word_1_288' title='bbox 798 4127 862 4170; x_wconf 91' lang='lat' dir='ltr'>una</span> <span class='ocrx_word' id='word_1_289' title='bbox 883 4127 949 4169; x_wconf 92' lang='lat' dir='ltr'>non</span> <span class='ocrx_word' id='word_1_290' title='bbox 973 4106 1127 4188; x_wconf 90' lang='lat' dir='ltr'>ignobilis</span> <span class='ocrx_word' id='word_1_291' title='bbox 1147 4117 1197 4170; x_wconf 90' lang='lat' dir='ltr'>est</span> <span class='ocrx_word' id='word_1_292' title='bbox 1218 4127 1276 4189; x_wconf 91' lang='lat' dir='ltr'>per</span> <span class='ocrx_word' id='word_1_293' title='bbox 1298 4109 1408 4171; x_wconf 89' lang='lat' dir='ltr'>literas</span> 
     </span>
     <span class='ocr_line' id='line_1_35' title="bbox 253 4208 1409 4292; baseline 0.003 -20"><span class='ocrx_word' id='word_1_294' title='bbox 253 4208 439 4292; x_wconf 89' lang='lat' dir='ltr'>linguarum</span> <span class='ocrx_word' id='word_1_295' title='bbox 453 4212 662 4274; x_wconf 90' lang='lat' dir='ltr'>diversarum.</span> <span class='ocrx_word' id='word_1_296' title='bbox 699 4211 744 4274; x_wconf 90' lang='lat' dir='ltr'>Et</span> <span class='ocrx_word' id='word_1_297' title='bbox 756 4231 885 4292; x_wconf 89' lang='lat' dir='ltr'>nequeo</span> <span class='ocrx_word' id='word_1_298' title='bbox 901 4211 980 4273; x_wconf 88' lang='lat' dir='ltr'>satis</span> <span class='ocrx_word' id='word_1_299' title='bbox 995 4210 1151 4274; x_wconf 87' lang='lat' dir='ltr'>admirari</span> <span class='ocrx_word' id='word_1_300' title='bbox 1170 4231 1244 4274; x_wconf 89' lang='lat' dir='ltr'>cum</span> <span class='ocrx_word' id='word_1_301' title='bbox 1257 4213 1409 4276; x_wconf 90' lang='lat' dir='ltr'>videatur</span> 
     </span>
     <span class='ocr_line' id='line_1_36' title="bbox 253 4311 1408 4396; baseline 0.001 -21"><span class='ocrx_word' id='word_1_302' title='bbox 253 4311 435 4395; x_wconf 87' lang='lat' dir='ltr'>inexpertis</span> <span class='ocrx_word' id='word_1_303' title='bbox 456 4314 578 4378; x_wconf 88' lang='lat' dir='ltr'>habere</span> <span class='ocrx_word' id='word_1_304' title='bbox 603 4314 711 4378; x_wconf 89' lang='lat' dir='ltr'>debile</span> <span class='ocrx_word' id='word_1_305' title='bbox 734 4313 996 4390; x_wconf 78' lang='lat' dir='ltr'>fundamentum,</span> <span class='ocrx_word' id='word_1_306' title='bbox 1012 4313 1136 4377; x_wconf 92' lang='lat' dir='ltr'>scilicet</span> <span class='ocrx_word' id='word_1_307' title='bbox 1158 4312 1271 4378; x_wconf 87' lang='lat' dir='ltr'>literas</span> <span class='ocrx_word' id='word_1_308' title='bbox 1293 4315 1408 4396; x_wconf 89' lang='lat' dir='ltr'>alpha-</span> 
     </span>
     <span class='ocr_line' id='line_1_37' title="bbox 254 4416 1407 4501; baseline 0 -21"><span class='ocrx_word' id='word_1_309' title='bbox 254 4416 322 4481; x_wconf 90' lang='lat' dir='ltr'>beti</span> <span class='ocrx_word' id='word_1_310' title='bbox 356 4438 442 4501; x_wconf 90' lang='lat' dir='ltr'>quae</span> <span class='ocrx_word' id='word_1_311' title='bbox 468 4428 547 4481; x_wconf 93' lang='lat' dir='ltr'>sunt</span> <span class='ocrx_word' id='word_1_312' title='bbox 572 4419 680 4501; x_wconf 91' lang='lat' dir='ltr'>prima</span> <span class='ocrx_word' id='word_1_313' title='bbox 712 4437 888 4501; x_wconf 90' lang='lat' dir='ltr'>puerorum</span> <span class='ocrx_word' id='word_1_314' title='bbox 914 4419 1112 4495; x_wconf 91' lang='lat' dir='ltr'>rudimenta,</span> <span class='ocrx_word' id='word_1_315' title='bbox 1139 4420 1198 4482; x_wconf 91' lang='lat' dir='ltr'>sed</span> <span class='ocrx_word' id='word_1_316' title='bbox 1226 4421 1407 4482; x_wconf 87' lang='lat' dir='ltr'>secundum</span> 
     </span>
     <span class='ocr_line' id='line_1_38' title="bbox 254 4521 1407 4604; baseline -0.002 -19"><span class='ocrx_word' id='word_1_317' title='bbox 254 4523 489 4585; x_wconf 90' lang='lat' dir='ltr'>documentum</span> <span class='ocrx_word' id='word_1_318' title='bbox 506 4522 650 4604; x_wconf 90' lang='lat' dir='ltr'>apostoli</span> <span class='ocrx_word' id='word_1_319' title='bbox 666 4542 802 4585; x_wconf 91' lang='lat' dir='ltr'>munera</span> <span class='ocrx_word' id='word_1_320' title='bbox 817 4533 894 4585; x_wconf 91' lang='lat' dir='ltr'>sunt</span> <span class='ocrx_word' id='word_1_321' title='bbox 911 4523 1016 4604; x_wconf 87' lang='lat' dir='ltr'>magis</span> <span class='ocrx_word' id='word_1_322' title='bbox 1040 4523 1221 4586; x_wconf 88' lang='lat' dir='ltr'>necessaria</span> <span class='ocrx_word' id='word_1_323' title='bbox 1237 4531 1271 4584; x_wconf 92' lang='lat' dir='ltr'>et</span> <span class='ocrx_word' id='word_1_324' title='bbox 1291 4521 1407 4600; x_wconf 87' lang='lat' dir='ltr'>majori</span> 
     </span>
    </p>
   </div>
   <div class='ocr_carea' id='block_1_4' title="bbox 255 4624 1408 4710">
    <p class='ocr_par' dir='ltr' id='par_1_9' title="bbox 255 4624 1408 4710">
     <span class='ocr_line' id='line_1_39' title="bbox 255 4624 1408 4710; baseline 0.003 -23"><span class='ocrx_word' id='word_1_325' title='bbox 255 4624 380 4690; x_wconf 89' lang='lat' dir='ltr'>honore</span> <span class='ocrx_word' id='word_1_326' title='bbox 401 4627 647 4692; x_wconf 85' lang='lat' dir='ltr'>circumdanda.</span> <span class='ocrx_word' id='word_1_327' title='bbox 693 4626 738 4691; x_wconf 90' lang='lat' dir='ltr'>Et</span> <span class='ocrx_word' id='word_1_328' title='bbox 761 4627 846 4692; x_wconf 89' lang='lat' dir='ltr'>sicut</span> <span class='ocrx_word' id='word_1_329' title='bbox 866 4627 958 4692; x_wconf 91' lang='lat' dir='ltr'>Deus</span> <span class='ocrx_word' id='word_1_330' title='bbox 976 4627 1077 4710; x_wconf 88' lang='lat' dir='ltr'>elegit</span> <span class='ocrx_word' id='word_1_331' title='bbox 1100 4625 1231 4690; x_wconf 81' lang='lat' dir='ltr'>infirma</span> <span class='ocrx_word' id='word_1_332' title='bbox 1250 4636 1288 4690; x_wconf 91' lang='lat' dir='ltr'>ut</span> <span class='ocrx_word' id='word_1_333' title='bbox 1311 4625 1408 4690; x_wconf 86' lang='lat' dir='ltr'>sortia</span> 
     </span>
    </p>
   </div>
   <div class='ocr_carea' id='block_1_5' title="bbox 0 0 1797 5375">
    <p class='ocr_par' dir='ltr' id='par_1_10' title="bbox 0 0 1797 5375">
     <span class='ocr_line' id='line_1_40' title="bbox 0 0 1797 5375; baseline 0 0"><span class='ocrx_word' id='word_1_334' title='bbox 0 0 1797 5375; x_wconf 95' lang='lat' dir='ltr'> </span> 
     </span>
    </p>
   </div>
  </div>
 </body>
</html>
