3575 5375
646 635 815 695 CAUSAE
838 636 1037 695 ERRORIS.
1378 652 1413 694 11

266 806 379 888 recipit
394 804 591 889 languidum
607 816 640 870 et
658 806 834 885 infirmum,
850 809 940 889 quod
963 808 1126 872 erroribus
1144 818 1178 871 et
1196 808 1341 891 proclive
1364 816 1415 871 est

264 920 298 973 et
309 920 426 974 auctor
437 911 695 993 imperfectionis
708 910 802 992 cujus
812 921 894 975 nutu
908 913 1041 977 ducitur
1051 913 1084 975 in
1100 932 1236 976 omnem
1249 922 1415 977 eventum.

266 1014 311 1078 Et
328 1016 403 1079 ideo
414 1010 533 1099 vulgus
544 1016 733 1097 imperitum
746 1036 915 1098 nunquam
929 1017 972 1081 ad
983 1018 1217 1099 perfectionem
1231 1018 1415 1100 sapientiae

264 1128 375 1202 potest
397 1119 582 1197 ascendere,
605 1140 682 1182 narn
706 1121 809 1185 nescit
831 1121 879 1183 uti
904 1122 1002 1184 rebus
1024 1120 1246 1203 dignissimis:
1276 1142 1360 1203 quas
1386 1121 1414 1185 si

263 1221 443 1305 aliquando
464 1243 541 1287 casu
556 1224 730 1307 contingat
752 1225 863 1288 omnia
884 1225 918 1287 in
942 1222 1067 1287 malum
1088 1224 1260 1299 convertit,
1281 1234 1316 1287 et
1338 1225 1415 1288 ideo

260 1326 353 1408 justo
371 1328 436 1390 Dei
451 1327 588 1391 consilio
604 1337 745 1411 negatae
759 1338 835 1392 sunt
854 1330 885 1391 ei
903 1328 976 1393 viae
997 1329 1215 1410 perfectionis,
1230 1338 1265 1391 et
1285 1329 1413 1412 optime

263 1450 376 1494 secum
405 1430 514 1514 agitur
542 1432 678 1513 quando
709 1432 912 1514 permittitur
944 1452 1011 1496 non
1042 1452 1159 1495 errare.
1205 1432 1293 1495 Nam
1318 1454 1413 1495 suum

263 1556 384 1598 nomen
407 1536 553 1601 ostendit
575 1537 688 1600 omnia
709 1557 795 1618 quae
824 1538 997 1619 praedicta
1018 1547 1107 1613 sunt,
1129 1547 1164 1602 et
1185 1540 1276 1621 apud
1298 1557 1415 1601 omnes

263 1650 416 1703 auctores
428 1649 566 1704 vocatur
579 1638 697 1723 vulgus
711 1641 901 1722 imperitum
918 1639 969 1705 vel
983 1643 1197 1706 insensatum.
1246 1642 1415 1724 Imperitia

262 1763 342 1807 vero
364 1744 397 1805 in
419 1764 530 1807 errore
551 1754 585 1808 et
608 1745 641 1807 in
671 1744 921 1829 imperfectione
951 1747 1112 1823 consistit,
1142 1754 1176 1809 et
1209 1745 1284 1809 ideo
1313 1745 1415 1829 vulgo

264 1846 435 1911 familiaris
457 1857 508 1912 est
529 1868 620 1911 error
641 1859 676 1912 et
699 1849 914 1932 imperfectio
962 1848 1052 1912 Nam
1076 1847 1173 1912 multi
1197 1859 1273 1913 sunt
1296 1849 1414 1924 vocati,

262 1952 360 2034 pauci
375 1972 454 2014 vero
468 1951 566 2015 electi
581 1952 624 2015 ad
642 1952 792 2015 veritatis
809 1952 941 2017 divinae
960 1953 1195 2036 receptionem,
1210 1960 1244 2015 et
1264 1951 1414 2016 similiter
1429 1960 1433 1967 '

263 2055 521 2138 philosophicae.
567 2055 679 2139 Quare
695 2055 916 2139 Philosophus
937 2058 1017 2120 dicit
1036 2058 1183 2120 secundo
1201 2057 1414 2139 Topicorum,

263 2161 354 2243 quod
369 2161 579 2223 sentiendum
595 2170 697 2224 estut
713 2162 820 2244 pauci,
835 2162 913 2225 licet
933 2160 1137 2242 loquendum
1163 2161 1207 2225 sit
1231 2171 1268 2224 ut
1283 2160 1413 2242 plures;

263 2265 341 2347 quia
363 2266 539 2328 stultitiam
560 2266 652 2349 vulgi
681 2267 859 2348 aliquando
889 2266 1045 2329 simulare
1076 2266 1252 2348 prudentia
1282 2285 1414 2328 summa

263 2370 464 2447 aestimatur,
480 2370 656 2452 praecipue
670 2390 745 2432 cum
765 2380 816 2434 est
831 2371 864 2433 in
881 2371 989 2433 furore
1003 2390 1073 2433 suo.
1119 2370 1176 2433 Ex
1191 2370 1243 2434 his
1260 2369 1414 2433 omnibus

264 2473 429 2556 colligitur
442 2475 571 2538 malitia
586 2485 621 2538 et
633 2475 777 2539 stultitia
792 2475 911 2539 horum
926 2476 1027 2538 trIum
1047 2484 1080 2539 et
1102 2475 1261 2538 damnum
1277 2473 1414 2537 humani

262 2579 393 2660 generis
408 2578 583 2653 infinitum,
598 2589 632 2643 et
649 2580 724 2643 ideo
737 2590 892 2662 suspecta
907 2589 984 2643 sunt
999 2580 1032 2642 in
1048 2579 1140 2643 omni
1162 2598 1270 2651 causa,
1287 2598 1347 2642 nec
1365 2589 1414 2641 est

263 2684 310 2748 eis
333 2682 587 2748 confidendum:
623 2695 657 2748 et
687 2684 834 2749 maxime
854 2683 946 2768 vulgi
968 2705 1083 2748 sensus
1112 2693 1162 2748 est
1193 2681 1413 2768 negligendus

263 2799 398 2872 propter
420 2790 526 2852 dictas
545 2788 707 2871 speciales
730 2790 880 2868 rationes,
898 2811 966 2854 non
984 2791 1063 2872 quia
1085 2789 1266 2872 aliquando
1291 2789 1414 2852 cadant

195 2963 202 2974 ⁴
262 2912 361 2974 supra
385 2913 473 2970 vera,
495 2893 554 2956 sed
586 2895 664 2976 quia
686 2903 723 2957 ut
747 2895 780 2957 in
804 2894 954 2978 pluribus
983 2893 1073 2958 falsis
1102 2891 1320 2975 implicantur.
1367 2892 1414 2954 Et

262 2998 426 3074 rarissime
456 2998 651 3079 exemplum
687 3009 722 3063 et
760 3000 967 3063 consuetudo
1003 2998 1241 3081 perfectionem
1278 2997 1412 3074 habent,

262 3101 381 3184 vulgus
398 3110 511 3165 autem
534 3121 705 3184 nunquam
729 3103 886 3186 pertingit
910 3103 953 3167 ad
977 3121 1062 3180 eam,
1081 3111 1119 3165 ut
1142 3102 1231 3184 prius
1252 3099 1412 3182 explana·

264 3213 336 3268 turn
351 3215 412 3269 est.

696 3386 921 3452 Cnurrucuu
945 3387 986 3450 V.

306 3525 479 3590 Munimen
505 3545 586 3590 vero
613 3525 657 3588 ad
683 3524 908 3589 defensionem
939 3534 1052 3588 contra
1081 3523 1164 3588 haec
1192 3523 1315 3587 habere
1344 3543 1412 3587 non
1426 3539 1526 3589 werre

260 3651 437 3715 possumus
458 3630 521 3693 nisi
544 3631 704 3694 mandata
726 3640 761 3693 et
779 3629 918 3693 consilia
936 3629 1001 3693 Dei
1020 3649 1058 3693 ac
1075 3628 1257 3712 scripturae
1275 3647 1355 3692 suae
1376 3639 1411 3691 et
1423 3605 1523 3736 {252²ss

261 3735 350 3816 Juris
386 3733 555 3812 Canonici,
582 3745 770 3799 sanctorum
808 3744 843 3798 et
879 3731 1151 3819 philosophorum
1188 3744 1224 3799 et
1260 3733 1408 3798 omnium
1422 3737 1490 3814 them
1503 3738 1536 3800 br

211 3849 214 3854 '
261 3841 447 3921 sapientum
476 3839 696 3921 antiquorum,
724 3856 912 3922 sequamur.
969 3838 1015 3903 Et
1044 3837 1070 3902 si
1099 3836 1150 3902 his
1180 3838 1346 3902 mandatis
1376 3846 1410 3900 et
1422 3803 1571 3930 {fiffpffi
1623 3854 1630 3867 ·

260 3943 405 4008 consiliis
435 3943 685 4019 adhaereamus,
705 3963 772 4007 non
805 3962 982 4026 possumus
1017 3963 1133 4018 errare,
1161 3963 1221 4007 nec
1251 3941 1413 4006 debemus
1424 3934 1529 4050 Wslffffl

261 4049 295 4112 in
323 4048 436 4131 aliquo
465 4048 642 4133 reprobari
699 4047 739 4110 In
769 4048 947 4131 praedictis
974 4047 1075 4129 igitur
1096 4067 1155 4130 per
1177 4046 1411 4130 philosophum
1423 4016 1541 4117 luciolis

261 4153 484 4236 principaliter
512 4153 692 4236 allegatum
724 4163 776 4216 est
801 4153 976 4216 ostendere
1002 4153 1119 4215 horum
1150 4152 1347 4233 pravitatem
1378 4161 1413 4215 et

260 4257 445 4335 stultitiam,
461 4267 596 4341 propter
609 4276 694 4339 quas
708 4257 780 4338 ipsa
795 4276 969 4340 possemus
983 4266 1017 4322 et
1032 4255 1193 4321 debemus
1208 4256 1340 4333 evitare,
1352 4257 1413 4319 sed

261 4371 395 4446 propter
411 4381 527 4426 causas
545 4363 730 4444 assignatas
751 4361 794 4424 de
814 4361 1006 4425 inducendis
1027 4360 1298 4446 philosophorum
1322 4361 1414 4424 testi·

262 4467 381 4531 moniis
403 4467 477 4530 silui
501 4464 568 4531 fere
590 4467 624 4530 in
645 4465 739 4543 aliis3
764 4485 852 4530 nunc
873 4475 985 4530 autem
1009 4485 1145 4550 possum
1170 4465 1313 4528 invenire
1335 4483 1413 4527 con-

260 4571 381 4638 similia
412 4572 613 4650 testimonia,
637 4572 671 4634 in
699 4571 821 4652 quibus
850 4569 1025 4635 consilium
1054 4568 1107 4635 vel
1143 4570 1337 4633 mandatum
1371 4568 1414 4631 de

261 4676 430 4740 obviando
460 4676 533 4740 istis
563 4676 752 4759 expressius
779 4675 931 4740 habetur.
992 4674 1118 4740 Contra
1150 4675 1250 4756 igitur
1279 4692 1421 4746 sensum
