3575 5375
374 622 433 684 118
584 623 739 682 opums
764 619 952 692 MAJORIS
976 618 1091 678 Pras
1116 604 1302 692 Qunam.

372 786 463 870 quod
489 783 601 850 lumen
627 785 752 848 intrans
782 803 842 868 per
872 803 1030 866 magnum
1061 781 1209 845 foramen
1239 778 1442 863 triangulare
1471 778 1523 842 vel

373 891 509 955 alterius
532 888 731 973 polygoniae
754 888 887 973 figurae,
904 908 971 951 non
994 887 1084 951 cadit
1106 885 1287 969 sphaerice,
1306 885 1365 948 sed
1390 886 1525 966 quando

373 995 476 1058 intrat
499 1014 557 1076 per
578 1014 717 1077 parvum
741 992 913 1069 loramen3
934 991 1112 1055 dicendum
1130 999 1191 1069 est,
1207 990 1296 1072 quod
1313 989 1418 1053 latera
1434 988 1525 1071 parvi

374 1101 545 1166 foraminis
559 1119 677 1182 parum
693 1101 828 1175 distant,
845 1109 879 1164 et
900 1099 977 1162 ideo
995 1097 1055 1160 lux
1074 1097 1106 1159 in
1126 1116 1227 1179 parva
1242 1096 1399 1160 distantia
1415 1104 1527 1179 potest

374 1205 513 1289 figuram
540 1225 634 1268 suam
661 1223 862 1288 recuperare,
890 1203 950 1266 sed
981 1201 1117 1285 quando
1147 1201 1266 1264 transit
1296 1220 1356 1284 per
1385 1198 1526 1282 figuram

376 1329 543 1392 magnam,
567 1329 633 1372 non
664 1318 774 1391 potest
802 1309 849 1372 ita
880 1311 922 1372 de
953 1307 1051 1383 facili,
1075 1306 1135 1369 sed
1166 1306 1200 1368 in
1229 1304 1340 1387 aliqua
1370 1304 1527 1367 distantia

375 1412 559 1489 sufficienti,
574 1413 600 1476 si
617 1411 791 1477 obstacula
805 1421 1049 1476 amoverentur.
1099 1409 1200 1492 Quod
1224 1418 1318 1492 patet
1338 1429 1397 1490 per
1414 1408 1472 1471 xiv
1493 1415 1528 1470 et

376 1539 423 1581 xv
438 1517 535 1600 primi
551 1515 790 1580 elementorum
809 1516 968 1592 Euclidis,
984 1526 1020 1579 ut
1037 1513 1184 1578 ostendit
1201 1512 1315 1595 figura.

802 1745 1101 2147 lt

907 2257 967 2309 Fre.
982 2271 1005 2320 3.

422 2381 511 2446 Nam
527 2379 700 2444 trahantur
716 2377 798 2442 radii
817 2375 861 2440 ab
877 2377 1108 2442 intersectione
1124 2388 1285 2460 quantum
1302 2390 1353 2444 est
1371 2380 1414 2444 ab
1432 2379 1531 2443 inter-

378 2487 525 2551 sectione
547 2485 589 2549 ad
611 2481 726 2559 solem,
742 2489 874 2566 oportet
897 2501 958 2563 per
979 2482 1086 2546 dictas
1109 2483 1352 2565 propositiones
1376 2495 1413 2547 ut
1435 2485 1532 2548 bases

380 2589 622 2674 triangulorum
652 2589 719 2652 sint
749 2585 914 2670 aequales.
960 2585 1028 2650 Sed
1054 2584 1131 2649 illae
1154 2585 1251 2650 bases
1275 2597 1352 2652 sunt
1378 2587 1532 2652 diametri

380 2694 552 2758 luminum.
609 2693 701 2776 Ergo
731 2700 863 2775 oportet
886 2692 930 2755 ad
953 2691 1069 2767 minus,
1092 2701 1129 2756 ut
1156 2692 1317 2757 diameter
1342 2693 1463 2775 speciei
1489 2694 1533 2756 sit

381 2798 527 2879 aequalis
547 2798 711 2862 diametro
730 2796 810 2860 solis
830 2796 863 2859 in
884 2795 996 2877 aliqua
1011 2796 1180 2872 distantia,
1195 2805 1228 2861 et
1251 2816 1310 2881 per
1329 2817 1532 2880 consequens

381 2901 615 2983 multiplicatio
627 2902 689 2964 erit
701 2900 872 2982 sphaerica
887 2900 1042 2982 aequalis,
1052 2910 1086 2964 et
1098 2909 1209 2983 potest
1221 2902 1339 2965 variari
1351 2901 1532 2965 secundum

382 3007 606 3072 diversitatem
645 3006 831 3083 distantiae,
864 3006 922 3069 sed
961 3024 1091 3086 semper
1127 3004 1309 3087 sphaerice.
1377 3005 1450 3068 Nec
1482 3016 1534 3071 est

383 3111 540 3174 instantia
563 3112 606 3173 de
628 3109 701 3173 luce
724 3109 817 3192 ignis,
840 3129 928 3191 quae
951 3109 1101 3172 aseendit
1125 3110 1156 3172 in
1185 3109 1291 3192 figura
1316 3110 1533 3193 pyramidali:

383 3216 461 3299 quia
485 3213 567 3279 haec
590 3234 656 3277 non
679 3224 730 3278 est
754 3210 984 3297 multiplicatio
1007 3233 1050 3276 ex
1074 3214 1206 3297 propria
1228 3224 1346 3279 natura
1368 3213 1461 3293 luciS,
1476 3215 1534 3279 sed

383 3328 434 3384 est
456 3328 594 3404 propter
616 3326 744 3382 motum
768 3318 916 3399 corporis
939 3318 1041 3401 ipsius
1064 3318 1158 3400 ignis,
1180 3317 1273 3400 cujus
1301 3319 1455 3383 accidens
1483 3330 1535 3383 est

383 3424 454 3501 lux,
478 3433 512 3486 et
541 3423 694 3487 accidens
716 3421 819 3486 lertur
848 3424 1030 3485 secundum
1054 3433 1183 3486 motum
1206 3424 1256 3485 sui
1278 3422 1428 3505 subjecti,
1450 3424 1536 3488 sicut

384 3528 444 3591 lux
475 3527 553 3592 solis
583 3528 618 3590 in
647 3524 727 3591 sole·
781 3524 1036 3608 Pyramidaliter
1072 3547 1151 3591 vero
1181 3526 1291 3609 ignem
1323 3547 1455 3592 necesse
1485 3539 1537 3593 est

384 3632 569 3710 ascendere,
594 3630 751 3713 quoniam
782 3640 894 3712 partes
925 3630 1097 3695 interiores
1127 3650 1258 3714 semper
1288 3631 1487 3716 elongantur
1516 3653 1537 3696 a

383 3736 503 3820 frigido
525 3734 762 3809 circumstanti,
792 3746 826 3799 et
860 3736 936 3798 ideo
971 3735 1081 3798 minus
1117 3736 1343 3817 impediuntur
1372 3747 1406 3799 et
1440 3735 1537 3801 citius

384 3840 570 3924 expediunt
581 3859 618 3902 se
632 3858 733 3921 quarn
751 3838 940 3915 exteriores,
953 3849 987 3902 et
1003 3849 1138 3922 propter
1153 3840 1219 3904 hoc
1230 3840 1330 3904 altius
1345 3840 1537 3918 ascendunt,

386 3955 421 4010 et
432 3953 584 4009 caeterae
593 3952 720 4025 quanto
732 3943 771 4005 iis
783 3943 1043 4026 propinquiores,
1051 3953 1146 4008 tanto
1158 3944 1255 4008 citius
1263 3964 1334 4008 sese
1344 3946 1538 4027 expediunt,

385 4054 421 4109 et
453 4044 622 4125 applicant
659 4062 695 4107 se
733 4042 952 4120 interioribus,
981 4040 1226 4125 aliquantulum
1263 4042 1457 4108 deficientes
1494 4044 1539 4107 ab

386 4148 578 4213 intimarum
598 4147 782 4225 altitudine,
799 4158 833 4211 et
853 4147 900 4211 sic
914 4148 1079 4230 gradatim
1096 4169 1155 4232 per
1175 4149 1324 4212 ordinem
1344 4149 1540 4214 remotiores

387 4253 497 4316 minus
513 4250 713 4329 exaltantur,
724 4252 802 4333 quia
818 4252 925 4334 magis
941 4252 1168 4334 impediuntur
1182 4274 1202 4315 a
1217 4254 1383 4316 contrario
1398 4254 1538 4316 circum·

387 4356 511 4436 stanti;
549 4366 583 4421 et
606 4356 683 4420 ideo
712 4364 846 4437 oportet
868 4357 958 4438 quod
990 4358 1137 4440 pyramis
1175 4367 1359 4421 enascatur.
1405 4357 1473 4422 Sed
1506 4358 1539 4421 in

387 4460 528 4545 sphaera
552 4469 692 4545 possunt
717 4479 834 4524 omnes
857 4458 982 4543 figurae
998 4462 1163 4542 regulares
1180 4461 1320 4541 inscribi,
1335 4471 1373 4526 ut
1388 4472 1480 4545 patet
1495 4482 1540 4524 ex

386 4566 448 4629 xiii
463 4564 547 4629 libro
563 4564 803 4628 elementorum
822 4564 983 4643 Euclidis,
999 4567 1082 4629 inter
1097 4586 1181 4649 quas
1198 4586 1262 4628 una
1277 4576 1328 4631 est
1344 4567 1502 4649 pyramis.

431 4668 478 4734 Et
500 4668 576 4733 licet
596 4668 667 4753 jam
691 4671 872 4734 secundum
894 4671 1058 4733 rationem
1079 4670 1300 4754 inscriptionis
1320 4671 1542 4753 geometricae
