3575 5375
419 667 771 728 MATHEMATICAE
789 668 841 727 IN
862 667 1067 728 PHYSICIS
1094 668 1300 728 UTILITAS.
1378 683 1434 745 171

285 829 377 898 Sicut
399 833 535 916 quando
559 835 627 898 duo
652 836 799 918 pondera
823 833 1010 917 inaequalia
1034 843 1202 917 ponuntur
1225 835 1258 898 in
1283 833 1435 913 brachiis,

281 935 395 1001 statim
420 938 579 1002 recedunt
601 958 621 1002 a
643 938 709 1004 situ
732 938 953 1021 aequalitatis,
968 947 1003 1002 et
1026 957 1197 1021 nunquam
1220 938 1263 1003 ad
1286 939 1434 1003 eundum

281 1040 382 1104 situm
400 1050 614 1120 revertentur,
626 1042 684 1106 sed
700 1062 830 1125 semper
844 1043 1017 1107 descendit
1031 1044 1123 1126 quod
1139 1053 1190 1106 est
1205 1044 1432 1125 ponderosius.

283 1143 374 1228 Ergo
407 1146 557 1210 similiter
586 1146 650 1224 hic,
680 1147 770 1230 quod
806 1155 858 1211 est
894 1157 1010 1211 contra
1038 1147 1220 1228 jordanum
1254 1157 1288 1211 et
1318 1156 1435 1213 contra

281 1268 425 1314 sensum.
472 1249 558 1314 Item
574 1250 742 1331 Jordanus
762 1251 851 1328 dicit,
865 1252 956 1333 quod
973 1251 1057 1316 inter
1071 1250 1240 1334 quaelibet
1254 1251 1368 1334 gravia
1383 1262 1434 1315 est

280 1352 464 1418 velocitatis
484 1355 516 1419 in
537 1356 770 1420 descendendo
789 1365 823 1419 et
843 1356 1000 1439 ponderis
1018 1357 1137 1420 eodem
1160 1355 1276 1420 ordine
1297 1368 1433 1440 sumpta

281 1459 461 1540 proportio,
481 1459 538 1523 sed
563 1459 651 1524 istud
674 1479 776 1542 grave
797 1470 923 1542 quanto
948 1460 1055 1543 magis
1076 1460 1256 1536 descendit,
1275 1470 1372 1525 tanto
1395 1459 1434 1524 fit

280 1563 507 1644 ponderosius.
554 1563 646 1646 Ergo
661 1573 757 1629 tanto
771 1563 917 1629 velocius
933 1565 1112 1629 descendit.
1154 1565 1246 1647 Ergo
1261 1584 1431 1646 nunquam

281 1675 461 1731 revertetur
477 1687 536 1750 per
551 1678 703 1732 naturam
722 1669 764 1732 ad
783 1668 884 1732 situm
901 1667 1123 1751 aequalitatis.
1162 1669 1248 1733 Item
1263 1668 1431 1749 Jordanus

279 1770 367 1849 dicit,
383 1772 472 1854 quod
489 1772 597 1836 minus
612 1792 713 1856 grave
727 1774 910 1837 secundum
926 1774 1027 1837 situm
1049 1782 1108 1848 est,
1124 1774 1215 1856 quod
1236 1773 1430 1838 descensum

279 1873 413 1942 alterius
442 1879 591 1962 sequitur
620 1891 714 1943 motu
745 1901 764 1943 e
793 1880 968 1955 contrario,
1000 1881 1033 1943 id
1070 1889 1130 1957 est,
1159 1881 1250 1962 quod
1280 1882 1432 1945 ascendit

279 1982 413 2063 quando
428 1982 608 2059 descendit,
624 1995 658 2048 et
674 1994 834 2048 econtra.
881 1982 949 2048 Sed
971 2004 1155 2068 appensum
1172 1993 1291 2048 nutum
1307 1984 1430 2049 faciens

277 2095 328 2149 est
344 2087 452 2149 minus
466 2107 566 2172 grave
581 2089 762 2152 secundum
778 2089 888 2166 situm,
901 2095 938 2151 ut
952 2089 1115 2172 probabo.
1147 2086 1260 2170 Quare
1273 2099 1431 2169 sequetur

277 2189 470 2254 descensum
509 2189 644 2257 alterius
681 2191 819 2273 appensi
856 2202 950 2254 motu
983 2191 1157 2267 contrario,
1190 2199 1225 2254 et
1256 2211 1429 2255 ascensum

276 2293 435 2358 similiter.
481 2293 695 2380 Quapropter
714 2296 896 2360 secundum
919 2296 1009 2378 quod
1032 2315 1133 2358 unum
1156 2295 1337 2370 descendit,
1354 2295 1428 2359 reli·

277 2417 380 2479 quum
392 2400 594 2479 ascendit,et
607 2410 772 2464 econtra:
788 2419 890 2484 quare
905 2420 1075 2482 nunquam
1091 2400 1124 2462 in
1139 2401 1203 2465 situ
1219 2399 1429 2482 aequalitatis

276 2503 454 2584 quiescent.

321 2604 421 2690 Quod
442 2619 554 2672 autem
576 2629 760 2694 appensum
783 2608 904 2673 iaciens
927 2617 1043 2672 nutum
1066 2610 1110 2673 sit
1130 2610 1238 2672 minus
1256 2629 1357 2695 grave
1376 2631 1427 2674 se·

276 2713 421 2776 cundum
437 2715 547 2794 situm,
563 2714 775 2779 manifestum
798 2725 848 2779 est
868 2734 929 2797 per
945 2714 1017 2787 hoc,
1033 2717 1121 2797 quod
1142 2716 1250 2779 minus
1272 2717 1361 2799 capit
1384 2717 1428 2781 de

276 2816 401 2882 directo
409 2819 566 2883 descensu
576 2820 780 2883 indiametro
788 2828 980 2884 transeunte
989 2840 1048 2903 per
1057 2829 1204 2885 centrum
1216 2819 1427 2884 revolutionis

275 2940 388 2986 versus
407 2930 555 2987 centrum
581 2924 714 2987 mundi:
738 2932 942 3007 quapropter
959 2926 1140 2989 secundum
1160 2925 1344 3007 Jordanum
1364 2926 1427 2989 erit

276 3024 383 3089 minus
399 3047 500 3109 grave
522 3029 703 3091 secundum
726 3030 836 3093 situm.
883 3028 929 3091 Et
944 3028 1008 3090 hoc
1023 3029 1129 3111 exigit
1145 3028 1216 3111 ipsa
1230 3029 1352 3092 veritas
1367 3049 1428 3111 per

274 3126 412 3213 figuram
426 3132 633 3197 declaranda.
665 3132 711 3195 Et
722 3132 915 3215 hujusmodi
928 3131 1082 3216 figuratio
1093 3131 1200 3197 solvet
1211 3132 1354 3214 objecta,
1364 3153 1425 3198 nec

273 3242 385 3315 potest
407 3234 529 3299 habere
546 3236 727 3300 remedium
744 3235 931 3300 intellectus
946 3237 1007 3299 nisi
1023 3255 1082 3319 per
1096 3235 1246 3318 figuram.
1293 3236 1425 3300 Descri-

272 3336 373 3403 batur
388 3358 468 3419 ergo
488 3338 628 3401 circulus
648 3358 748 3422 super
761 3348 910 3403 centrum
933 3339 1153 3413 revolutionis,
1170 3340 1262 3422 quod
1282 3349 1332 3405 est
1347 3363 1373 3417 0,
1389 3343 1423 3405 in

273 3442 365 3523 cujus
381 3440 643 3506 circumferentia
659 3462 803 3525 appensa
819 3442 1035 3518 revolventur,
1051 3454 1085 3508 et
1100 3443 1250 3507 trahatur
1263 3445 1425 3510 diameter

272 3546 325 3610 ab
339 3545 564 3627 aequidistans
578 3544 754 3627 horizonti,
764 3556 798 3611 et
813 3546 953 3611 lineetur
967 3547 1032 3610 alia
1046 3548 1209 3612 diameter
1223 3550 1423 3614 intersecans

272 3650 359 3714 hanc
381 3670 468 3733 quae
490 3653 606 3716 tendat
629 3650 662 3715 in
684 3662 832 3716 centrum
858 3652 982 3730 mundi,
997 3661 1033 3717 et
1054 3652 1097 3717 sit
1118 3651 1179 3729 dc,
1197 3663 1232 3718 et
1253 3653 1424 3735 signentur

272 3774 365 3820 arcus
377 3754 529 3838 aequales
543 3755 576 3819 in
588 3764 728 3839 utroque
739 3755 944 3821 semicirculo
955 3755 999 3819 ab
1011 3766 1149 3839 utraque
1161 3766 1256 3841 parte
1270 3758 1423 3823 diametri

271 3859 524 3942 aequidistantis
543 3859 719 3937 horizonti,
733 3872 767 3925 et
781 3861 845 3925 hoc
860 3882 880 3925 a
896 3871 990 3944 parte
1005 3862 1175 3945 utriusque
1192 3864 1325 3927 termini
1342 3864 1422 3947 ejus,

272 3973 306 4029 et
326 3986 346 4028 a
367 3964 514 4029 terminis
534 3985 670 4030 arcuum
692 3968 855 4030 ducantur
871 3968 903 4029 in
926 3977 1067 4049 utroque
1088 3967 1294 4031 semicirculo
1315 3969 1422 4034 lineae

271 4070 531 4152 aequidistantes
557 4070 619 4134 sibi
646 4071 795 4143 invicem,
821 4082 855 4134 et
880 4072 1047 4137 diametro
1072 4074 1309 4155 aequidistanti
1334 4074 1421 4137 hori-

271 4174 370 4249 zonti,
383 4195 468 4257 quae
483 4186 561 4240 sunt
567 4176 599 4258 s
603 4172 636 4252 h,
640 4196 671 4259 g
672 4186 707 4258 p,
722 4184 775 4257 tq,
786 4197 803 4239 s
813 4198 842 4253 r,
858 4195 944 4257 quae
959 4196 1074 4241 omnes
1088 4188 1203 4242 secant
1218 4178 1419 4243 diametrum

269 4279 443 4343 cadentem
471 4280 503 4342 in
531 4287 679 4344 centrum
707 4280 831 4344 mundi.
876 4279 1018 4364 Oportet
1040 4300 1120 4363 ergo
1142 4284 1323 4348 secundum
1346 4284 1420 4366 Jor-

269 4384 392 4448 danum
404 4395 438 4448 et
453 4392 750 4449 commentatorem
763 4382 842 4467 ejus,
851 4384 942 4467 quod
955 4383 1029 4448 illae
1041 4384 1147 4449 lineae
1158 4387 1419 4469 aequidistautes

269 4496 381 4553 secent
411 4490 453 4552 de
483 4488 646 4553 diametro
672 4509 758 4571 quae
788 4490 881 4553 vadit
911 4490 945 4551 in
975 4499 1126 4553 centrum
1157 4491 1281 4567 mundi,
1308 4500 1420 4573 partes

267 4590 464 4675 inaequales,
494 4592 540 4657 ita
575 4602 611 4657 ut
648 4590 704 4656 illa
741 4594 979 4677 aequidistans,
1007 4614 1094 4676 quae
1124 4594 1337 4678 propinquior
1366 4606 1417 4661 est

268 4696 432 4762 diametro
476 4696 709 4780 aequidistanti
752 4697 926 4774 horizonti,
962 4708 1052 4761 secet
1090 4698 1248 4781 majorem
1288 4710 1418 4783 partem
