<?xml version="1.0" encoding="UTF-8"?>
<!DOCTYPE html PUBLIC "-//W3C//DTD XHTML 1.0 Transitional//EN"
    "http://www.w3.org/TR/xhtml1/DTD/xhtml1-transitional.dtd">
<html xmlns="http://www.w3.org/1999/xhtml" xml:lang="en" lang="en">
 <head>
  <title>
</title>
<meta http-equiv="Content-Type" content="text/html;charset=utf-8" />
  <meta name='ocr-system' content='tesseract 3.04.00' />
  <meta name='ocr-capabilities' content='ocr_page ocr_carea ocr_par ocr_line ocrx_word'/>
</head>
<body>
  <div class='ocr_page' id='page_1' title='image "./opusmajusrogerb01bridgoog/opusmajusrogerb01bridgoog_0602.png"; bbox 0 0 3575 5375; ppageno 0'>
   <div class='ocr_carea' id='block_1_1' title="bbox 705 644 1420 720">
    <p class='ocr_par' dir='ltr' id='par_1_1' title="bbox 705 644 1420 720">
     <span class='ocr_line' id='line_1_1' title="bbox 705 644 1420 720; baseline -0.004 -17"><span class='ocrx_word' id='word_1_1' title='bbox 705 644 987 704; x_wconf 79' lang='lat' dir='ltr'><em>ASTROLOGIA.</em></span> <span class='ocrx_word' id='word_1_2' title='bbox 1359 661 1420 720; x_wconf 85' lang='lat'><strong>4⁰3</strong></span> 
     </span>
    </p>
   </div>
   <div class='ocr_carea' id='block_1_2' title="bbox 268 806 1496 3083">
    <p class='ocr_par' dir='ltr' id='par_1_2' title="bbox 268 806 1496 3083">
     <span class='ocr_line' id='line_1_2' title="bbox 269 806 1420 895; baseline -0.005 -19"><span class='ocrx_word' id='word_1_3' title='bbox 269 812 406 895; x_wconf 84' lang='lat' dir='ltr'>aspiciat</span> <span class='ocrx_word' id='word_1_4' title='bbox 418 832 504 890; x_wconf 91' lang='lat' dir='ltr'><strong>eum,</strong></span> <span class='ocrx_word' id='word_1_5' title='bbox 516 821 553 874; x_wconf 91' lang='lat' dir='ltr'><strong>ut</strong></span> <span class='ocrx_word' id='word_1_6' title='bbox 568 809 741 895; x_wconf 85' lang='lat' dir='ltr'><strong>vulgatum</strong></span> <span class='ocrx_word' id='word_1_7' title='bbox 754 822 805 874; x_wconf 90' lang='lat' dir='ltr'><strong>est</strong></span> <span class='ocrx_word' id='word_1_8' title='bbox 820 811 909 892; x_wconf 87' lang='lat' dir='ltr'><strong>apud</strong></span> <span class='ocrx_word' id='word_1_9' title='bbox 926 820 1087 874; x_wconf 86' lang='lat' dir='ltr'><strong>auctores.</strong></span> <span class='ocrx_word' id='word_1_10' title='bbox 1123 808 1169 872; x_wconf 92' lang='lat' dir='ltr'><strong>Et</strong></span> <span class='ocrx_word' id='word_1_11' title='bbox 1181 809 1287 873; x_wconf 92' lang='lat' dir='ltr'><strong>multo</strong></span> <span class='ocrx_word' id='word_1_12' title='bbox 1303 806 1420 871; x_wconf 85' lang='lat' dir='ltr'><strong>lortius</strong></span> 
     </span>
     <span class='ocr_line' id='line_1_3' title="bbox 269 913 1420 1000; baseline -0.003 -20"><span class='ocrx_word' id='word_1_13' title='bbox 269 919 380 981; x_wconf 91' lang='lat' dir='ltr'><strong>anima</strong></span> <span class='ocrx_word' id='word_1_14' title='bbox 395 916 563 980; x_wconf 89' lang='lat' dir='ltr'><strong>rationalis</strong></span> <span class='ocrx_word' id='word_1_15' title='bbox 578 926 689 1000; x_wconf 91' lang='lat' dir='ltr'><strong>potest</strong></span> <span class='ocrx_word' id='word_1_16' title='bbox 705 927 840 998; x_wconf 92' lang='lat' dir='ltr'><strong>propter</strong></span> <span class='ocrx_word' id='word_1_17' title='bbox 856 914 1065 978; x_wconf 87' lang='lat' dir='ltr'>nobilitatem</span> <span class='ocrx_word' id='word_1_18' title='bbox 1084 934 1162 976; x_wconf 90' lang='lat' dir='ltr'><strong>suae</strong></span> <span class='ocrx_word' id='word_1_19' title='bbox 1177 913 1298 996; x_wconf 90' lang='lat' dir='ltr'><strong>speciei</strong></span> <span class='ocrx_word' id='word_1_20' title='bbox 1314 913 1420 976; x_wconf 90' lang='lat' dir='ltr'><strong>multa</strong></span> 
     </span>
     <span class='ocr_line' id='line_1_4' title="bbox 269 1017 1420 1103; baseline -0.005 -19"><span class='ocrx_word' id='word_1_21' title='bbox 269 1023 446 1086; x_wconf 91' lang='lat' dir='ltr'><strong>immutare</strong></span> <span class='ocrx_word' id='word_1_22' title='bbox 466 1041 541 1086; x_wconf 90' lang='lat' dir='ltr'><strong>cum</strong></span> <span class='ocrx_word' id='word_1_23' title='bbox 562 1021 708 1103; x_wconf 92' lang='lat' dir='ltr'><strong>quinque</strong></span> <span class='ocrx_word' id='word_1_24' title='bbox 730 1020 977 1083; x_wconf 89' lang='lat' dir='ltr'><strong>conditionibus</strong></span> <span class='ocrx_word' id='word_1_25' title='bbox 997 1019 1201 1101; x_wconf 72' lang='lat' dir='ltr'><strong>supradictis,</strong></span> <span class='ocrx_word' id='word_1_26' title='bbox 1218 1026 1251 1081; x_wconf 90' lang='lat' dir='ltr'><strong>et</strong></span> <span class='ocrx_word' id='word_1_27' title='bbox 1273 1017 1420 1080; x_wconf 84' lang='lat' dir='ltr'>maxime</span> 
     </span>
     <span class='ocr_line' id='line_1_5' title="bbox 268 1121 1419 1206; baseline -0.005 -17"><span class='ocrx_word' id='word_1_28' title='bbox 268 1147 343 1189; x_wconf 92' lang='lat' dir='ltr'><strong>cum</strong></span> <span class='ocrx_word' id='word_1_29' title='bbox 363 1127 547 1202; x_wconf 84' lang='lat' dir='ltr'><strong>sanctitate,</strong></span> <span class='ocrx_word' id='word_1_30' title='bbox 563 1125 640 1206; x_wconf 91' lang='lat' dir='ltr'><strong>quia</strong></span> <span class='ocrx_word' id='word_1_31' title='bbox 663 1124 805 1187; x_wconf 86' lang='lat' dir='ltr'>nobilior</span> <span class='ocrx_word' id='word_1_32' title='bbox 819 1135 870 1188; x_wconf 92' lang='lat' dir='ltr'><strong>est</strong></span> <span class='ocrx_word' id='word_1_33' title='bbox 893 1123 1051 1186; x_wconf 87' lang='lat' dir='ltr'><strong>sanctitas</strong></span> <span class='ocrx_word' id='word_1_34' title='bbox 1071 1142 1172 1204; x_wconf 93' lang='lat' dir='ltr'><strong>quam</strong></span> <span class='ocrx_word' id='word_1_35' title='bbox 1194 1123 1352 1203; x_wconf 82' lang='lat' dir='ltr'><strong>cogitatio</strong></span> <span class='ocrx_word' id='word_1_36' title='bbox 1366 1121 1419 1185; x_wconf 89' lang='lat' dir='ltr'><strong>vel</strong></span> 
     </span>
     <span class='ocr_line' id='line_1_6' title="bbox 268 1226 1421 1307; baseline -0.003 -15"><span class='ocrx_word' id='word_1_37' title='bbox 268 1231 477 1306; x_wconf 88' lang='lat' dir='ltr'><strong>desiderium,</strong></span> <span class='ocrx_word' id='word_1_38' title='bbox 508 1239 542 1293; x_wconf 88' lang='lat' dir='ltr'><strong>et</strong></span> <span class='ocrx_word' id='word_1_39' title='bbox 572 1229 646 1293; x_wconf 93' lang='lat' dir='ltr'><strong>ideo</strong></span> <span class='ocrx_word' id='word_1_40' title='bbox 681 1228 811 1291; x_wconf 88' lang='lat' dir='ltr'><strong>animae</strong></span> <span class='ocrx_word' id='word_1_41' title='bbox 841 1238 976 1290; x_wconf 87' lang='lat' dir='ltr'><strong>sanctae</strong></span> <span class='ocrx_word' id='word_1_42' title='bbox 1011 1226 1086 1307; x_wconf 88' lang='lat' dir='ltr'><strong>plus</strong></span> <span class='ocrx_word' id='word_1_43' title='bbox 1114 1227 1248 1290; x_wconf 88' lang='lat' dir='ltr'><strong>obediet</strong></span> <span class='ocrx_word' id='word_1_44' title='bbox 1283 1227 1421 1290; x_wconf 90' lang='lat' dir='ltr'><strong>materia</strong></span> 
     </span>
     <span class='ocr_line' id='line_1_7' title="bbox 270 1330 1420 1415; baseline -0.004 -19"><span class='ocrx_word' id='word_1_45' title='bbox 270 1334 384 1397; x_wconf 90' lang='lat' dir='ltr'><strong>mundi</strong></span> <span class='ocrx_word' id='word_1_46' title='bbox 411 1354 511 1415; x_wconf 88' lang='lat' dir='ltr'><strong>quam</strong></span> <span class='ocrx_word' id='word_1_47' title='bbox 541 1333 613 1396; x_wconf 91' lang='lat' dir='ltr'><strong>aliis</strong></span> <span class='ocrx_word' id='word_1_48' title='bbox 642 1344 785 1415; x_wconf 91' lang='lat' dir='ltr'><strong>quatuor</strong></span> <span class='ocrx_word' id='word_1_49' title='bbox 810 1331 1063 1395; x_wconf 88' lang='lat' dir='ltr'><strong>conditionibus.</strong></span> <span class='ocrx_word' id='word_1_50' title='bbox 1109 1330 1155 1394; x_wconf 89' lang='lat' dir='ltr'><strong>Et</strong></span> <span class='ocrx_word' id='word_1_51' title='bbox 1180 1331 1243 1396; x_wconf 90' lang='lat' dir='ltr'><strong>hoc</strong></span> <span class='ocrx_word' id='word_1_52' title='bbox 1269 1331 1420 1394; x_wconf 92' lang='lat' dir='ltr'><strong>videmus</strong></span> 
     </span>
     <span class='ocr_line' id='line_1_8' title="bbox 269 1431 1420 1521; baseline -0.005 -20"><span class='ocrx_word' id='word_1_53' title='bbox 269 1436 442 1521; x_wconf 89' lang='lat' dir='ltr'><strong>adimpleri</strong></span> <span class='ocrx_word' id='word_1_54' title='bbox 467 1439 498 1501; x_wconf 92' lang='lat' dir='ltr'><strong>in</strong></span> <span class='ocrx_word' id='word_1_55' title='bbox 524 1440 647 1501; x_wconf 90' lang='lat' dir='ltr'><strong>sanctis</strong></span> <span class='ocrx_word' id='word_1_56' title='bbox 671 1437 727 1519; x_wconf 94' lang='lat' dir='ltr'><strong>qui</strong></span> <span class='ocrx_word' id='word_1_57' title='bbox 752 1438 899 1501; x_wconf 86' lang='lat' dir='ltr'><strong>lecerunt</strong></span> <span class='ocrx_word' id='word_1_58' title='bbox 925 1435 1091 1509; x_wconf 91' lang='lat' dir='ltr'><strong>miracula,</strong></span> <span class='ocrx_word' id='word_1_59' title='bbox 1111 1435 1230 1519; x_wconf 93' lang='lat' dir='ltr'><strong>quibus</strong></span> <span class='ocrx_word' id='word_1_60' title='bbox 1252 1431 1420 1499; x_wconf 75' lang='lat' dir='ltr'><strong>‘elementa</strong></span> 
     </span>
     <span class='ocr_line' id='line_1_9' title="bbox 271 1537 1418 1622; baseline -0.003 -18"><span class='ocrx_word' id='word_1_61' title='bbox 271 1543 383 1605; x_wconf 91' lang='lat' dir='ltr'><strong>mundi</strong></span> <span class='ocrx_word' id='word_1_62' title='bbox 396 1543 605 1606; x_wconf 87' lang='lat' dir='ltr'><strong>obediebant.</strong></span> <span class='ocrx_word' id='word_1_63' title='bbox 639 1542 684 1605; x_wconf 89' lang='lat' dir='ltr'><strong>Et</strong></span> <span class='ocrx_word' id='word_1_64' title='bbox 697 1541 872 1606; x_wconf 90' lang='lat' dir='ltr'><strong>Avicenna</strong></span> <span class='ocrx_word' id='word_1_65' title='bbox 883 1549 1003 1622; x_wconf 91' lang='lat' dir='ltr'><strong>quarto</strong></span> <span class='ocrx_word' id='word_1_66' title='bbox 1018 1541 1061 1603; x_wconf 92' lang='lat' dir='ltr'><strong>de</strong></span> <span class='ocrx_word' id='word_1_67' title='bbox 1071 1537 1197 1602; x_wconf 87' lang='lat' dir='ltr'><strong>Anima</strong></span> <span class='ocrx_word' id='word_1_68' title='bbox 1209 1540 1318 1617; x_wconf 92' lang='lat' dir='ltr'><strong>docet,</strong></span> <span class='ocrx_word' id='word_1_69' title='bbox 1329 1538 1418 1621; x_wconf 92' lang='lat' dir='ltr'><strong>quod</strong></span> 
     </span>
     <span class='ocr_line' id='line_1_10' title="bbox 269 1643 1421 1728; baseline -0.003 -20"><span class='ocrx_word' id='word_1_70' title='bbox 269 1648 380 1710; x_wconf 91' lang='lat' dir='ltr'><strong>anima</strong></span> <span class='ocrx_word' id='word_1_71' title='bbox 414 1657 528 1709; x_wconf 85' lang='lat' dir='ltr'><strong>sancta</strong></span> <span class='ocrx_word' id='word_1_72' title='bbox 565 1657 599 1711; x_wconf 93' lang='lat' dir='ltr'><strong>et</strong></span> <span class='ocrx_word' id='word_1_73' title='bbox 633 1647 758 1708; x_wconf 91' lang='lat' dir='ltr'><strong>munda</strong></span> <span class='ocrx_word' id='word_1_74' title='bbox 795 1665 815 1708; x_wconf 93' lang='lat' dir='ltr'><strong>a</strong></span> <span class='ocrx_word' id='word_1_75' title='bbox 847 1645 991 1728; x_wconf 90' lang='lat' dir='ltr'><strong>peccatis</strong></span> <span class='ocrx_word' id='word_1_76' title='bbox 1024 1653 1135 1727; x_wconf 89' lang='lat' dir='ltr'><strong>potest</strong></span> <span class='ocrx_word' id='word_1_77' title='bbox 1168 1643 1351 1706; x_wconf 87' lang='lat' dir='ltr'><strong>universale</strong></span> <span class='ocrx_word' id='word_1_78' title='bbox 1387 1653 1421 1706; x_wconf 92' lang='lat' dir='ltr'><strong>et</strong></span> 
     </span>
     <span class='ocr_line' id='line_1_11' title="bbox 270 1746 1496 1831; baseline -0.003 -19"><span class='ocrx_word' id='word_1_79' title='bbox 270 1750 433 1813; x_wconf 89' lang='lat' dir='ltr'><strong>elementa</strong></span> <span class='ocrx_word' id='word_1_80' title='bbox 462 1751 610 1827; x_wconf 80' lang='lat' dir='ltr'><strong>alterare,</strong></span> <span class='ocrx_word' id='word_1_81' title='bbox 633 1759 670 1813; x_wconf 91' lang='lat' dir='ltr'><strong>ut</strong></span> <span class='ocrx_word' id='word_1_82' title='bbox 696 1749 767 1831; x_wconf 88' lang='lat' dir='ltr'><strong>ejus</strong></span> <span class='ocrx_word' id='word_1_83' title='bbox 793 1750 915 1812; x_wconf 88' lang='lat' dir='ltr'><strong>virtute</strong></span> <span class='ocrx_word' id='word_1_84' title='bbox 945 1746 1026 1810; x_wconf 90' lang='lat' dir='ltr'><strong>fiant</strong></span> <span class='ocrx_word' id='word_1_85' title='bbox 1052 1747 1172 1828; x_wconf 91' lang='lat' dir='ltr'><strong>pluvia,</strong></span> <span class='ocrx_word' id='word_1_86' title='bbox 1197 1755 1421 1831; x_wconf 90' lang='lat' dir='ltr'><strong>tempestates,</strong></span> <span class='ocrx_word' id='word_1_87' title='bbox 1488 1779 1496 1790; x_wconf 84' lang='lat'>·</span> 
     </span>
     <span class='ocr_line' id='line_1_12' title="bbox 270 1851 1419 1936; baseline -0.003 -19"><span class='ocrx_word' id='word_1_88' title='bbox 270 1866 303 1918; x_wconf 93' lang='lat' dir='ltr'><strong>et</strong></span> <span class='ocrx_word' id='word_1_89' title='bbox 330 1875 446 1918; x_wconf 90' lang='lat' dir='ltr'><strong>omnes</strong></span> <span class='ocrx_word' id='word_1_90' title='bbox 472 1856 684 1918; x_wconf 86' lang='lat' dir='ltr'><strong>alterationes</strong></span> <span class='ocrx_word' id='word_1_91' title='bbox 709 1873 887 1936; x_wconf 93' lang='lat' dir='ltr'><strong>corporum</strong></span> <span class='ocrx_word' id='word_1_92' title='bbox 914 1853 1038 1915; x_wconf 91' lang='lat' dir='ltr'><strong>mundi.</strong></span> <span class='ocrx_word' id='word_1_93' title='bbox 1082 1851 1207 1915; x_wconf 88' lang='lat' dir='ltr'><strong>Verum</strong></span> <span class='ocrx_word' id='word_1_94' title='bbox 1234 1864 1285 1917; x_wconf 88' lang='lat' dir='ltr'><strong>est</strong></span> <span class='ocrx_word' id='word_1_95' title='bbox 1307 1863 1419 1916; x_wconf 88' lang='lat' dir='ltr'><strong>autem</strong></span> 
     </span>
     <span class='ocr_line' id='line_1_13' title="bbox 269 1957 1421 2041; baseline -0.002 -20"><span class='ocrx_word' id='word_1_96' title='bbox 269 1960 359 2041; x_wconf 88' lang='lat' dir='ltr'><strong>quod</strong></span> <span class='ocrx_word' id='word_1_97' title='bbox 383 1961 490 2041; x_wconf 82' lang='lat' dir='ltr'><strong>gratia</strong></span> <span class='ocrx_word' id='word_1_98' title='bbox 513 1959 577 2022; x_wconf 89' lang='lat' dir='ltr'><strong>Dei</strong></span> <span class='ocrx_word' id='word_1_99' title='bbox 602 1958 743 2022; x_wconf 92' lang='lat' dir='ltr'><strong>multum</strong></span> <span class='ocrx_word' id='word_1_100' title='bbox 767 1957 853 2034; x_wconf 87' lang='lat' dir='ltr'><strong>facit,</strong></span> <span class='ocrx_word' id='word_1_101' title='bbox 874 1958 931 2020; x_wconf 91' lang='lat' dir='ltr'><strong>sed</strong></span> <span class='ocrx_word' id='word_1_102' title='bbox 955 1958 1065 2020; x_wconf 91' lang='lat' dir='ltr'><strong>anima</strong></span> <span class='ocrx_word' id='word_1_103' title='bbox 1087 1967 1202 2020; x_wconf 86' lang='lat' dir='ltr'><strong>sancta</strong></span> <span class='ocrx_word' id='word_1_104' title='bbox 1224 1965 1421 2040; x_wconf 87' lang='lat' dir='ltr'><strong>cooperatur</strong></span> 
     </span>
     <span class='ocr_line' id='line_1_14' title="bbox 269 2060 1418 2144; baseline -0.003 -18"><span class='ocrx_word' id='word_1_105' title='bbox 269 2065 395 2144; x_wconf 87' lang='lat' dir='ltr'><strong>gratiae</strong></span> <span class='ocrx_word' id='word_1_106' title='bbox 425 2073 556 2144; x_wconf 85' lang='lat' dir='ltr'><strong>gratum</strong></span> <span class='ocrx_word' id='word_1_107' title='bbox 587 2063 727 2138; x_wconf 79' lang='lat' dir='ltr'><strong>facienti,</strong></span> <span class='ocrx_word' id='word_1_108' title='bbox 758 2071 794 2125; x_wconf 88' lang='lat' dir='ltr'><strong>ut</strong></span> <span class='ocrx_word' id='word_1_109' title='bbox 824 2081 890 2123; x_wconf 91' lang='lat' dir='ltr'><strong>non</strong></span> <span class='ocrx_word' id='word_1_110' title='bbox 922 2063 1068 2124; x_wconf 90' lang='lat' dir='ltr'><strong>salvetur</strong></span> <span class='ocrx_word' id='word_1_111' title='bbox 1096 2061 1197 2124; x_wconf 93' lang='lat' dir='ltr'><strong>homo</strong></span> <span class='ocrx_word' id='word_1_112' title='bbox 1228 2081 1286 2144; x_wconf 89' lang='lat' dir='ltr'><strong>per</strong></span> <span class='ocrx_word' id='word_1_113' title='bbox 1314 2060 1418 2124; x_wconf 89' lang='lat' dir='ltr'><strong>solam</strong></span> 
     </span>
     <span class='ocr_line' id='line_1_15' title="bbox 269 2164 1420 2250; baseline -0.002 -22"><span class='ocrx_word' id='word_1_114' title='bbox 269 2170 420 2250; x_wconf 85' lang='lat' dir='ltr'><strong>gratiam,</strong></span> <span class='ocrx_word' id='word_1_115' title='bbox 443 2167 500 2229; x_wconf 93' lang='lat' dir='ltr'><strong>sed</strong></span> <span class='ocrx_word' id='word_1_116' title='bbox 527 2176 660 2249; x_wconf 91' lang='lat' dir='ltr'><strong>oportet</strong></span> <span class='ocrx_word' id='word_1_117' title='bbox 686 2166 828 2229; x_wconf 91' lang='lat' dir='ltr'><strong>animam</strong></span> <span class='ocrx_word' id='word_1_118' title='bbox 855 2167 1026 2247; x_wconf 85' lang='lat' dir='ltr'><strong>cooperari</strong></span> <span class='ocrx_word' id='word_1_119' title='bbox 1052 2166 1176 2249; x_wconf 85' lang='lat' dir='ltr'><strong>gratiae</strong></span> <span class='ocrx_word' id='word_1_120' title='bbox 1200 2165 1280 2243; x_wconf 90' lang='lat' dir='ltr'><strong>tali;</strong></span> <span class='ocrx_word' id='word_1_121' title='bbox 1315 2164 1420 2227; x_wconf 89' lang='lat' dir='ltr'><strong>multo</strong></span> 
     </span>
     <span class='ocr_line' id='line_1_16' title="bbox 270 2269 1420 2353; baseline 0 -21"><span class='ocrx_word' id='word_1_122' title='bbox 270 2291 350 2352; x_wconf 85' lang='lat' dir='ltr'><strong>ergo</strong></span> <span class='ocrx_word' id='word_1_123' title='bbox 376 2271 491 2334; x_wconf 85' lang='lat' dir='ltr'><strong>lortius</strong></span> <span class='ocrx_word' id='word_1_124' title='bbox 516 2272 636 2352; x_wconf 91' lang='lat' dir='ltr'><strong>poterit</strong></span> <span class='ocrx_word' id='word_1_125' title='bbox 662 2269 830 2353; x_wconf 90' lang='lat' dir='ltr'><strong>cooperari</strong></span> <span class='ocrx_word' id='word_1_126' title='bbox 854 2269 980 2352; x_wconf 86' lang='lat' dir='ltr'><strong>gratiae</strong></span> <span class='ocrx_word' id='word_1_127' title='bbox 1006 2269 1110 2350; x_wconf 87' lang='lat' dir='ltr'><strong>gratis</strong></span> <span class='ocrx_word' id='word_1_128' title='bbox 1133 2270 1234 2334; x_wconf 89' lang='lat' dir='ltr'><strong>datae</strong></span> <span class='ocrx_word' id='word_1_129' title='bbox 1257 2290 1342 2352; x_wconf 92' lang='lat' dir='ltr'><strong>quae</strong></span> <span class='ocrx_word' id='word_1_130' title='bbox 1369 2281 1420 2333; x_wconf 88' lang='lat' dir='ltr'><strong>est</strong></span> 
     </span>
     <span class='ocr_line' id='line_1_17' title="bbox 270 2373 1420 2456; baseline -0.002 -19"><span class='ocrx_word' id='word_1_131' title='bbox 270 2375 375 2456; x_wconf 82' lang='lat' dir='ltr'><strong>gratia</strong></span> <span class='ocrx_word' id='word_1_132' title='bbox 411 2374 654 2438; x_wconf 89' lang='lat' dir='ltr'><strong>miraculorum.</strong></span> <span class='ocrx_word' id='word_1_133' title='bbox 709 2373 776 2438; x_wconf 88' lang='lat' dir='ltr'><strong>Sed</strong></span> <span class='ocrx_word' id='word_1_134' title='bbox 808 2376 839 2436; x_wconf 91' lang='lat' dir='ltr'><strong>in</strong></span> <span class='ocrx_word' id='word_1_135' title='bbox 876 2373 949 2437; x_wconf 89' lang='lat' dir='ltr'><strong>aliis</strong></span> <span class='ocrx_word' id='word_1_136' title='bbox 986 2373 1190 2436; x_wconf 91' lang='lat' dir='ltr'><strong>mirabilibus</strong></span> <span class='ocrx_word' id='word_1_137' title='bbox 1222 2375 1340 2437; x_wconf 93' lang='lat' dir='ltr'><strong>melius</strong></span> <span class='ocrx_word' id='word_1_138' title='bbox 1370 2385 1420 2437; x_wconf 92' lang='lat' dir='ltr'><strong>est</strong></span> 
     </span>
     <span class='ocr_line' id='line_1_18' title="bbox 270 2476 1419 2562; baseline 0 -21"><span class='ocrx_word' id='word_1_139' title='bbox 270 2478 416 2558; x_wconf 82' lang='lat' dir='ltr'><strong>cogitare</strong></span> <span class='ocrx_word' id='word_1_140' title='bbox 446 2497 546 2560; x_wconf 86' lang='lat' dir='ltr'><strong>quam</strong></span> <span class='ocrx_word' id='word_1_141' title='bbox 576 2479 726 2552; x_wconf 87' lang='lat' dir='ltr'><strong>scribere,</strong></span> <span class='ocrx_word' id='word_1_142' title='bbox 749 2478 854 2541; x_wconf 94' lang='lat' dir='ltr'><strong>donec</strong></span> <span class='ocrx_word' id='word_1_143' title='bbox 880 2476 1064 2558; x_wconf 89' lang='lat' dir='ltr'><strong>apostolica</strong></span> <span class='ocrx_word' id='word_1_144' title='bbox 1088 2479 1285 2541; x_wconf 90' lang='lat' dir='ltr'><strong>auctoritate</strong></span> <span class='ocrx_word' id='word_1_145' title='bbox 1311 2481 1419 2562; x_wconf 88' lang='lat' dir='ltr'><strong>requi·</strong></span> 
     </span>
     <span class='ocr_line' id='line_1_19' title="bbox 270 2581 1420 2666; baseline 0.004 -23"><span class='ocrx_word' id='word_1_146' title='bbox 270 2592 361 2644; x_wconf 89' lang='lat' dir='ltr'><strong>ratur</strong></span> <span class='ocrx_word' id='word_1_147' title='bbox 385 2581 490 2663; x_wconf 86' lang='lat' dir='ltr'><strong>major</strong></span> <span class='ocrx_word' id='word_1_148' title='bbox 511 2584 685 2659; x_wconf 88' lang='lat' dir='ltr'><strong>certitudo,</strong></span> <span class='ocrx_word' id='word_1_149' title='bbox 704 2592 738 2646; x_wconf 92' lang='lat' dir='ltr'><strong>et</strong></span> <span class='ocrx_word' id='word_1_150' title='bbox 759 2581 842 2645; x_wconf 88' lang='lat' dir='ltr'><strong>haec</strong></span> <span class='ocrx_word' id='word_1_151' title='bbox 865 2581 1033 2664; x_wconf 87' lang='lat' dir='ltr'><strong>possibilia</strong></span> <span class='ocrx_word' id='word_1_152' title='bbox 1055 2593 1139 2646; x_wconf 84' lang='lat' dir='ltr'><strong>sunt</strong></span> <span class='ocrx_word' id='word_1_153' title='bbox 1187 2582 1232 2646; x_wconf 89' lang='lat' dir='ltr'><strong>Et</strong></span> <span class='ocrx_word' id='word_1_154' title='bbox 1254 2583 1281 2645; x_wconf 92' lang='lat' dir='ltr'><strong>si</strong></span> <span class='ocrx_word' id='word_1_155' title='bbox 1304 2605 1364 2666; x_wconf 80' lang='lat' dir='ltr'><strong>yos</strong></span> <span class='ocrx_word' id='word_1_156' title='bbox 1385 2594 1420 2648; x_wconf 92' lang='lat' dir='ltr'><strong>et</strong></span> 
     </span>
     <span class='ocr_line' id='line_1_20' title="bbox 270 2684 1419 2769; baseline 0.002 -20"><span class='ocrx_word' id='word_1_157' title='bbox 270 2707 473 2750; x_wconf 89' lang='lat' dir='ltr'><strong>successores</strong></span> <span class='ocrx_word' id='word_1_158' title='bbox 488 2686 627 2751; x_wconf 85' lang='lat' dir='ltr'><strong>Vestrae</strong></span> <span class='ocrx_word' id='word_1_159' title='bbox 644 2686 863 2751; x_wconf 87' lang='lat' dir='ltr'><strong>Beatitudinis</strong></span> <span class='ocrx_word' id='word_1_160' title='bbox 877 2684 990 2761; x_wconf 85' lang='lat' dir='ltr'><strong>velint,</strong></span> <span class='ocrx_word' id='word_1_161' title='bbox 1006 2698 1163 2769; x_wconf 89' lang='lat' dir='ltr'><strong>poterunt</strong></span> <span class='ocrx_word' id='word_1_162' title='bbox 1179 2688 1292 2751; x_wconf 90' lang='lat' dir='ltr'><strong>omnia</strong></span> <span class='ocrx_word' id='word_1_163' title='bbox 1312 2690 1419 2752; x_wconf 90' lang='lat' dir='ltr'><strong>adim·</strong></span> 
     </span>
     <span class='ocr_line' id='line_1_21' title="bbox 271 2790 1419 2877; baseline 0.003 -25"><span class='ocrx_word' id='word_1_164' title='bbox 271 2790 363 2873; x_wconf 91' lang='lat' dir='ltr'><strong>pleri.</strong></span> <span class='ocrx_word' id='word_1_165' title='bbox 410 2790 486 2854; x_wconf 92' lang='lat' dir='ltr'><strong>Hae</strong></span> <span class='ocrx_word' id='word_1_166' title='bbox 508 2800 585 2855; x_wconf 91' lang='lat' dir='ltr'><strong>sunt</strong></span> <span class='ocrx_word' id='word_1_167' title='bbox 606 2794 732 2855; x_wconf 90' lang='lat' dir='ltr'><strong>radices</strong></span> <span class='ocrx_word' id='word_1_168' title='bbox 753 2792 785 2853; x_wconf 92' lang='lat' dir='ltr'><strong>in</strong></span> <span class='ocrx_word' id='word_1_169' title='bbox 808 2812 938 2854; x_wconf 88' lang='lat' dir='ltr'><strong>summa</strong></span> <span class='ocrx_word' id='word_1_170' title='bbox 958 2802 1127 2867; x_wconf 89' lang='lat' dir='ltr'><strong>tractatus,</strong></span> <span class='ocrx_word' id='word_1_171' title='bbox 1143 2812 1244 2874; x_wconf 89' lang='lat' dir='ltr'><strong>quem</strong></span> <span class='ocrx_word' id='word_1_172' title='bbox 1264 2796 1419 2877; x_wconf 90' lang='lat' dir='ltr'><strong>proposui</strong></span> 
     </span>
     <span class='ocr_line' id='line_1_22' title="bbox 270 2894 1419 2978; baseline 0.003 -21"><span class='ocrx_word' id='word_1_173' title='bbox 270 2896 313 2958; x_wconf 92' lang='lat' dir='ltr'><strong>de</strong></span> <span class='ocrx_word' id='word_1_174' title='bbox 345 2894 534 2976; x_wconf 87' lang='lat' dir='ltr'><strong>hujusmodi</strong></span> <span class='ocrx_word' id='word_1_175' title='bbox 567 2897 793 2972; x_wconf 90' lang='lat' dir='ltr'><strong>conscribere;</strong></span> <span class='ocrx_word' id='word_1_176' title='bbox 831 2895 887 2959; x_wconf 91' lang='lat' dir='ltr'><strong>sed</strong></span> <span class='ocrx_word' id='word_1_177' title='bbox 919 2904 1053 2977; x_wconf 90' lang='lat' dir='ltr'><strong>propter</strong></span> <span class='ocrx_word' id='word_1_178' title='bbox 1083 2896 1321 2978; x_wconf 90' lang='lat' dir='ltr'><strong>impedimenta</strong></span> <span class='ocrx_word' id='word_1_179' title='bbox 1353 2918 1419 2961; x_wconf 90' lang='lat' dir='ltr'><strong>non</strong></span> 
     </span>
     <span class='ocr_line' id='line_1_23' title="bbox 271 2998 675 3083; baseline -0.002 -21"><span class='ocrx_word' id='word_1_180' title='bbox 271 3000 364 3083; x_wconf 89' lang='lat' dir='ltr'><strong>potui</strong></span> <span class='ocrx_word' id='word_1_181' title='bbox 385 2999 480 3081; x_wconf 89' lang='lat' dir='ltr'><strong>plura</strong></span> <span class='ocrx_word' id='word_1_182' title='bbox 500 3001 640 3064; x_wconf 91' lang='lat' dir='ltr'><strong>scribere</strong></span> <span class='ocrx_word' id='word_1_183' title='bbox 652 2998 675 3061; x_wconf 91' lang='lat'><strong>¹.</strong></span> 
     </span>
    </p>
   </div>
   <div class='ocr_carea' id='block_1_3' title="bbox 191 3117 1420 3495">
    <p class='ocr_par' dir='ltr' id='par_1_3' title="bbox 191 3117 1420 3495">
     <span class='ocr_line' id='line_1_24' title="bbox 304 3117 1419 3181; baseline 0.005 -14"><span class='ocrx_word' id='word_1_184' title='bbox 304 3117 311 3145; x_wconf 93' lang='lat'><strong>¹</strong></span> <span class='ocrx_word' id='word_1_185' title='bbox 328 3118 403 3167; x_wconf 88' lang='lat' dir='ltr'><strong>With</strong></span> <span class='ocrx_word' id='word_1_186' title='bbox 419 3121 511 3181; x_wconf 82' lang='lat' dir='ltr'><strong>regard</strong></span> <span class='ocrx_word' id='word_1_187' title='bbox 527 3128 554 3168; x_wconf 94' lang='lat' dir='ltr'><strong>to</strong></span> <span class='ocrx_word' id='word_1_188' title='bbox 572 3121 616 3168; x_wconf 88' lang='lat' dir='ltr'><strong>the</strong></span> <span class='ocrx_word' id='word_1_189' title='bbox 632 3120 760 3168; x_wconf 83' lang='lat' dir='ltr'><strong>intluence</strong></span> <span class='ocrx_word' id='word_1_190' title='bbox 778 3122 808 3168; x_wconf 81' lang='lat' dir='ltr'><strong>of</strong></span> <span class='ocrx_word' id='word_1_191' title='bbox 816 3122 862 3169; x_wconf 90' lang='lat' dir='ltr'><strong>the</strong></span> <span class='ocrx_word' id='word_1_192' title='bbox 876 3120 956 3168; x_wconf 84' lang='lat' dir='ltr'><strong>Moon</strong></span> <span class='ocrx_word' id='word_1_193' title='bbox 975 3136 1008 3168; x_wconf 90' lang='lat' dir='ltr'><strong>on</strong></span> <span class='ocrx_word' id='word_1_194' title='bbox 1024 3122 1119 3168; x_wconf 77' lang='lat' dir='ltr'><strong>human</strong></span> <span class='ocrx_word' id='word_1_195' title='bbox 1135 3120 1230 3181; x_wconf 81' lang='lat' dir='ltr'><strong>action,</strong></span> <span class='ocrx_word' id='word_1_196' title='bbox 1243 3137 1277 3169; x_wconf 90' lang='lat' dir='ltr'><strong>on</strong></span> <span class='ocrx_word' id='word_1_197' title='bbox 1289 3122 1378 3171; x_wconf 89' lang='lat' dir='ltr'><strong>which</strong></span> <span class='ocrx_word' id='word_1_198' title='bbox 1389 3141 1419 3173; x_wconf 85' lang='lat' dir='ltr'><strong>so</strong></span> 
     </span>
     <span class='ocr_line' id='line_1_25' title="bbox 271 3198 1420 3260; baseline 0.007 -16"><span class='ocrx_word' id='word_1_199' title='bbox 271 3198 347 3246; x_wconf 88' lang='lat' dir='ltr'><strong>much</strong></span> <span class='ocrx_word' id='word_1_200' title='bbox 360 3198 484 3246; x_wconf 83' lang='lat' dir='ltr'><strong>hasbeen</strong></span> <span class='ocrx_word' id='word_1_201' title='bbox 497 3199 553 3247; x_wconf 84' lang='lat' dir='ltr'><strong>said</strong></span> <span class='ocrx_word' id='word_1_202' title='bbox 567 3200 592 3246; x_wconf 89' lang='lat' dir='ltr'><strong>in</strong></span> <span class='ocrx_word' id='word_1_203' title='bbox 609 3200 654 3247; x_wconf 88' lang='lat' dir='ltr'><strong>the</strong></span> <span class='ocrx_word' id='word_1_204' title='bbox 671 3199 806 3259; x_wconf 84' lang='lat' dir='ltr'><strong>loregoing</strong></span> <span class='ocrx_word' id='word_1_205' title='bbox 821 3214 909 3260; x_wconf 84' lang='lat' dir='ltr'><strong>pages,</strong></span> <span class='ocrx_word' id='word_1_206' title='bbox 922 3199 967 3246; x_wconf 88' lang='lat' dir='ltr'><strong>the</strong></span> <span class='ocrx_word' id='word_1_207' title='bbox 979 3198 1111 3259; x_wconf 74' lang='lat' dir='ltr'><strong>following</strong></span> <span class='ocrx_word' id='word_1_208' title='bbox 1121 3207 1222 3247; x_wconf 82' lang='lat' dir='ltr'><strong>extract</strong></span> <span class='ocrx_word' id='word_1_209' title='bbox 1233 3199 1297 3248; x_wconf 78' lang='lat' dir='ltr'><strong>from</strong></span> <span class='ocrx_word' id='word_1_210' title='bbox 1310 3202 1420 3251; x_wconf 82' lang='lat' dir='ltr'><strong>Bacon&#39;s</strong></span> 
     </span>
     <span class='ocr_line' id='line_1_26' title="bbox 271 3275 1419 3344; baseline 0.005 -20"><span class='ocrx_word' id='word_1_211' title='bbox 271 3276 455 3338; x_wconf 88' lang='lat' dir='ltr'><strong>Commentary</strong></span> <span class='ocrx_word' id='word_1_212' title='bbox 467 3292 501 3325; x_wconf 91' lang='lat' dir='ltr'><strong>on</strong></span> <span class='ocrx_word' id='word_1_213' title='bbox 514 3278 557 3324; x_wconf 87' lang='lat' dir='ltr'><strong>the</strong></span> <span class='ocrx_word' id='word_1_214' title='bbox 574 3276 708 3325; x_wconf 87' lang='lat' dir='ltr'><strong>Secretum</strong></span> <span class='ocrx_word' id='word_1_215' title='bbox 726 3275 889 3326; x_wconf 86' lang='lat' dir='ltr'><strong>Secretorum</strong></span> <span class='ocrx_word' id='word_1_216' title='bbox 904 3276 1020 3337; x_wconf 85' lang='lat' dir='ltr'><strong>(Tanner</strong></span> <span class='ocrx_word' id='word_1_217' title='bbox 1032 3275 1108 3325; x_wconf 82' lang='lat' dir='ltr'><strong>MSS.</strong></span> <span class='ocrx_word' id='word_1_218' title='bbox 1125 3279 1178 3339; x_wconf 86' lang='lat'><strong>116,</strong></span> <span class='ocrx_word' id='word_1_219' title='bbox 1192 3278 1235 3327; x_wconf 76' lang='lat' dir='ltr'><strong>t‘ol.</strong></span> <span class='ocrx_word' id='word_1_220' title='bbox 1248 3279 1302 3344; x_wconf 77' lang='lat'><strong>86),</strong></span> <span class='ocrx_word' id='word_1_221' title='bbox 1317 3297 1376 3343; x_wconf 86' lang='lat' dir='ltr'><strong>may</strong></span> <span class='ocrx_word' id='word_1_222' title='bbox 1387 3283 1419 3330; x_wconf 88' lang='lat' dir='ltr'><strong>be</strong></span> 
     </span>
     <span class='ocr_line' id='line_1_27' title="bbox 270 3352 1417 3421; baseline 0.005 -19"><span class='ocrx_word' id='word_1_223' title='bbox 270 3352 300 3402; x_wconf 85' lang='lat' dir='ltr'><strong>ol</strong></span> <span class='ocrx_word' id='word_1_224' title='bbox 320 3353 433 3403; x_wconf 77' lang='lat' dir='ltr'><strong>interest</strong></span> <span class='ocrx_word' id='word_1_225' title='bbox 477 3355 499 3403; x_wconf 91' lang='lat' dir='ltr'><strong>It</strong></span> <span class='ocrx_word' id='word_1_226' title='bbox 519 3363 667 3418; x_wconf 77' lang='lat' dir='ltr'><strong>represents</strong></span> <span class='ocrx_word' id='word_1_227' title='bbox 686 3356 773 3404; x_wconf 85' lang='lat' dir='ltr'><strong>Lunar</strong></span> <span class='ocrx_word' id='word_1_228' title='bbox 789 3356 875 3404; x_wconf 87' lang='lat' dir='ltr'><strong>action</strong></span> <span class='ocrx_word' id='word_1_229' title='bbox 893 3370 923 3403; x_wconf 84' lang='lat' dir='ltr'><strong>as</strong></span> <span class='ocrx_word' id='word_1_230' title='bbox 938 3355 1062 3404; x_wconf 87' lang='lat' dir='ltr'><strong>modified</strong></span> <span class='ocrx_word' id='word_1_231' title='bbox 1076 3355 1113 3417; x_wconf 86' lang='lat' dir='ltr'><strong>by</strong></span> <span class='ocrx_word' id='word_1_232' title='bbox 1124 3356 1188 3404; x_wconf 83' lang='lat' dir='ltr'><strong>each</strong></span> <span class='ocrx_word' id='word_1_233' title='bbox 1206 3356 1236 3405; x_wconf 83' lang='lat' dir='ltr'><strong>os</strong></span> <span class='ocrx_word' id='word_1_234' title='bbox 1246 3358 1291 3406; x_wconf 85' lang='lat' dir='ltr'><strong>the</strong></span> <span class='ocrx_word' id='word_1_235' title='bbox 1308 3360 1417 3421; x_wconf 67' lang='lat' dir='ltr'><strong>planem,</strong></span> 
     </span>
     <span class='ocr_line' id='line_1_28' title="bbox 191 3433 598 3495; baseline 0.012 -18"><span class='ocrx_word' id='word_1_236' title='bbox 191 3474 192 3477; x_wconf 75' lang='grc'>,</span> <span class='ocrx_word' id='word_1_237' title='bbox 270 3433 354 3480; x_wconf 89' lang='lat' dir='ltr'><strong>under</strong></span> <span class='ocrx_word' id='word_1_238' title='bbox 369 3433 471 3481; x_wconf 84' lang='lat' dir='ltr'><strong>various</strong></span> <span class='ocrx_word' id='word_1_239' title='bbox 487 3442 598 3495; x_wconf 81' lang='lat' dir='ltr'><strong>aspecta.</strong></span> 
     </span>
    </p>
   </div>
   <div class='ocr_carea' id='block_1_4' title="bbox 574 3568 1242 3619">
    <p class='ocr_par' dir='ltr' id='par_1_4' title="bbox 574 3568 1242 3619">
     <span class='ocr_line' id='line_1_29' title="bbox 574 3568 1242 3619; baseline 0.001 -2"><span class='ocrx_word' id='word_1_240' title='bbox 574 3569 621 3617; x_wconf 87' lang='lat' dir='ltr'><strong>DE</strong></span> <span class='ocrx_word' id='word_1_241' title='bbox 642 3569 804 3617; x_wconf 81' lang='lat' dir='ltr'>ASPECTU</span> <span class='ocrx_word' id='word_1_242' title='bbox 829 3568 952 3617; x_wconf 79' lang='lat' dir='ltr'>LUNAE</span> <span class='ocrx_word' id='word_1_243' title='bbox 974 3569 1024 3617; x_wconf 77' lang='lat' dir='ltr'><strong>Ab</strong></span> <span class='ocrx_word' id='word_1_244' title='bbox 1048 3568 1242 3619; x_wconf 82' lang='lat' dir='ltr'><strong>PLANETAS.</strong></span> 
     </span>
    </p>
   </div>
   <div class='ocr_carea' id='block_1_5' title="bbox 383 3683 1460 3806">
    <p class='ocr_par' dir='ltr' id='par_1_5' title="bbox 383 3683 1460 3806">
     <span class='ocr_line' id='line_1_30' title="bbox 383 3683 980 3735; baseline 0 -10"><span class='ocrx_word' id='word_1_245' title='bbox 383 3683 496 3726; x_wconf 75' lang='lat' dir='ltr'><strong>Ssxrrms</strong></span> <span class='ocrx_word' id='word_1_246' title='bbox 606 3684 698 3726; x_wconf 77' lang='lat' dir='ltr'><strong>Turnus</strong></span> <span class='ocrx_word' id='word_1_247' title='bbox 830 3684 980 3735; x_wconf 70' lang='lat' dir='ltr'><strong>Qunnnarua</strong></span> 
     </span>
     <span class='ocr_line' id='line_1_31' title="bbox 469 3700 1460 3806; baseline 0.003 -29"><span class='ocrx_word' id='word_1_248' title='bbox 469 3745 585 3777; x_wconf 69' lang='lat' dir='ltr'><strong>asracrus</strong></span> <span class='ocrx_word' id='word_1_249' title='bbox 690 3744 809 3777; x_wconf 70' lang='lat' dir='ltr'><strong>assuerus</strong></span> <span class='ocrx_word' id='word_1_250' title='bbox 916 3744 1035 3777; x_wconf 66' lang='lat' dir='ltr'><strong>mamus</strong></span> <span class='ocrx_word' id='word_1_251' title='bbox 1093 3734 1220 3778; x_wconf 76' lang='lat' dir='ltr'><strong>Omosrrro</strong></span> <span class='ocrx_word' id='word_1_252' title='bbox 1269 3700 1272 3806; x_wconf 65' lang='lat' dir='ltr'><strong>i</strong></span> <span class='ocrx_word' id='word_1_253' title='bbox 1309 3738 1460 3790; x_wconf 70' lang='lat' dir='ltr'><strong>conjuacrro</strong></span> 
     </span>
    </p>
   </div>
   <div class='ocr_carea' id='block_1_6' title="bbox 1276 3817 1452 3828">
    <p class='ocr_par' dir='ltr' id='par_1_6' title="bbox 1276 3817 1452 3828">
     <span class='ocr_line' id='line_1_32' title="bbox 1276 3817 1452 3828; baseline 0.017 -3"><span class='ocrx_word' id='word_1_254' title='bbox 1276 3817 1452 3828; x_wconf 43' lang='lat' dir='ltr'><strong>Q...-</strong></span> 
     </span>
    </p>
   </div>
   <div class='ocr_carea' id='block_1_7' title="bbox 244 3848 1488 4303">
    <p class='ocr_par' dir='ltr' id='par_1_7' title="bbox 244 3848 1488 4221">
     <span class='ocr_line' id='line_1_33' title="bbox 244 3848 1488 3917; baseline 0.009 -27"><span class='ocrx_word' id='word_1_255' title='bbox 244 3848 347 3893; x_wconf 85' lang='lat' dir='ltr'>VENUS</span> <span class='ocrx_word' id='word_1_256' title='bbox 386 3855 462 3917; x_wconf 67' lang='lat'><strong>,⁰⁵5⁵</strong></span> <span class='ocrx_word' id='word_1_257' title='bbox 470 3854 585 3915; x_wconf 79' lang='lat' dir='ltr'><strong>laudabilis</strong></span> <span class='ocrx_word' id='word_1_258' title='bbox 624 3854 808 3917; x_wconf 53' lang='lat' dir='ltr'><strong>niutandahitia</strong></span> <span class='ocrx_word' id='word_1_259' title='bbox 848 3853 1033 3897; x_wconf 69' lang='lat' dir='ltr'><strong>Dte-laudabitis</strong></span> <span class='ocrx_word' id='word_1_260' title='bbox 1074 3854 1260 3907; x_wconf 71' lang='lat' dir='ltr'><strong>Diesnudabilis,</strong></span> <span class='ocrx_word' id='word_1_261' title='bbox 1305 3859 1488 3901; x_wconf 74' lang='lat' dir='ltr'><strong>Dieslaudabilia</strong></span> 
     </span>
     <span class='ocr_line' id='line_1_34' title="bbox 382 3905 1486 3967; baseline 0.005 -21"><span class='ocrx_word' id='word_1_262' title='bbox 382 3919 461 3967; x_wconf 45' lang='lat' dir='ltr'><strong>Jungr&#39;</strong></span> <span class='ocrx_word' id='word_1_263' title='bbox 480 3906 585 3967; x_wconf 78' lang='lat' dir='ltr'><strong>uvenrbus</strong></span> <span class='ocrx_word' id='word_1_264' title='bbox 608 3907 737 3967; x_wconf 28' lang='lat' dir='ltr'><strong>Bounomest</strong></span> <span class='ocrx_word' id='word_1_265' title='bbox 750 3906 809 3966; x_wconf 79' lang='lat' dir='ltr'><strong>rpdur</strong></span> <span class='ocrx_word' id='word_1_266' title='bbox 832 3905 1034 3965; x_wconf 70' lang='lat' dir='ltr'><strong>Bonnmesternere</strong></span> <span class='ocrx_word' id='word_1_267' title='bbox 1056 3906 1139 3947; x_wconf 83' lang='lat' dir='ltr'><strong>bonurn</strong></span> <span class='ocrx_word' id='word_1_268' title='bbox 1187 3910 1385 3967; x_wconf 58' lang='lat' dir='ltr'><strong>emeremmnibus</strong></span> <span class='ocrx_word' id='word_1_269' title='bbox 1415 3913 1486 3964; x_wconf 85' lang='lat' dir='ltr'><strong>operi·</strong></span> 
     </span>
     <span class='ocr_line' id='line_1_35' title="bbox 384 3919 1488 4019; baseline 0.003 -23"><span class='ocrx_word' id='word_1_270' title='bbox 384 3963 405 3997; x_wconf 89' lang='lat' dir='ltr'><strong>et</strong></span> <span class='ocrx_word' id='word_1_271' title='bbox 432 3919 544 4017; x_wconf 61' lang='lat' dir='ltr'><strong>mrdtrbns¹</strong></span> <span class='ocrx_word' id='word_1_272' title='bbox 563 3964 584 3997; x_wconf 86' lang='lat' dir='ltr'><strong>et</strong></span> <span class='ocrx_word' id='word_1_273' title='bbox 608 3971 680 4019; x_wconf 68' lang='lat' dir='ltr'><strong>noum</strong></span> <span class='ocrx_word' id='word_1_274' title='bbox 706 3956 808 4007; x_wconf 75' lang='lat' dir='ltr'><strong>vestibus,</strong></span> <span class='ocrx_word' id='word_1_275' title='bbox 831 3970 907 4019; x_wconf 68' lang='lat' dir='ltr'><strong>seruos</strong></span> <span class='ocrx_word' id='word_1_276' title='bbox 928 3965 951 3997; x_wconf 82' lang='lat' dir='ltr'><strong>et</strong></span> <span class='ocrx_word' id='word_1_277' title='bbox 973 3955 1032 4017; x_wconf 61' lang='lat' dir='ltr'><strong>indm</strong></span> <span class='ocrx_word' id='word_1_278' title='bbox 1057 3970 1137 4016; x_wconf 49' lang='lat' dir='ltr'><strong>servom</strong></span> <span class='ocrx_word' id='word_1_279' title='bbox 1201 3957 1325 4018; x_wconf 79' lang='lat' dir='ltr'><strong>rndur¹bus</strong></span> <span class='ocrx_word' id='word_1_280' title='bbox 1349 3968 1371 4002; x_wconf 83' lang='lat' dir='ltr'><strong>et</strong></span> <span class='ocrx_word' id='word_1_281' title='bbox 1393 3963 1488 4015; x_wconf 74' lang='lat' dir='ltr'><strong>peregri·</strong></span> 
     </span>
     <span class='ocr_line' id='line_1_36' title="bbox 384 4006 1486 4069; baseline 0.004 -22"><span class='ocrx_word' id='word_1_282' title='bbox 384 4020 488 4067; x_wconf 75' lang='lat' dir='ltr'><strong>qpaerere</strong></span> <span class='ocrx_word' id='word_1_283' title='bbox 523 4006 586 4048; x_wconf 74' lang='lat' dir='ltr'><strong>dilee·</strong></span> <span class='ocrx_word' id='word_1_284' title='bbox 606 4021 680 4049; x_wconf 85' lang='lat' dir='ltr'><strong>ornan</strong></span> <span class='ocrx_word' id='word_1_285' title='bbox 693 4015 715 4049; x_wconf 87' lang='lat' dir='ltr'><strong>et</strong></span> <span class='ocrx_word' id='word_1_286' title='bbox 729 4007 810 4048; x_wconf 87' lang='lat' dir='ltr'><strong>nubere</strong></span> <span class='ocrx_word' id='word_1_287' title='bbox 832 4021 895 4049; x_wconf 81' lang='lat' dir='ltr'><strong>nom</strong></span> <span class='ocrx_word' id='word_1_288' title='bbox 929 4006 1032 4058; x_wconf 70' lang='lat' dir='ltr'><strong>ventibus,</strong></span> <span class='ocrx_word' id='word_1_289' title='bbox 1057 4022 1119 4069; x_wconf 69' lang='lat' dir='ltr'><strong>noym</strong></span> <span class='ocrx_word' id='word_1_290' title='bbox 1155 4007 1260 4069; x_wconf 55' lang='lat' dir='ltr'><strong>ratibus,</strong></span> <span class='ocrx_word' id='word_1_291' title='bbox 1283 4011 1374 4063; x_wconf 74' lang='lat' dir='ltr'><strong>nationi,</strong></span> <span class='ocrx_word' id='word_1_292' title='bbox 1387 4012 1420 4052; x_wconf 84' lang='lat' dir='ltr'><strong>uti</strong></span> <span class='ocrx_word' id='word_1_293' title='bbox 1433 4014 1486 4053; x_wconf 68' lang='lat' dir='ltr'><strong>mili</strong></span> 
     </span>
     <span class='ocr_line' id='line_1_37' title="bbox 385 4058 1484 4142; baseline 0.004 -43"><span class='ocrx_word' id='word_1_294' title='bbox 385 4065 466 4099; x_wconf 87' lang='lat' dir='ltr'><strong>tronem</strong></span> <span class='ocrx_word' id='word_1_295' title='bbox 485 4066 507 4099; x_wconf 87' lang='lat' dir='ltr'><strong>et</strong></span> <span class='ocrx_word' id='word_1_296' title='bbox 525 4071 586 4099; x_wconf 81' lang='lat' dir='ltr'><strong>oma-</strong></span> <span class='ocrx_word' id='word_1_297' title='bbox 608 4068 630 4099; x_wconf 88' lang='lat' dir='ltr'><strong>et</strong></span> <span class='ocrx_word' id='word_1_298' title='bbox 657 4072 723 4099; x_wconf 84' lang='lat' dir='ltr'><strong>omne</strong></span> <span class='ocrx_word' id='word_1_299' title='bbox 749 4070 812 4099; x_wconf 89' lang='lat' dir='ltr'><strong>oma·</strong></span> <span class='ocrx_word' id='word_1_300' title='bbox 832 4058 942 4119; x_wconf 73' lang='lat' dir='ltr'><strong>adducere</strong></span> <span class='ocrx_word' id='word_1_301' title='bbox 958 4068 1089 4142; x_wconf 62' lang='lat' dir='ltr'><strong>opera-&#39;uti</strong></span> <span class='ocrx_word' id='word_1_302' title='bbox 1115 4060 1262 4120; x_wconf 70' lang='lat' dir='ltr'><strong>medioamrnr3</strong></span> <span class='ocrx_word' id='word_1_303' title='bbox 1283 4060 1484 4123; x_wconf 68' lang='lat' dir='ltr'><strong>trbm,emeresub·</strong></span> 
     </span>
     <span class='ocr_line' id='line_1_38' title="bbox 385 4109 1485 4221; baseline 0.005 -21"><span class='ocrx_word' id='word_1_304' title='bbox 385 4116 489 4151; x_wconf 58' lang='lat' dir='ltr'><strong>&#39;mm‘</strong></span> <span class='ocrx_word' id='word_1_305' title='bbox 608 4109 1385 4221; x_wconf 43' lang='lat' dir='ltr'><strong>ss‘tfhtatttzlhttfftt1l“.httsl¹tttl¹tm?</strong></span> <span class='ocrx_word' id='word_1_306' title='bbox 1411 4124 1485 4166; x_wconf 61' lang='lat'><strong>&#39;‘¹⁶“</strong></span> 
     </span>
    </p>

    <p class='ocr_par' dir='ltr' id='par_1_8' title="bbox 608 4209 1151 4303">
     <span class='ocr_line' id='line_1_39' title="bbox 608 4209 1151 4303; baseline 0.002 -51"><span class='ocrx_word' id='word_1_307' title='bbox 608 4218 680 4252; x_wconf 66' lang='lat' dir='ltr'><strong>tronis</strong></span> <span class='ocrx_word' id='word_1_308' title='bbox 831 4211 923 4303; x_wconf 47' lang='lat' dir='ltr'><strong>galuren,</strong></span> <span class='ocrx_word' id='word_1_309' title='bbox 931 4218 955 4252; x_wconf 85' lang='lat' dir='ltr'><strong>et</strong></span> <span class='ocrx_word' id='word_1_310' title='bbox 966 4209 1035 4252; x_wconf 81' lang='lat' dir='ltr'><strong>delec-</strong></span> <span class='ocrx_word' id='word_1_311' title='bbox 1045 4211 1047 4226; x_wconf 94' lang='lat'>&#39;</span> <span class='ocrx_word' id='word_1_312' title='bbox 1057 4219 1151 4264; x_wconf 78' lang='lat' dir='ltr'><strong>ponitur.</strong></span> 
     </span>
     <span class='ocr_line' id='line_1_40' title="bbox 857 4275 881 4302; baseline 0.042 -1"><span class='ocrx_word' id='word_1_313' title='bbox 857 4275 881 4302; x_wconf 87' lang='lat' dir='ltr'><strong>rr.</strong></span> 
     </span>
    </p>
   </div>
   <div class='ocr_carea' id='block_1_8' title="bbox 160 4358 1487 4721">
    <p class='ocr_par' dir='ltr' id='par_1_9' title="bbox 160 4358 1487 4721">
     <span class='ocr_line' id='line_1_41' title="bbox 160 4358 1484 4409; baseline 0.007 -9"><span class='ocrx_word' id='word_1_314' title='bbox 160 4358 347 4402; x_wconf 65' lang='lat' dir='ltr'>MERCURIUS</span> <span class='ocrx_word' id='word_1_315' title='bbox 405 4360 587 4403; x_wconf 64' lang='lat' dir='ltr'><strong>Dioelaudabitie</strong></span> <span class='ocrx_word' id='word_1_316' title='bbox 627 4362 811 4404; x_wconf 81' lang='lat' dir='ltr'><strong>Dieslaudabilis.</strong></span> <span class='ocrx_word' id='word_1_317' title='bbox 849 4361 1034 4405; x_wconf 78' lang='lat' dir='ltr'><strong>Dieslandabilis</strong></span> <span class='ocrx_word' id='word_1_318' title='bbox 1082 4363 1261 4405; x_wconf 67' lang='lat' dir='ltr'><strong>Dimmediocris</strong></span> <span class='ocrx_word' id='word_1_319' title='bbox 1300 4366 1484 4409; x_wconf 71' lang='lat' dir='ltr'><strong>Die-ludamus.</strong></span> 
     </span>
     <span class='ocr_line' id='line_1_42' title="bbox 386 4412 1486 4473; baseline 0.006 -21"><span class='ocrx_word' id='word_1_320' title='bbox 386 4412 547 4454; x_wconf 79' lang='lat' dir='ltr'><strong>Bonumestin</strong></span> <span class='ocrx_word' id='word_1_321' title='bbox 561 4426 588 4454; x_wconf 74' lang='lat' dir='ltr'><strong>en</strong></span> <span class='ocrx_word' id='word_1_322' title='bbox 611 4414 696 4454; x_wconf 87' lang='lat' dir='ltr'><strong>Bonum</strong></span> <span class='ocrx_word' id='word_1_323' title='bbox 750 4414 812 4469; x_wconf 84' lang='lat' dir='ltr'><strong>juni</strong></span> <span class='ocrx_word' id='word_1_324' title='bbox 834 4414 920 4454; x_wconf 78' lang='grc' dir='ltr'><strong>Βοιιιιω</strong></span> <span class='ocrx_word' id='word_1_325' title='bbox 948 4414 1035 4455; x_wconf 84' lang='lat' dir='ltr'><strong>mittere</strong></span> <span class='ocrx_word' id='word_1_326' title='bbox 1057 4415 1079 4456; x_wconf 87' lang='lat' dir='ltr'><strong>in</strong></span> <span class='ocrx_word' id='word_1_327' title='bbox 1114 4416 1261 4456; x_wconf 82' lang='lat' dir='ltr'><strong>conventione</strong></span> <span class='ocrx_word' id='word_1_328' title='bbox 1283 4416 1367 4458; x_wconf 77' lang='grc' dir='ltr'><strong>Βοηιιω</strong></span> <span class='ocrx_word' id='word_1_329' title='bbox 1422 4418 1486 4473; x_wconf 68' lang='lat' dir='ltr'><strong>jungi</strong></span> 
     </span>
     <span class='ocr_line' id='line_1_43' title="bbox 385 4428 1483 4524; baseline 0.005 -20"><span class='ocrx_word' id='word_1_330' title='bbox 385 4472 513 4515; x_wconf 79' lang='lat' dir='ltr'><strong>computare</strong></span> <span class='ocrx_word' id='word_1_331' title='bbox 540 4464 589 4504; x_wconf 77' lang='lat' dir='ltr'><strong>scri·</strong></span> <span class='ocrx_word' id='word_1_332' title='bbox 610 4462 758 4517; x_wconf 79' lang='lat' dir='ltr'><strong>scriptoribus,</strong></span> <span class='ocrx_word' id='word_1_333' title='bbox 778 4428 811 4505; x_wconf 48' lang='grc' dir='ltr'><strong>ᾗ·</strong></span> <span class='ocrx_word' id='word_1_334' title='bbox 832 4464 1196 4524; x_wconf 47' lang='lat' dir='ltr'><strong>anulatmetare&#39;scriptomm.</strong></span> <span class='ocrx_word' id='word_1_335' title='bbox 1228 4453 1424 4521; x_wconf 77' lang='lat' dir='ltr'><strong>re·iscriptorlbrrs</strong></span> <span class='ocrx_word' id='word_1_336' title='bbox 1462 4480 1483 4510; x_wconf 74' lang='lat' dir='ltr'><strong>rt</strong></span> 
     </span>
     <span class='ocr_line' id='line_1_44' title="bbox 385 4513 1478 4572; baseline 0.005 -17"><span class='ocrx_word' id='word_1_337' title='bbox 385 4513 437 4555; x_wconf 89' lang='lat' dir='ltr'><strong>bere</strong></span> <span class='ocrx_word' id='word_1_338' title='bbox 472 4522 494 4556; x_wconf 84' lang='lat' dir='ltr'><strong>et</strong></span> <span class='ocrx_word' id='word_1_339' title='bbox 527 4514 588 4569; x_wconf 81' lang='lat' dir='ltr'><strong>jungi</strong></span> <span class='ocrx_word' id='word_1_340' title='bbox 611 4528 672 4555; x_wconf 85' lang='lat' dir='ltr'><strong>mare</strong></span> <span class='ocrx_word' id='word_1_341' title='bbox 715 4524 811 4565; x_wconf 79' lang='lat' dir='ltr'><strong>pactum,</strong></span> <span class='ocrx_word' id='word_1_342' title='bbox 834 4514 861 4554; x_wconf 91' lang='lat' dir='ltr'><strong>de</strong></span> <span class='ocrx_word' id='word_1_343' title='bbox 875 4516 993 4568; x_wconf 74' lang='lat' dir='ltr'><strong>scriptum,</strong></span> <span class='ocrx_word' id='word_1_344' title='bbox 1003 4528 1116 4569; x_wconf 51' lang='lat' dir='ltr'><strong>sewgum,</strong></span> <span class='ocrx_word' id='word_1_345' title='bbox 1139 4524 1161 4557; x_wconf 85' lang='lat' dir='ltr'><strong>et</strong></span> <span class='ocrx_word' id='word_1_346' title='bbox 1183 4516 1260 4558; x_wconf 84' lang='lat' dir='ltr'><strong>horum</strong></span> <span class='ocrx_word' id='word_1_347' title='bbox 1282 4519 1478 4572; x_wconf 74' lang='lat' dir='ltr'><strong>computatonbns,</strong></span> 
     </span>
     <span class='ocr_line' id='line_1_45' title="bbox 386 4564 1487 4623; baseline 0.005 -18"><span class='ocrx_word' id='word_1_348' title='bbox 386 4566 512 4607; x_wconf 80' lang='lat' dir='ltr'><strong>consulibus</strong></span> <span class='ocrx_word' id='word_1_349' title='bbox 567 4573 589 4605; x_wconf 86' lang='lat' dir='ltr'><strong>et</strong></span> <span class='ocrx_word' id='word_1_350' title='bbox 610 4566 671 4620; x_wconf 81' lang='lat' dir='ltr'><strong>jungi</strong></span> <span class='ocrx_word' id='word_1_351' title='bbox 680 4565 812 4616; x_wconf 74' lang='lat' dir='ltr'><strong>oonsulibus,</strong></span> <span class='ocrx_word' id='word_1_352' title='bbox 834 4564 886 4606; x_wconf 84' lang='lat' dir='ltr'><strong>dere</strong></span> <span class='ocrx_word' id='word_1_353' title='bbox 895 4565 1037 4618; x_wconf 78' lang='lat' dir='ltr'><strong>cumsapien</strong></span> <span class='ocrx_word' id='word_1_354' title='bbox 1057 4567 1167 4609; x_wconf 76' lang='lat' dir='ltr'><strong>similium.</strong></span> <span class='ocrx_word' id='word_1_355' title='bbox 1282 4576 1305 4609; x_wconf 86' lang='lat' dir='ltr'><strong>et</strong></span> <span class='ocrx_word' id='word_1_356' title='bbox 1323 4581 1390 4623; x_wconf 76' lang='lat' dir='ltr'><strong>agere</strong></span> <span class='ocrx_word' id='word_1_357' title='bbox 1411 4573 1487 4612; x_wconf 78' lang='lat' dir='ltr'><strong>omnia</strong></span> 
     </span>
     <span class='ocr_line' id='line_1_46' title="bbox 386 4615 1358 4674; baseline 0 -18"><span class='ocrx_word' id='word_1_358' title='bbox 386 4616 529 4669; x_wconf 86' lang='lat' dir='ltr'><strong>scriptoribus</strong></span> <span class='ocrx_word' id='word_1_359' title='bbox 567 4623 590 4656; x_wconf 88' lang='lat' dir='ltr'><strong>et</strong></span> <span class='ocrx_word' id='word_1_360' title='bbox 611 4623 633 4656; x_wconf 86' lang='lat' dir='ltr'><strong>et</strong></span> <span class='ocrx_word' id='word_1_361' title='bbox 699 4616 813 4671; x_wconf 78' lang='lat' dir='ltr'><strong>disponere</strong></span> <span class='ocrx_word' id='word_1_362' title='bbox 835 4615 1036 4667; x_wconf 59' lang='lat' dir='ltr'><strong>amabimini-</strong></span> <span class='ocrx_word' id='word_1_363' title='bbox 1283 4631 1358 4674; x_wconf 75' lang='lat' dir='ltr'><strong>open,</strong></span> 
     </span>
     <span class='ocr_line' id='line_1_47' title="bbox 386 4666 900 4721; baseline -0.002 -13"><span class='ocrx_word' id='word_1_364' title='bbox 386 4667 503 4721; x_wconf 83' lang='lat' dir='ltr'><strong>disponere</strong></span> <span class='ocrx_word' id='word_1_365' title='bbox 515 4678 588 4721; x_wconf 69' lang='lat' dir='ltr'><strong>opert</strong></span> <span class='ocrx_word' id='word_1_366' title='bbox 611 4679 685 4721; x_wconf 81' lang='lat' dir='ltr'><strong>opem.</strong></span> <span class='ocrx_word' id='word_1_367' title='bbox 835 4666 900 4708; x_wconf 79' lang='lat' dir='ltr'><strong>libus.</strong></span> 
     </span>
    </p>
   </div>
   <div class='ocr_carea' id='block_1_9' title="bbox 0 0 1793 5375">
    <p class='ocr_par' dir='ltr' id='par_1_10' title="bbox 0 0 1793 5375">
     <span class='ocr_line' id='line_1_48' title="bbox 0 0 1793 5375; baseline 0 0"><span class='ocrx_word' id='word_1_368' title='bbox 0 0 1793 5375; x_wconf 95' lang='lat' dir='ltr'><strong> </strong></span> 
     </span>
    </p>
   </div>
  </div>
 </body>
</html>
