3575 5375
350 627 411 670 220
573 612 729 672 OPERIS
753 612 942 682 MAJORIS
965 612 1080 672 PARS
1105 610 1289 686 QUARTA.

349 776 503 841 historias
540 777 690 842 sciendas
727 787 761 841 et
795 777 1024 843 certificandas
1059 797 1194 841 necesse
1223 785 1274 840 est
1305 772 1498 858 theologum

349 881 518 944 abundare
551 881 584 944 in
624 892 790 963 potestate
822 883 1025 959 numerandi,
1056 892 1093 946 ut
1123 881 1207 947 sciat
1237 900 1352 944 omnes
1382 880 1502 943 modos

349 984 563 1067 algoristicos,
573 1006 640 1049 non
656 986 764 1049 solum
781 985 814 1049 in
829 986 964 1069 integris
979 987 1038 1049 sed
1056 986 1089 1048 in
1105 983 1328 1056 fractionibus,
1337 993 1501 1064 quatenus

348 1089 432 1152 sciat
447 1109 627 1164 numerare,
638 1090 769 1164 addere,
779 1089 934 1167 minuere,
944 1089 1098 1167 mediare,
1109 1088 1336 1170 multiplicare,
1346 1086 1501 1162 dividere,

348 1201 383 1254 et
403 1193 529 1256 radices
549 1193 732 1273 extrahere,
748 1204 817 1257 tam
836 1193 1011 1257 fractiones
1031 1212 1133 1275 quam
1156 1193 1304 1273 integra;
1327 1199 1362 1256 et
1381 1191 1500 1253 iterum

348 1297 439 1378 quod
463 1317 529 1360 non
551 1296 659 1361 solum
682 1299 764 1361 sciat
787 1298 940 1380 vulgares
966 1297 1142 1362 fractiones
1168 1316 1270 1379 penes
1296 1295 1501 1371 medietates,

348 1400 474 1478 tertias,
490 1413 635 1483 quartas,
658 1402 800 1484 quintas,
819 1412 853 1466 et
880 1403 927 1465 sic
954 1401 987 1464 in
1014 1399 1197 1477 infinitum3
1221 1400 1281 1462 sed
1302 1401 1393 1481 quod
1417 1397 1502 1462 sciat

349 1506 588 1570 astronomicas
613 1505 789 1570 fractiones
819 1525 877 1588 per
904 1506 1040 1582 minuta,
1067 1506 1220 1584 secunda,
1244 1504 1350 1580 tertia,
1373 1511 1502 1584 quarta,

349 1608 475 1690 quinta,
498 1619 532 1672 et
553 1610 601 1671 sic
625 1609 658 1672 in
681 1609 867 1686 infinitum;
892 1611 972 1693 quia
993 1609 1025 1672 in
1047 1609 1099 1672 his
1121 1606 1346 1672 historialibus
1368 1614 1501 1688 oportet

350 1732 513 1776 recurrere
535 1712 577 1776 ad
602 1725 731 1777 motum
749 1715 828 1778 solis
846 1725 880 1778 et
902 1714 1009 1792 lunae,
1025 1715 1058 1776 iu
1078 1713 1200 1795 quibus
1219 1710 1305 1777 tales
1324 1710 1501 1774 fractiones

349 1817 600 1881 considerantur
615 1818 848 1900 principaliter,
864 1820 907 1882 de
922 1819 1041 1901 quibus
1056 1821 1136 1883 satis
1152 1816 1434 1899 exemplificatum
1449 1824 1501 1878 est

348 1922 508 2004 superius.
555 1921 600 1985 Et
624 1941 690 1985 non
713 1923 820 1987 solum
843 1932 978 2007 oportet
1000 1923 1175 1987 fractiones
1198 1921 1395 1985 Latinorum
1418 1920 1502 1982 scire

349 2035 383 2089 et
406 2023 569 2099 Arabum,
591 2028 650 2090 sed
674 2027 914 2106 Hebraeorum,
937 2028 995 2110 qui
1025 2026 1180 2111 frangunt
1202 2045 1303 2090 unam
1326 2025 1442 2090 horam
1467 2024 1500 2086 in

349 2129 472 2192 mlxxx
491 2141 603 2212 partes
628 2132 671 2196 de
694 2132 814 2214 quibus
837 2141 965 2196 tactum
991 2141 1043 2196 est
1065 2133 1164 2214 prius.
1204 2130 1381 2196 Caeterum
1399 2128 1501 2204 illum,

347 2235 404 2318 qui
427 2236 476 2298 uti
498 2235 599 2298 debet
622 2236 682 2313 his,
703 2238 787 2300 scire
809 2257 941 2301 necesse
968 2247 1019 2299 est
1044 2237 1199 2299 reducere
1222 2237 1351 2300 diversa
1376 2253 1499 2316 genera

349 2338 543 2402 fractionum
560 2341 603 2403 ad
620 2340 780 2420 invicem3
803 2341 881 2424 quia
897 2342 925 2404 si
944 2343 1029 2405 inter
1049 2341 1178 2422 integra
1196 2339 1347 2404 accidant
1370 2347 1500 2420 septem

348 2442 494 2524 quintae,
513 2453 548 2507 et
568 2446 684 2509 decem
707 2447 877 2528 septimae,
896 2455 930 2509 et
950 2444 1067 2527 viginti
1090 2455 1235 2521 octavae,
1250 2454 1285 2506 et
1305 2439 1499 2525 hujusmodi

348 2544 484 2610 infinitis
507 2549 622 2625 modis,
647 2568 711 2611 non
735 2559 846 2632 potest
868 2548 970 2612 homo
989 2570 1025 2612 se
1048 2548 1214 2631 expedire,
1232 2547 1266 2610 ni
1290 2547 1370 2610 istas
1393 2546 1499 2609 diver·

349 2649 462 2715 sitates
486 2649 682 2716 fractionum
707 2653 842 2717 reducat
869 2653 912 2717 ad
939 2673 1041 2717 unum
1068 2673 1171 2737 genus
1196 2650 1372 2724 fractionis,
1396 2660 1432 2714 ut
1455 2649 1502 2713 sic

348 2755 547 2818 reducantur
577 2757 619 2819 ad
647 2757 784 2839 integra.
839 2757 907 2823 Sed
934 2759 967 2822 in
994 2757 1046 2820 his
1071 2758 1283 2821 fractionibus
1308 2764 1342 2818 et
1367 2754 1502 2836 integris

349 2858 480 2922 utendis
506 2878 626 2940 magna
656 2872 706 2924 est
737 2861 914 2937 subtilitas,
936 2872 970 2925 et
1000 2861 1138 2946 pulchra
1166 2860 1350 2944 sapientiae
1372 2857 1500 2921 lumina

349 2960 562 3036 relucescunt,
580 2965 755 3047 praecipue
776 2985 852 3028 cum
875 2987 935 3049 per
955 2966 1038 3030 haec
1061 2976 1133 3030 tota
1152 2965 1313 3047 sapientia
1333 2963 1445 3026 divina
1466 2972 1501 3025 et

348 3065 493 3129 humana
513 3067 665 3149 dirigitur
686 3081 720 3134 et
743 3069 950 3149 rectificatur,
967 3071 1148 3134 secundum
1172 3069 1262 3151 quod
1286 3068 1501 3131 auctoritates

349 3167 539 3235 Cassiodori
556 3156 589 3234 et
607 3171 724 3236 Isidori
744 3174 834 3256 prius
855 3173 1029 3238 manifeste
1046 3180 1290 3255 expresserunt,
1304 3172 1362 3254 qui
1384 3173 1500 3235 crude·

347 3273 424 3337 liter
438 3295 498 3339 nos
511 3277 713 3360 redarguunt
729 3298 771 3340 ex
788 3297 837 3355 eo,
846 3278 938 3359 quod
953 3297 1069 3341 omnes
1081 3278 1270 3359 ignorantes
1285 3294 1499 3338 numerorum

347 3387 549 3460 potestatem
565 3391 715 3445 asserunt
731 3402 797 3444 non
814 3381 945 3445 differre
960 3402 981 3443 a
996 3381 1102 3443 brutis
1116 3379 1324 3457 animalibus,
1336 3398 1424 3461 quae
1439 3396 1501 3441 nec

348 3482 459 3544 divina
488 3502 549 3547 nec
579 3483 724 3548 humana
752 3494 963 3568 cognoscunt.
1008 3484 1132 3561 Tertio,
1161 3483 1249 3546 valet
1278 3481 1502 3547 consideratio

346 3604 557 3649 numerorum
582 3588 614 3650 in
637 3589 805 3671 scriptura,
827 3589 953 3652 scilicet
975 3588 1008 3651 iu
1030 3588 1190 3650 divisione
1212 3595 1246 3649 et
1267 3586 1502 3651 distributione

347 3688 486 3751 sortium
500 3691 697 3770 praedarum
709 3702 744 3755 et
756 3692 947 3774 portionum
959 3691 1107 3755 facienda
1119 3690 1355 3769 sacerdotibus,
1366 3691 1502 3770 Levitis,

348 3790 558 3872 principibus,
579 3804 613 3857 et
635 3795 782 3876 singulis,
804 3798 983 3860 secundum
1007 3796 1098 3878 quod
1121 3796 1259 3877 Moyses
1282 3796 1502 3878 peritissimus

349 3896 380 3957 in
397 3897 680 3960 numerationibus
695 3899 891 3980 algoristicis
906 3900 1075 3964 distribuit
1093 3900 1270 3983 unicuique
1290 3902 1381 3982 quod
1403 3920 1501 3965 suum

348 4007 408 4077 est,
437 3996 598 4063 infinitam
629 4003 724 4083 quasi
756 4002 1067 4085 multiplicationem
1098 4024 1204 4067 rerum
1235 4004 1435 4069 distribuens
1467 4004 1501 4068 in

348 4112 459 4186 partes
486 4104 685 4169 certissimas
713 4107 868 4191 operibus
896 4106 1093 4191 algoristicis
1117 4108 1348 4190 propriissimis
1370 4116 1441 4173 tam
1465 4110 1500 4173 in

348 4206 562 4270 fractionibus
585 4229 685 4289 quam
716 4212 749 4273 in
773 4210 917 4293 integris
964 4211 1010 4276 Et
1036 4210 1145 4275 nullus
1173 4211 1333 4275 literalem
1355 4232 1502 4292 sensum,

350 4328 411 4373 nec
432 4330 490 4391 per
510 4330 716 4395 consequens
738 4313 944 4396 spiritualem
967 4322 1077 4396 potest
1099 4315 1226 4393 elicere,
1246 4324 1283 4379 ut
1299 4317 1407 4401 exigit
1425 4316 1502 4400 dig·

350 4412 436 4476 nitas
457 4415 647 4497 scripturae,
668 4417 728 4480 nisi
746 4436 884 4499 operum
906 4416 1024 4481 horum
1043 4418 1127 4483 sciat
1144 4419 1307 4483 rationem
1329 4432 1362 4485 et
1383 4431 1502 4486 noscat

350 4518 558 4597 operationes
583 4521 776 4584 numerandi
803 4541 862 4604 per
882 4540 965 4604 quas
990 4522 1128 4604 Moyses
1149 4523 1258 4587 etalii
1280 4525 1313 4587 in
1335 4525 1502 4610 scriptura

349 4620 544 4701 procedunt.
