3575 5375
335 606 664 666 PHILOSOPHIAE
690 605 780 664 CUM
807 604 1050 665 THEOLOGIA
1077 606 1318 665 AFFINITAS.
1361 620 1402 683 47

246 770 389 836 decimo.
434 772 526 835 Ante
541 769 639 852 hujus
653 780 805 853 tempora
821 790 887 833 non
904 769 965 835 suit
980 771 1158 834 secundum
1173 770 1399 854 Augustinum

249 876 432 959 sapientiae
458 876 603 940 studium
628 875 730 937 literis
758 885 792 938 et
821 875 951 956 scriptis
977 886 1224 958 pertractatum,
1248 874 1400 958 quamvis

248 979 407 1043 doctrinis
422 978 596 1044 Abraham
620 978 770 1043 instructi
793 978 934 1043 suerunt.
981 979 1027 1042 Et
1045 979 1116 1055 Isis,
1134 989 1171 1043 ut
1193 978 1399 1062 Augustinus

247 1084 303 1159 ait,
319 1085 438 1149 dicitur
460 1085 560 1148 luisse
583 1082 650 1146 filia
667 1082 787 1160 Machi,
802 1083 858 1166 qui
879 1082 941 1147 luit
964 1083 1089 1165 primus
1113 1104 1172 1146 rex
1187 1083 1401 1165 Argivorum,

248 1190 305 1270 qui
329 1190 478 1270 regnavit
504 1189 612 1272 primo
633 1208 720 1251 anno
746 1187 854 1268 Jacob
880 1197 914 1251 et
940 1188 1030 1250 Esau
1056 1199 1217 1269 nepotum
1233 1186 1399 1265 Abrahae,

247 1293 332 1357 sicut
347 1293 560 1375 Augustinus
582 1302 616 1356 et
639 1292 794 1355 historiae
816 1292 1023 1356 confitentur.
1069 1292 1270 1375 Quanquam
1293 1292 1399 1357 etalii

247 1397 432 1474 voluerunt,
447 1398 538 1480 quod
556 1396 618 1459 Isis
633 1396 758 1460 veniret
773 1395 816 1457 de
830 1394 1015 1477 Aethiopia
1030 1396 1063 1459 in
1080 1397 1288 1480 Aegyptum,
1304 1405 1338 1460 et
1353 1396 1399 1459 eis

248 1502 359 1566 literas
380 1501 484 1579 dedit,
499 1510 533 1565 et
555 1499 661 1563 multa
684 1498 844 1563 beneficia
864 1500 1011 1576 contulit,
1027 1499 1113 1565 sicut
1128 1500 1246 1566 recitat
1264 1500 1398 1583 Augus-

247 1605 347 1670 tinus.
393 1605 461 1671 Sed
478 1614 590 1668 tamen
605 1614 683 1669 ante
704 1614 836 1686 tempus
853 1604 965 1667 Machi
987 1624 1053 1668 non
1077 1603 1149 1682 suit,
1165 1616 1202 1668 ut
1225 1605 1258 1667 in
1282 1605 1399 1669 ordine

247 1730 362 1792 regum
384 1709 535 1793 Aegypti
558 1710 591 1771 in
614 1708 774 1773 chronicis
796 1710 963 1792 reperitur.
1011 1708 1141 1773 Eodem
1165 1718 1314 1793 tempore
1337 1708 1398 1773 suit

249 1814 401 1879 Minerva
412 1823 523 1876 aetate
534 1812 684 1895 virginali
696 1833 869 1896 apparens,
880 1813 1068 1891 multorum,
1080 1824 1115 1878 ut
1127 1814 1397 1896 ait'Augustinus

245 1918 331 1983 libro
350 1919 533 2003 praedicto,
548 1918 724 1993 inventrix,
739 1937 824 2000 quae
843 1918 951 1982 Pallas
971 1920 1099 1997 dicitur,
1115 1930 1147 1983 et
1170 1920 1260 2002 apud
1283 1928 1398 2002 poetas

248 2023 321 2088 Dea
335 2023 517 2106 sapientiae
531 2032 747 2105 nuncupatur,
762 2032 796 2085 et
811 2022 949 2087 Athena
964 2034 1108 2098 vocatur,
1123 2033 1224 2106 atque
1236 2023 1399 2099 Tritonia,

249 2137 285 2192 ut
301 2128 380 2191 dicit
397 2126 615 2208 Augustinus.
662 2125 708 2190 Et
725 2126 873 2189 isidorus
893 2126 981 2191 hunc
1002 2126 1109 2191 locum
1132 2148 1204 2191 esse
1224 2127 1256 2190 in
1272 2126 1396 2199 Africa,

247 2232 304 2314 qui
314 2232 410 2296 Trito
419 2240 566 2304 vocatur,
576 2230 691 2295 recitat
703 2239 822 2294 octavo
834 2229 918 2295 libro
930 2229 1217 2313 etymologiarum,
1227 2239 1260 2294 et
1272 2230 1395 2295 Plinius

246 2336 364 2419 quinto
390 2334 484 2412 libro,
506 2356 526 2398 a
552 2355 620 2416 quo
646 2334 755 2398 Pallas
779 2334 899 2398 dicitur
922 2333 1072 2399 Tritonia
1098 2345 1132 2399 et
1158 2335 1219 2399 suit
1245 2346 1397 2418 tempore

247 2440 360 2503 diluvii
377 2439 508 2523 Ogygis
523 2440 616 2522 regis,
630 2439 719 2520 quod
737 2438 783 2501 illi
798 2439 981 2513 ascribitur,
993 2438 1071 2521 quia
1086 2440 1117 2503 in
1134 2439 1262 2503 Achaia
1278 2439 1397 2503 accidit

247 2553 398 2626 tempore
413 2545 493 2626 ejus,
505 2545 561 2626 qui
577 2544 757 2607 secundum
771 2542 1013 2624 Augustinum,
1028 2544 1209 2607 Eusebium
1226 2553 1259 2607 et
1277 2543 1398 2606 Hiero·

246 2666 396 2730 nymum‚
414 2660 447 2714 et
464 2646 616 2713 Solinum
637 2646 721 2711 libro
739 2647 782 2712 de
800 2646 1006 2712 mirabilibus
1027 2649 1151 2726 mundi,
1167 2648 1228 2713 luit
1247 2657 1398 2731 tempore

247 2752 411 2818 Phoronei
430 2752 486 2816 filii
511 2753 633 2817 Machi.
680 2753 845 2836 Regnavit
865 2762 979 2818 autem
997 2753 1137 2817 Machus
1155 2753 1397 2837 quinquaginta

247 2858 352 2936 annis,
367 2867 401 2921 et
418 2856 609 2921 Phoroneus
630 2855 716 2920 filius
738 2855 809 2937 ejus
829 2859 1014 2941 sexaginta,
1031 2857 1123 2939 cujus
1144 2868 1294 2942 ternpore
1309 2857 1397 2923 sacta

245 2971 297 3025 est
313 2960 645 3046 repromissioJacob,
657 2959 743 3024 sicut
758 2960 844 3044 patri
860 2983 931 3042 suo,
941 2971 977 3025 ut
993 2961 1072 3026 dicit
1082 2962 1303 3045 Augustinus.
1350 2961 1397 3026 Et

245 3066 320 3131 ideo
337 3065 475 3150 Ogyges
491 3064 552 3128 luit
566 3076 718 3148 ternpore
732 3064 857 3146 Jacob3
880 3067 968 3131 unde
985 3065 1119 3132 Solinus
1134 3067 1395 3145 dicit,diluvium

246 3171 389 3253 primum
405 3172 438 3233 in
449 3169 578 3234 Achaia
592 3168 691 3232 luisse
706 3180 857 3253 tempore
869 3171 999 3255 Ogygia
1015 3181 1048 3234 et
1060 3172 1166 3252 Jacob
1181 3171 1394 3253 patriarchae.

246 3272 347 3356 Quod
359 3274 517 3338 diluvium
531 3272 592 3337 suit
601 3282 679 3337 ante
687 3272 848 3337 diluvium
860 3275 1073 3338 Deucalionis
1083 3296 1142 3358 per
1153 3274 1217 3336 600
1231 3295 1344 3346 annos,
1355 3281 1393 3336 ut

245 3380 334 3442 idem
345 3388 456 3444 narrat
466 3377 611 3443 Solinus.
644 3377 734 3440 Nam
745 3388 781 3443 ut
792 3378 1018 3460 Hieronymus
1027 3387 1060 3443 et
1073 3378 1236 3443 Eusebius
1252 3386 1394 3454 narrant,

245 3495 404 3566 regnante
420 3482 569 3566 Cecrope
587 3483 695 3564 primo
715 3503 792 3566 rege
810 3483 1075 3561 Atheniensium,
1091 3485 1153 3548 sub
1171 3505 1239 3566 quo
1256 3484 1393 3565 Moyses

244 3589 362 3653 eduxit
377 3587 463 3652 filios
481 3586 584 3652 Israel
600 3589 643 3650 de
659 3587 828 3672 Aegypto,
846 3586 908 3651 suit
926 3587 1137 3652 Deucalionis
1152 3587 1320 3651 dilnvium.

289 3689 336 3754 Et
349 3690 413 3752 sub
426 3687 601 3751 Phoroneo
617 3688 751 3751 moralis
766 3688 977 3773 philosophia
993 3688 1116 3770 incepit
1131 3689 1220 3772 apud
1237 3687 1394 3752 infideles.

243 3792 333 3858 Nam
373 3792 584 3875 Augustinus
619 3792 711 3870 dicit,
748 3794 839 3875 quod
875 3793 939 3855 sub
975 3790 1085 3876 legum
1124 3802 1158 3856 et
1192 3791 1392 3875 judiciorum

243 3896 404 3962 institutis
420 3894 559 3959 Graecia
576 3894 693 3959 clarior
713 3894 801 3960 tacta
822 3895 906 3962 est¹.
945 3896 1013 3961 Sed
1034 3907 1112 3980 post
1132 3896 1263 3961 suerunt
1282 3916 1392 3962 mores

242 4011 277 4064 et
296 4000 373 4083 jura
395 3999 548 4075 vivendi3
572 4001 663 4082 quod
692 4009 786 4082 patet
815 4020 874 4082 per
906 4000 1131 4066 inhibitionem
1162 4001 1331 4084 sanguinis
1358 4010 1392 4065 et

242 4103 411 4169 licentiam
434 4104 477 4168 de
500 4124 560 4166 usu
582 4103 729 4166 carnium
752 4113 830 4186 post
852 4104 1025 4182 diluvium,
1044 4115 1078 4168 et
1101 4105 1145 4168 de
1166 4105 1336 4187 emptione
1358 4113 1393 4168 et

241 4208 431 4272 venditione
450 4207 541 4289 apud
557 4204 731 4270 Abraham
751 4228 812 4290 pro
832 4206 1009 4290 spelunca3
1032 4218 1132 4291 atque
1151 4228 1195 4270 ex
1216 4209 1394 4272 sanctitate

243 4311 402 4377 Abrahae
420 4320 456 4376 et
473 4321 604 4393 patrum
623 4331 759 4375 suorum
779 4311 868 4393 leges
890 4311 1049 4376 honestas
1072 4321 1106 4376 et
1127 4332 1238 4376 sacras
1259 4312 1392 4375 vivendi

241 4415 411 4480 concludit
422 4416 467 4480 ab
479 4416 526 4478 eis
538 4414 638 4478 luisse
653 4415 800 4480 edoctos.
845 4415 893 4480 Et
909 4434 984 4479 cum
1001 4417 1109 4479 minus
1125 4415 1223 4480 utiles
1238 4414 1393 4480 scientias

241 4521 461 4604 perfecerunt,
477 4539 545 4583 non
560 4517 675 4582 debuit
690 4527 858 4582 tantorum
874 4519 1019 4583 virorum
1038 4519 1200 4602 sapientia
1218 4517 1391 4582 scientiam

576 4654 586 4684 ¹
600 4654 641 4705 De
654 4653 819 4715 Cimlaan',
832 4655 877 4705 hb.
888 4654 958 4705 xviii.
970 4670 1026 4718 cap.
1038 4669 1064 4717 3.
