3575 5375
352 581 415 662 376
578 583 734 642 OPERIS
757 580 947 652 MAJORIS
972 579 1086 640 PARS
1110 579 1297 654 QUARTA.

354 746 530 813 Sclavonia
546 758 596 812 est
617 755 652 810 et
670 746 776 810 forum
796 744 877 826 Julii
896 756 930 809 et
950 747 1036 809 circa
1057 754 1167 827 partes
1185 744 1404 808 Venetiarum
1423 745 1512 810 sole·

354 852 435 916 bant
450 871 523 917 esse
542 851 654 934 Illyrii.
699 850 746 914 Et
765 848 832 924 hae
853 868 968 913 omnes
986 849 1139 914 nationes
1156 859 1234 914 sunt
1257 850 1403 914 inclusae
1425 850 1513 914 inter

355 956 526 1021 brachium
554 955 660 1021 sancti
688 954 834 1036 Georgii,
858 963 892 1016 et
917 973 1006 1017 mare
1027 974 1187 1036 magnum
1219 954 1264 1018 ab
1293 955 1444 1033 oriente;
1475 965 1512 1019 et

355 1062 441 1125 inter
468 1059 660 1125 Danubium
686 1060 742 1142 qui
768 1067 906 1122 vocatur
932 1057 1049 1122 Hister
1078 1058 1112 1121 in
1142 1077 1266 1140 magna
1295 1059 1346 1122 sui
1371 1069 1468 1142 parte
1490 1077 1512 1122 a

354 1167 598 1248 septentrione3
620 1174 655 1228 et
670 1165 756 1229 inter
771 1183 862 1227 mare
878 1162 1088 1227 Adriaticum
1106 1184 1128 1226 a
1143 1163 1286 1228 meridie.
1342 1163 1511 1228 Distantia

354 1290 432 1334 vero
447 1289 548 1353 penes
563 1269 714 1332 milliaria
729 1277 763 1332 et
778 1267 885 1332 dietas
901 1276 1012 1350 potest
1027 1267 1061 1330 in
1074 1266 1240 1348 aliquibus
1257 1268 1374 1332 notari.
1420 1267 1510 1330 Nam

353 1395 375 1437 a
390 1373 542 1439 Venetiis
557 1393 616 1458 per
631 1373 724 1436 littus
736 1373 835 1436 maris
850 1381 928 1437 sunt
943 1371 1018 1454 plus
1029 1391 1131 1454 quam
1146 1392 1222 1436 cccc
1238 1371 1391 1436 milliaria
1406 1393 1510 1454 usque

355 1478 398 1541 ad
416 1478 607 1542 Duracium.
654 1476 786 1541 Deinde
805 1476 956 1558 superius
975 1478 1189 1541 ascendendo
1207 1497 1312 1559 usque
1334 1478 1377 1541 ad
1394 1477 1510 1541 Patras

354 1583 523 1646 civitatem
540 1582 701 1645 famosam
721 1590 798 1645 sunt
813 1580 859 1655 xl,
875 1600 896 1643 a
911 1599 978 1662 qua
992 1601 1097 1662 usque
1118 1580 1314 1646 Corinthum
1334 1581 1378 1654 lx,
1399 1602 1420 1644 a
1442 1600 1511 1663 qua

355 1688 517 1768 usquead
543 1685 695 1749 Athenas
717 1684 764 1763 xl,
779 1705 799 1746 a
818 1704 885 1766 qua
906 1705 1013 1767 usque
1035 1685 1169 1750 Thebas
1192 1686 1238 1764 xl,
1260 1687 1381 1750 deinde
1403 1706 1509 1767 usque

355 1791 498 1874 Nigrum
515 1799 650 1871 pontem
666 1789 786 1868 xviiia
802 1809 869 1871 quo
888 1810 947 1873 per
962 1809 1053 1853 mare
1064 1809 1170 1871 usque
1182 1789 1508 1874 Constantinopolim

354 1895 524 1980 quingenti
541 1892 713 1972 milliaria;
736 1903 770 1958 et
780 1913 799 1958 a
810 1894 919 1976 Nigro
928 1903 1032 1975 ponte
1040 1913 1146 1976 usque
1157 1891 1291 1958 Cretam
1301 1895 1443 1958 insulam
1453 1913 1510 1958 ccc

355 2000 514 2064 milliaria.
563 1999 694 2062 Deinde
712 2017 756 2061 ex
772 1999 875 2062 altera
890 2007 986 2080 parte
1005 1998 1105 2062 maris
1120 1997 1292 2078 Adriatici,
1303 1998 1508 2081 interipsum

354 2115 388 2170 et
405 2125 493 2168 mare
511 2105 603 2187 quod
622 2103 666 2168 ab
685 2103 860 2167 Adriatico
883 2102 1029 2166 decurrit
1049 2103 1083 2165 in
1104 2102 1312 2185 Hispaniam,
1327 2102 1417 2184 jacet
1437 2113 1510 2168 tota

356 2209 463 2283 Italia,
490 2218 525 2272 et
554 2207 674 2272 deinde
698 2207 879 2285 Provincia,
902 2219 936 2271 et
958 2206 1096 2270 tandem
1121 2205 1296 2290 Hispania.
1342 2205 1410 2271 Sed
1430 2208 1510 2290 quia

355 2324 455 2377 notae
482 2320 567 2387 sunt,
593 2332 659 2376 non
685 2322 817 2395 oportet
844 2331 933 2376 nunc
956 2310 1032 2395 plus
1053 2312 1096 2374 de
1121 2311 1192 2375 istis
1220 2311 1411 2394 regionibus
1432 2313 1509 2376 dici.

356 2417 452 2481 Haec
482 2419 582 2500 igitur
612 2425 662 2479 est
696 2415 840 2494 historia,
866 2435 967 2498 quam
993 2416 1083 2479 volui
1108 2415 1162 2478 hic
1188 2426 1304 2479 texere
1327 2417 1509 2480 secundum

355 2521 595 2603 experientiam
620 2505 817 2584 naturalium
841 2530 874 2585 et
897 2519 1122 2584 itinerantium
1141 2520 1184 2583 dc
1203 2518 1284 2584 locis
1304 2529 1338 2583 et
1355 2520 1511 2603 gentibus

354 2626 457 2690 totius
471 2623 668 2699 habitabilis,
685 2643 857 2707 usquequo
873 2624 994 2690 Vestra
1015 2625 1215 2691 Reverentia
1231 2624 1375 2708 requirat
1390 2623 1510 2707 princi·

353 2730 463 2814 palem
479 2730 673 2813 scripturam
687 2726 708 2793 ¹.

186 3278 301 3328 nutrires
315 3274 345 3326 or
400 3260 480 3325 Post
510 3259 658 3327 locorum
682 3260 939 3343 descriptionem
967 3261 1127 3325 deberent
1150 3262 1243 3344 sequi
1267 3263 1333 3325 alia
1358 3273 1510 3345 quatuor,

185 3354 309 3475 iffi?
356 3365 481 3431 scilicet
493 3364 687 3430 certificatio
703 3375 889 3431 naturarum
906 3366 1076 3430 stellarum
1092 3365 1233 3431 fixarum
1245 3378 1280 3432 et
1292 3352 1510 3450 planetarum,

185 3478 293 3527 treatise.
356 3481 393 3536 ut
409 3472 527 3535 certior
541 3470 716 3534 haberetur
732 3492 790 3553 per
804 3470 886 3535 haec
901 3472 1067 3536 certitudo
1078 3470 1348 3553 complexionum
1361 3474 1510 3537 omnium

355 3574 503 3640 locorum
520 3584 554 3637 et
569 3595 677 3640 rerum
694 3575 886 3649 locatarum,
903 3587 1067 3658 quatenus
1082 3586 1196 3659 posset
1211 3575 1281 3640 fieri
1294 3577 1454 3660 judicium
1466 3581 1510 3643 de

355 3679 592 3763 praesentibus,
609 3679 803 3762 praeteritis,
818 3689 852 3743 et
872 3679 997 3756 futuris,
1013 3690 1050 3744 ut
1066 3680 1202 3744 tandem
1218 3680 1343 3761 fierent,
1359 3684 1477 3765 quinto
1487 3681 1510 3764 ²,

356 3803 458 3866 opera
479 3802 565 3863 quae
584 3794 815 3863 promoverent
838 3784 951 3847 omnia
975 3784 1020 3847 rei
1043 3784 1197 3865 publicae
1220 3784 1313 3850 utilia
1336 3796 1370 3851 et
1392 3788 1509 3851 nociva

357 3887 582 3951 excluderent.
644 3886 712 3951 Sed
750 3908 826 3952 cum
864 3908 931 3951 non
968 3889 1061 3972 potui
1099 3898 1234 3972 propter
1270 3890 1511 3973 impedimenta

388 4059 396 4089 ¹
415 4065 421 4089 ⁶
432 4059 589 4121 Usquequo.
600 4094 606 4106 .
616 4094 623 4108 .
632 4058 784 4120 scripturam
792 4057 798 4080 '
806 4061 915 4109 omitted
927 4061 953 4108 in
963 4061 991 4109 C.
1002 4061 1031 4110 C.
1041 4060 1070 4110 C.
1083 4061 1260 4127 (Cambridge)
1271 4062 1348 4111 MSS.
1383 4063 1413 4112 ln
1423 4064 1455 4113 0.
1464 4080 1510 4114 are

356 4143 400 4189 the
409 4139 513 4188 words:
526 4140 533 4165 ¹
545 4136 645 4187 Finitur
654 4144 744 4199 quarta
756 4154 816 4200 pars
828 4139 932 4200 majoris
940 4139 1045 4201 operis'
1063 4140 1249 4189 Nevertbeless
1260 4142 1305 4190 the
1318 4140 1374 4190 MS.
1385 4145 1510 4204 proceeds

356 4225 383 4268 to
400 4219 446 4267 the
463 4216 623 4278 astrologica!
645 4217 745 4266 section
767 4218 823 4265 tbrrt
840 4216 951 4279 follows,
968 4220 1020 4266 and
1037 4218 1132 4267 indeed
1150 4219 1251 4267 divides
1267 4220 1319 4268 this
1336 4220 1436 4270 section
1454 4224 1509 4273 into

356 4298 477 4360 chapters
493 4312 522 4345 ss
536 4296 635 4356 though
654 4296 673 4343 it
689 4310 763 4345 were
779 4312 795 4343 ι
812 4296 918 4345 distinct
933 4297 1046 4346 trentise.
1079 4297 1136 4346 The
1152 4297 1287 4347 reference
1304 4306 1332 4348 to
1346 4301 1510 4363 pnircr‘pafem

355 4377 516 4439 sm'prumm,
528 4390 558 4423 so
570 4375 641 4423 often
653 4374 754 4437 spoken
767 4374 798 4423 of
805 4374 902 4438 before,
915 4375 970 4423 will
981 4375 1014 4424 be
1026 4377 1115 4426 noted.
1419 4366 1427 4381 ⁵

389 4453 398 4483 ¹
415 4454 472 4504 The
483 4454 541 4503 four
553 4454 674 4516 previous
685 4454 773 4516 points
788 4468 832 4501 are
852 4454 888 4517 (a)
908 4454 952 4503 the
970 4462 1062 4503 nature
1079 4455 1108 4503 of
1121 4456 1167 4504 the
1184 4454 1298 4504 zodiacnl
1315 4457 1406 4518 signs3
1423 4458 1463 4521 (b)
1484 4459 1514 4509 of

356 4534 401 4583 tbe
412 4536 529 4595 planets;
551 4534 586 4595 (c)
601 4534 645 4582 the
657 4532 785 4581 inlluence
796 4531 828 4580 of
835 4534 899 4581 each
910 4548 973 4581 over
983 4532 1071 4594 places
1082 4535 1133 4583 und
1144 4534 1248 4596 things;
1267 4536 1308 4599 (d)
1316 4536 1468 4599 judgement
1479 4553 1509 4586 as

355 4621 383 4662 to
394 4620 452 4676 past
462 4613 514 4661 and
525 4611 610 4661 future
622 4618 715 4661 events
725 4609 840 4661 founded
852 4627 885 4662 on
898 4612 973 4663 these
983 4611 1057 4667 facts.
