3575 5375
338 559 399 640 388
560 561 715 621 OPERIS
739 559 928 630 MAJORIS
952 556 1067 617 PARS
1092 557 1278 631 QUARTA.

339 735 443 790 tatem
460 727 492 789 in
509 725 672 809 oppositis
685 725 831 810 augium,
841 721 927 788 sicut
939 743 999 787 nos
1009 723 1160 786 videmus
1172 743 1231 805 per
1242 722 1493 807 experientiam.

339 830 460 894 Omnia
476 831 562 894 enirn
581 841 687 895 terrae
702 830 872 895 nascentia
888 829 974 892 circa
989 827 1168 892 solstitium
1187 828 1342 892 aestivale
1357 829 1493 911 quando

340 934 399 999 Sol
415 944 465 999 est
481 936 513 998 in
534 955 620 1016 auge
640 935 690 998 sui
713 934 896 1011 eccentrici,
912 932 986 1016 plus
1004 941 1154 997 crescunt
1174 941 1208 995 et
1223 932 1416 1015 vigorantur
1432 953 1493 1014 per

340 1060 442 1103 unum
465 1041 554 1104 diem
579 1060 679 1122 quam
706 1039 787 1104 alias
809 1059 868 1123 per
890 1039 1119 1121 septimanam.
1166 1036 1213 1101 Et
1234 1037 1370 1119 quando
1395 1036 1493 1101 Luna

340 1153 390 1207 est
406 1145 439 1207 in
456 1144 596 1228 augibus
611 1165 742 1208 suorum
759 1143 965 1221 circulorum,
976 1152 1012 1206 ut
1028 1143 1061 1205 in
1074 1141 1240 1206 novilunio
1252 1153 1285 1205 et
1301 1139 1492 1223 pleniluni0‚

339 1258 418 1313 tunc
434 1257 509 1312 sunt
525 1247 678 1313 fortiores
693 1249 904 1331 operationes
920 1247 1001 1331 ejus,
1016 1255 1054 1310 ut
1069 1255 1162 1329 patet
1183 1246 1217 1308 in
1232 1245 1376 1308 fluxibus
1393 1245 1492 1309 maris

339 1362 373 1418 et
396 1354 428 1415 in
453 1353 616 1437 piscibus;
638 1363 717 1416 tunc
740 1354 828 1416 eninr
853 1353 959 1436 pisces
982 1350 1134 1415 meliores
1156 1360 1244 1426 sunt,
1258 1361 1337 1413 tunc
1361 1350 1492 1414 saniora

339 1468 415 1523 sunt
431 1458 613 1542 conchylia,
625 1459 710 1523 sicut
725 1469 874 1523 auctores
890 1458 1024 1534 docent,
1036 1464 1070 1520 et
1085 1454 1307 1539 experientia;
1331 1463 1365 1518 et
1379 1453 1425 1517 sic
1440 1463 1491 1518 est

339 1564 382 1628 de
397 1564 552 1628 omnibus
566 1564 717 1646 planetis.

384 1667 453 1731 Sed
476 1667 630 1732 ultimum
648 1669 738 1750 quod
761 1668 814 1732 hic
835 1668 912 1731 volo
934 1677 1071 1751 tangere
1092 1677 1144 1731 est
1166 1667 1208 1730 de
1230 1667 1385 1731 domibus
1406 1665 1491 1729 duo·

340 1773 457 1848 decim,
472 1793 558 1857 quae
573 1794 632 1856 per
647 1773 840 1838 divisionem
857 1772 940 1837 coeli
957 1773 989 1835 in
1005 1771 1181 1837 duodecim
1203 1781 1313 1853 partes
1334 1772 1490 1846 oriuntur,

339 1876 464 1940 scilicet
486 1897 626 1960 quarum
653 1877 869 1942 consideratio
894 1876 1040 1940 maxime
1067 1876 1205 1939 docetur
1227 1873 1247 1938 a
1273 1873 1490 1959 philosophis.

340 1981 429 2046 Nam
452 1981 659 2046 Albumazar
681 1981 713 2046 in
738 1981 822 2044 libro
844 1983 886 2045 de
908 1981 1063 2044 Floribus
1081 1981 1169 2058 dicit,
1192 1981 1282 2063 quod
1309 1978 1491 2044 certissime

339 2086 563 2150 discutiendae
578 2096 611 2151 et
627 2087 870 2150 examinandae
885 2093 973 2148 sunt.
1020 2085 1108 2148 Nam
1131 2105 1190 2168 per
1204 2085 1264 2149 has
1284 2087 1393 2168 primo
1411 2103 1491 2147 con-

341 2191 512 2268 sideratur,
535 2191 610 2272 quis
636 2190 770 2274 planeta
795 2189 987 2254 dominatur
1011 2189 1236 2273 complexioni
1262 2190 1366 2253 totius
1392 2188 1490 2264 anni;

340 2315 425 2376 quae
445 2296 665 2360 consideratio
686 2295 723 2359 fit
745 2295 776 2357 in
796 2294 958 2378 principio
972 2294 1068 2371 veris,
1082 2296 1215 2377 quando
1231 2293 1290 2358 Sol
1309 2293 1492 2377 ingreditur

341 2399 485 2481 primum
510 2400 672 2463 minutum
693 2399 820 2464 Arietis
842 2399 875 2462 in
898 2400 1108 2480 aequinoctio
1125 2397 1268 2477 vemali3
1292 2407 1327 2462 et
1350 2418 1408 2481 per
1429 2397 1491 2462 has

340 2503 597 2585 significationes
608 2505 717 2580 scitur,
726 2505 898 2588 quomodo
911 2502 1063 2585 planetae
1073 2503 1231 2566 inducunt
1241 2501 1490 2586 complexiones

340 2606 543 2691 singulorum
559 2609 685 2672 dierum
704 2618 737 2672 ct
752 2608 957 2690 singularum
973 2607 1138 2680 horarum,
1154 2615 1188 2671 et
1203 2605 1352 2670 omnium
1371 2626 1490 2682 rerum,

339 2713 521 2777 secundum
538 2715 627 2795 quod
642 2714 825 2777 ascendunt
841 2734 942 2796 super
955 2712 1172 2776 horizontem.
1203 2712 1292 2775 Nam
1309 2713 1491 2775 ostendunt

339 2816 402 2880 hoc
418 2817 592 2881 manifeste
607 2818 788 2881 astronomi
805 2829 839 2881 et
854 2818 1059 2901 experientia
1072 2816 1271 2881 manifestat.
1303 2816 1379 2881 Hae
1390 2816 1492 2899 igitur

338 2930 415 2985 sunt
436 2921 562 2985 radices
583 2921 626 2984 de
643 2921 839 2986 alteratione
859 2923 1130 3004 complexionum
1151 2943 1259 2985 rerum
1280 2941 1339 3003 per
1355 2922 1490 2985 virtutes

338 3024 517 3102 stellarum,
535 3026 569 3088 in
592 3026 685 3107 cujus
707 3036 850 3090 tractatu
873 3027 997 3090 debent
1020 3026 1179 3108 explicari
1205 3027 1286 3090 rami
1309 3034 1343 3089 et
1366 3024 1490 3089 fructus

338 3139 373 3194 et
399 3129 497 3194 flores
525 3151 600 3194 curn
626 3131 748 3195 tabulis
771 3140 805 3195 et
831 3130 1085 3214 figurationibus
1109 3130 1329 3209 nobilissimis,
1351 3150 1396 3194 cx
1421 3150 1489 3211 quo

340 3234 543 3299 manifestior
556 3244 606 3299 est
627 3243 775 3319 potestas
796 3234 974 3317 figurarum
996 3246 1030 3299 et
1050 3235 1327 3313 numerationum,
1343 3254 1402 3298 nec
1422 3253 1490 3297 non

339 3340 553 3423 praegrandis
569 3339 694 3404 utilitas
712 3348 746 3403 et
764 3340 947 3421 sapientiae
963 3339 1184 3422 pulchritudo.

169 3451 316 3528 Interpreta-
383 3443 463 3508 Post
478 3443 559 3509 haec
575 3446 721 3527 sequitur
736 3453 900 3526 quartum,
910 3444 999 3526 quod
1011 3453 1062 3507 est
1073 3443 1294 3507 consideratio
1310 3444 1353 3507 de
1363 3442 1490 3525 judicio

168 3516 325 3645 {ffiiim
339 3557 373 3611 et
389 3549 577 3630 cognitione
597 3549 847 3632 praeteritorum
869 3548 1090 3630 praesentium
1112 3557 1147 3612 et
1162 3548 1354 3611 futurorum.
1400 3547 1489 3610 Nam

169 3648 230 3697 with
243 3647 314 3697 refer·
338 3651 365 3713 si
382 3672 481 3715 causa
496 3650 767 3735 complexionum
784 3673 891 3715 rerum
908 3660 959 3715 est
974 3651 1127 3716 coelestis
1138 3651 1355 3728 constellatio,
1367 3652 1489 3734 poterit

168 3722 267 3828 ffiflfl
338 3754 529 3836 hujusmodi
553 3755 688 3820 effectus
711 3757 783 3819 sciri
809 3755 971 3839 perhanc
990 3776 1133 3819 causam.
1179 3756 1225 3827 Et
1247 3758 1416 3838 quomodo
1435 3755 1489 3820 vel

168 3854 259 3896 events.
339 3860 484 3941 quando,
507 3859 708 3923 certificatur
737 3859 800 3923 hoc
831 3881 889 3944 per
918 3870 1061 3936 sanctos,
1085 3869 1118 3923 et
1144 3861 1323 3944 praecipue
1346 3882 1405 3944 per
1430 3881 1490 3944 pa·

339 3964 498 4028 triarchas
524 3986 544 4027 a
571 3964 735 4047 principio
760 3965 883 4036 mundi,
906 3985 927 4026 a
950 3964 1069 4046 quibus
1091 3964 1277 4027 habuerunt
1300 3964 1490 4049 philosophi

340 4067 591 4149 possibilitatem
609 4067 789 4148 judicandi.
836 4067 881 4131 Et
902 4069 1177 4132 considerandum
1198 4070 1353 4150 estquod
1374 4089 1490 4133 omnes

340 4171 527 4255 philosophi
544 4173 575 4235 in
591 4172 655 4237 hoc
671 4174 964 4248 concordaverunt,
980 4184 1014 4236 et
1030 4171 1227 4236 Aristoteles
1248 4173 1439 4237 certificavit
1454 4173 1489 4236 in
1535 4213 1539 4219 -

338 4274 422 4338 libro
438 4296 499 4339 suo
515 4276 557 4341 de
573 4276 634 4339 hac
650 4278 797 4352 materia,
813 4285 846 4338 et
864 4276 1070 4359 experientia
1091 4277 1197 4339 docet.
1244 4275 1316 4340 Nec
1339 4286 1389 4341 est
1408 4297 1491 4339 con-

338 4380 502 4453 tradictio,
519 4380 580 4444 nisi
602 4400 660 4463 per
680 4380 902 4461 ignorantiam
924 4378 1095 4471 infinitam,
1110 4400 1197 4463 quae
1217 4382 1317 4445 currit
1338 4382 1371 4443 in
1388 4382 1490 4464 vulgo

338 4483 420 4547 etin
437 4484 482 4547 cis
502 4484 559 4566 qui
579 4494 733 4566 praesunt
754 4484 810 4559 eis,
826 4484 882 4565 qui
906 4485 1017 4547 omnia
1040 4505 1126 4565 quae
1145 4485 1296 4567 ignorant
1316 4486 1491 4567 reprehen-

336 4588 422 4651 dunt
445 4596 478 4650 et
501 4588 681 4671 negligunt.
726 4588 848 4652 Modus
877 4596 990 4651 autem
1020 4589 1211 4652 universalis
1235 4586 1404 4670 judicandi
1430 4610 1492 4674 per
