3575 5375
707 582 988 644 Asmoroorr.
1361 573 1420 654 3⁸1

271 751 354 814 tium
375 746 596 814 revolvuntur.
643 749 689 813 Et
713 757 832 830 quarta
854 754 1023 810 causaest
1043 764 1104 829 per
1123 742 1284 825 planetas.
1330 739 1419 802 Nam

272 855 425 937 planetae
445 853 657 936 assignantur
682 853 819 916 diversis
840 850 1028 934 regionibus
1048 869 1107 933 per
1128 847 1312 912 dominium
1336 845 1420 908 sicut

271 959 375 1041 signa,
390 966 424 1021 et
439 958 503 1022 hoc
517 979 561 1021 ex
577 957 700 1041 duplici
715 969 813 1022 causa
828 957 928 1020 dicta.
966 954 1063 1018 Nunc
1073 955 1115 1017 de
1127 952 1237 1033 signis,
1249 951 1420 1034 quomodo

271 1072 330 1127 aut
345 1063 378 1126 in
394 1063 515 1145 quibus
531 1062 719 1146 regionibus
730 1061 940 1143 assignentur
953 1059 1049 1141 signa
1064 1068 1098 1122 et
1113 1057 1275 1141 planetae,
1287 1053 1422 1119 difficile

271 1177 322 1231 est
336 1165 525 1243 certificare,
541 1187 618 1230 nam
635 1176 787 1229 auctores
802 1163 1071 1229 diversificantur.
1117 1161 1295 1226 Tractatus
1309 1169 1422 1223 tamen

271 1272 314 1335 de
330 1272 381 1336 his
396 1271 497 1336 habet
512 1272 564 1334 hic
580 1271 747 1352 expedire.

316 1375 383 1440 Sed
412 1397 477 1439 non
503 1385 554 1439 est
585 1374 683 1459 plena
715 1374 880 1439 certitudo
906 1374 949 1437 de
978 1372 1039 1448 his,
1068 1372 1152 1436 sicut
1181 1392 1248 1435 non
1278 1372 1321 1435 de
1350 1368 1560 1484 aliistThlesebe

272 1478 520 1544 difficultatibus
542 1480 664 1553 multis,
693 1469 822 1542 nisiex
845 1477 937 1542 libris
962 1477 1200 1550 Hebraeorum,
1216 1496 1301 1559 quos
1324 1473 1420 1556 primi
1433 1441 1585 1551 affigi

272 1592 526 1667 composuerunt
551 1583 731 1648 astronomi
758 1583 815 1666 qui
839 1582 1071 1646 revelationem
1093 1603 1114 1644 a
1138 1582 1212 1645 Deo
1235 1566 1596 1697 habuemntfflfozfg

273 1691 306 1752 in
322 1689 474 1752 omnibus
493 1687 679 1771 specialem.
725 1687 797 1751 Nec
820 1686 929 1751 solum
952 1687 1086 1768 quidem
1109 1687 1227 1749 accidit
1249 1685 1422 1750 diversitas

273 1791 512 1874 complexionis
534 1792 567 1856 in
590 1792 727 1856 diversis
749 1790 936 1875 regionibus
959 1811 1019 1874 per
1040 1790 1162 1864 stellas,
1184 1790 1242 1853 sed
1266 1791 1299 1852 in
1326 1789 1423 1853 rebus

273 1897 422 1978 ejusdem
438 1896 590 1980 regionis.
637 1895 812 1977 Quaedam
831 1895 918 1959 enim
938 1903 1014 1958 sunt
1030 1897 1073 1958 de
1092 1894 1323 1975 complexione
1336 1891 1424 1968 solis,

273 2009 308 2064 et
322 2001 487 2083 quaedam
503 2002 546 2064 de
560 1998 792 2082 complexione
808 1998 916 2075 lunae,
931 2000 1027 2062 etsie
1042 1999 1087 2062 de
1098 1998 1189 2074 aliis3
1212 2019 1299 2081 quae
1309 2017 1424 2062 secun-

273 2107 353 2169 dum
370 2107 460 2187 quod
481 2105 531 2168 sui
554 2104 708 2186 planetae
726 2102 850 2167 habent
869 2103 1016 2185 quinque
1038 2104 1215 2187 dignitates
1234 2123 1310 2168 suas
1332 2111 1424 2165 ante·

275 2210 388 2284 dictas,
407 2209 608 2291 vigorantur,
624 2206 861 2286 confortantur,
882 2217 1145 2291 augmentantur,
1162 2216 1197 2271 et
1217 2207 1424 2271 roborantur.

274 2313 419 2396 Quando
435 2333 514 2377 vero
529 2323 605 2376 sunt
622 2313 654 2374 in
670 2312 830 2396 oppositis
845 2311 928 2377 locis
948 2331 1081 2375 suamm
1100 2313 1262 2376 dictarum
1282 2311 1426 2394 dignita-

274 2429 356 2489 tum,
393 2417 636 2482 deteriorantur
667 2426 700 2480 et
730 2417 955 2482 destituuntur
984 2436 1004 2479 a
1035 2416 1176 2480 naturali
1201 2416 1325 2498 vigore.
1380 2413 1425 2478 Et

274 2521 426 2585 similiter
462 2521 581 2586 accidit
618 2521 661 2584 de
699 2519 809 2604 signis,
847 2540 925 2584 nam
964 2540 1015 2585 res
1055 2521 1204 2583 diversae
1244 2528 1427 2600 sequuntur

274 2625 521 2710 complexiones
550 2627 753 2691 diversorum
783 2625 963 2711 signorum.
1020 2625 1109 2688 Nam
1132 2624 1312 2689 secundum
1336 2622 1426 2706 quod

275 2731 440 2814 quaedam
465 2741 542 2795 sunt
561 2732 670 2814 ignea,
688 2740 722 2796 et
742 2731 924 2794 secundum
945 2731 1036 2813 quod
1055 2729 1209 2812 planetae
1229 2738 1308 2793 sunt
1330 2728 1427 2812 ignei,

274 2836 381 2911 idest,
397 2835 495 2899 calidi
512 2845 546 2899 et
562 2834 645 2909 sicci,
661 2855 762 2918 penes
777 2834 841 2898 hoc
852 2842 929 2899 sunt
941 2856 993 2898 res
1003 2832 1133 2917 aliquae
1143 2836 1187 2899 de
1195 2831 1427 2916 complexione

275 2940 369 3022 ignis,
392 2950 425 3004 et
450 2940 638 3022 hujusmodi
667 2960 718 3003 res
740 2949 902 3004 vocantur
924 2938 1093 3004 martiales
1116 2960 1138 3002 a
1160 2938 1304 3020 planeta,
1323 2948 1358 3001 et
1384 2938 1428 3001 de

275 3044 508 3127 complexione
537 3044 670 3122 Arietis,
695 3044 827 3117 Leonis,
850 3052 883 3106 et
915 3042 1096 3126 Sagittarii,
1119 3063 1204 3125 quae
1229 3053 1306 3107 sunt
1331 3041 1426 3123 signa

275 3149 381 3213 calida
392 3158 426 3213 et
438 3150 540 3227 sicca;
556 3158 589 3212 et
602 3150 646 3211 sic
658 3148 701 3212 de
713 3147 784 3211 aliis
795 3167 904 3211 rerum
915 3145 1201 3230 complexionibus
1212 3157 1246 3210 et
1258 3147 1427 3229 signomm

276 3263 310 3316 et
341 3252 558 3336 planetarum.
621 3251 803 3316 Nominare
835 3261 948 3315 tamen
981 3260 1015 3314 et
1048 3250 1179 3333 signare
1201 3271 1253 3313 res
1279 3248 1426 3333 singulas

276 3366 426 3439 respectu
453 3376 586 3421 suorum
618 3354 825 3438 planetarum
856 3364 889 3419 et
912 3355 1090 3439 signorum,
1112 3365 1163 3417 est
1185 3354 1265 3418 satis
1287 3353 1427 3419 difficilis

276 3459 518 3524 certificationis
544 3470 578 3523 et
601 3460 822 3543 impossibilis,
846 3460 910 3523 nisi
930 3480 989 3543 per
1006 3459 1108 3522 libros
1127 3458 1366 3536 Hebraeorum,
1389 3468 1426 3521 ut

277 3566 319 3628 ad
337 3563 463 3628 fontem
479 3564 685 3629 certitudinis
700 3574 892 3629 recurratur.
939 3564 1009 3629 Ista
1028 3584 1108 3627 vero
1128 3582 1214 3644 quae
1230 3582 1317 3625 nune
1337 3561 1426 3628 dicta

276 3679 353 3733 sunt
367 3669 411 3733 de
426 3668 646 3751 assignatione
661 3668 830 3750 signorum
845 3678 878 3731 et
894 3666 1101 3750 planetarum
1117 3665 1428 3730 rebusdiversarum

276 3775 445 3853 regionum
462 3785 495 3836 et
511 3772 661 3855 ejusdem
676 3772 827 3855 regionis,
844 3779 920 3836 sunt
934 3772 978 3835 de
989 3770 1169 3853 majoribus
1180 3769 1429 3835 difficultatibus

277 3876 516 3962 philosophiae,
531 3886 565 3943 et
580 3877 637 3942 ubi
654 3877 760 3960 major
774 3877 946 3941 diversitas
961 3885 1011 3941 est
1026 3886 1201 3940 auctorum
1222 3876 1427 3941 Latinorum.

321 3982 367 4045 Et
383 4003 448 4046 non
464 3980 570 4045 solum
586 3982 632 4044 sic
647 3981 816 4045 variantur
831 4001 882 4045 res
905 3979 1055 4063 ejusdem
1074 3980 1224 4062 regionis,
1242 3980 1300 4043 sed
1317 3990 1428 4063 partes
1442 3987 1533 4037 Action
1545 3988 1575 4037 ot

276 4087 424 4169 ejusdem
447 4086 492 4149 rei
515 4096 548 4148 et
573 4084 719 4149 maxime
741 4084 774 4147 in
796 4084 942 4162 homine,
964 4085 1041 4167 quia
1063 4084 1175 4147 omnia
1195 4093 1272 4148 sunt
1294 4093 1430 4166 propter
1441 4051 1596 4185 {ffiffi

276 4190 452 4253 hominem.
499 4188 587 4252 Nam
602 4198 705 4272 caput
720 4199 771 4253 est
787 4189 830 4251 de
845 4188 1076 4271 complexione
1092 4187 1233 4261 Arietis;
1252 4186 1373 4251 collum
1386 4188 1429 4253 de
1441 4184 1600 4301 ἔξω

276 4290 508 4383 complexione
535 4291 656 4370 Tauri3
687 4302 722 4355 et
752 4291 879 4355 humeri
903 4302 938 4356 et
961 4290 1095 4355 brachia
1123 4292 1166 4353 de
1196 4290 1430 4373 complexione
1493 4268 1517 4316 γ’

278 4396 502 4475 Geminorum,
519 4395 613 4462 etsie
629 4395 773 4461 ulterius.
813 4396 866 4459 De
881 4414 948 4477 qua
964 4394 1123 4459 divisione
1136 4393 1216 4458 satis
1226 4395 1430 4459 concordant

276 4511 427 4564 auctores
453 4510 487 4564 et
513 4500 597 4564 ratio
621 4498 784 4563 sufficiens
810 4500 925 4578 dictat,
947 4510 982 4563 et
1004 4497 1220 4580 experientia,
1241 4499 1331 4579 quod
1354 4498 1430 4579 plus

277 4615 336 4670 est.
382 4602 471 4667 Nam
486 4603 513 4667 si
530 4604 626 4668 Luna
642 4604 683 4667 sit
699 4604 732 4667 in
748 4601 905 4680 Geminis,
917 4603 1007 4686 quod
1023 4612 1075 4667 est
1086 4601 1215 4685 sgnum
1227 4601 1432 4684 respondens
