3575 5375
371 610 413 670 60
574 612 730 671 OPERIS
754 612 817 670 MA
815 611 942 682 JORIS
966 611 1081 697 PARS
1105 610 1317 670 SECUNDA.

372 773 522 856 Sibyllae
540 775 670 839 locutae
690 785 767 839 sunt
786 775 953 857 praeclare
975 776 1132 840 veritates
1150 774 1289 851 divinas,
1306 772 1518 838 manifestum

371 890 422 943 est
445 900 504 963 per
526 889 660 943 sanctos
681 889 715 942 et
733 880 825 957 alios
840 890 875 943 et
896 879 1017 945 sufficit
1041 880 1178 944 recitare
1198 880 1287 963 quod
1310 878 1521 963 Augustinus

371 983 451 1047 dicit
467 984 598 1046 decimo
616 992 734 1047 octavo
750 985 793 1047 de
812 983 958 1049 Ciuitate
975 984 1037 1048 Dei
1050 981 1071 1045 ¹.
1117 983 1302 1048 ‘Dixerunt
1319 983 1419 1066 igitur
1437 982 1521 1045 istae

372 1086 525 1150 mulieres
547 1087 738 1170 hujusmodi
762 1108 953 1167 sermones3
977 1089 1107 1153 dabunt
1131 1088 1205 1151 Deo
1229 1087 1342 1170 alapas
1366 1088 1520 1151 manibus

371 1191 511 1267 incestis,
542 1192 707 1273 imputato
741 1213 798 1255 ore
837 1201 1003 1274 exspuent
1034 1201 1215 1256 venenatos
1252 1199 1392 1273 sputus;
1427 1190 1522 1254 dabit

370 1316 449 1359 vero
470 1297 514 1360 ad
529 1295 666 1359 verbera
683 1296 879 1378 simpliciter
899 1315 996 1359 suum
1016 1297 1160 1371 dorsum,
1177 1295 1336 1379 colaphos
1356 1296 1520 1378 accipiens

371 1401 506 1474 tacebit,
523 1408 556 1463 et
578 1420 703 1463 corona
725 1400 840 1482 spinea
860 1400 1082 1465 coronabitur.
1128 1399 1185 1463 Ad
1205 1400 1315 1463 cibum
1336 1408 1449 1463 autem
1468 1396 1521 1475 sel,

371 1515 404 1568 et
430 1506 474 1569 ad
501 1513 618 1587 potum
643 1514 775 1568 acetum
800 1506 973 1569 dederunt.
1022 1504 1185 1587 Insipiens
1213 1524 1305 1589 gens,
1337 1504 1520 1567 Dominum

369 1618 464 1671 tuum
500 1629 566 1672 non
599 1609 792 1673 intellexisti
825 1609 994 1673 ludentem
1027 1609 1214 1673 mortalium
1254 1609 1430 1686 mentibus,
1461 1608 1518 1671 sed

370 1712 474 1793 spinis
503 1713 680 1788 coronastI,
709 1723 743 1777 et
775 1713 945 1777 horridum
981 1713 1024 1777 fel
1058 1714 1227 1778 miscuisti.
1273 1712 1406 1794 Templi
1440 1732 1520 1775 vero

369 1812 479 1876 velum
513 1813 682 1888 scinditur,
714 1822 749 1876 et
782 1814 893 1878 medio
925 1813 979 1879 die
1001 1834 1079 1877 nox
1110 1815 1172 1879 erit
1206 1814 1382 1879 tenebrosa
1414 1811 1521 1874 tribus

370 1916 469 1992 horis,
500 1926 534 1979 et
572 1926 678 1980 morte
706 1918 865 1981 morietur
901 1918 1006 1982 tn'bus
1038 1917 1166 1997 diebus,
1195 1938 1315 1983 somno
1346 1914 1520 1998 suscepto?

371 2020 417 2085 Et
435 2021 555 2084 iterum
573 2022 709 2084 metrice
724 2021 814 2085 dixit
830 2021 970 2103 Sibylla,

436 2126 576 2207 ‘Judicii
599 2126 741 2209 signum,
765 2126 863 2191 tellus
885 2130 1006 2192 sudore
1030 2130 1208 2205 madescet,

458 2230 514 2293 Ex
538 2231 631 2295 coelo
654 2252 714 2295 rex
737 2232 893 2295 adveniet
916 2252 975 2314 per
996 2233 1084 2297 secla
1107 2233 1246 2311 futuruS,

458 2333 594 2400 Scilicet
617 2336 650 2398 in
674 2355 772 2399 carne
794 2356 950 2418 praesens
973 2346 1010 2401 ut
1030 2337 1158 2419 judicet
1181 2338 1305 2402 orbem.

459 2440 559 2504 Unde
583 2439 694 2503 Deum
718 2450 851 2504 cernent
873 2441 1062 2504 incredulus
1085 2453 1186 2526 atque
1209 2441 1325 2519 fidelis,

460 2543 592 2607 Celsum
617 2564 692 2608 cum
716 2545 837 2608 sanctis
860 2544 931 2626 ejus
951 2545 1020 2627 jam
1045 2548 1184 2610 termino
1208 2547 1346 2630 inipso

460 2647 516 2713 Sic
539 2648 669 2711 animae
691 2668 766 2712 cum
789 2670 887 2714 carne
910 2650 1059 2727 aderunt,
1083 2672 1166 2734 quas
1184 2651 1312 2734 judicet
1335 2652 1415 2734 ipse.

459 2753 589 2816 Exuret
612 2763 716 2817 terras
737 2754 823 2835 ignis
845 2764 1054 2839 pontumque
1076 2755 1273 2840 polumque;

460 2854 658 2920 Sanctorum
681 2859 740 2920 sed
763 2859 851 2921 enirn
875 2869 1015 2924 cunctae
1037 2861 1097 2923 lux
1121 2861 1224 2926 libera
1245 2859 1336 2924 carni

458 2959 631 3039 Tradetur,
654 2971 767 3025 sontes
789 2971 961 3026 aeternum
985 2963 1118 3050 flamma
1140 2964 1310 3029 cremabit.

458 3063 567 3128 Actus
589 3063 738 3129 occultos
761 3074 914 3146 retegens
936 3077 1014 3132 tunc
1038 3069 1177 3150 quisque
1201 3069 1355 3152 loquetur

463 3167 609 3247 Secreta,
633 3177 735 3252 atque
760 3170 855 3234 Deus
877 3172 1034 3236 reserabit
1057 3183 1191 3256 pectora
1214 3173 1286 3236 luci.

457 3272 608 3355 Eripitur
630 3273 710 3335 solis
730 3273 830 3355 jubar
851 3283 885 3339 et
908 3275 1027 3339 chorus
1049 3276 1163 3339 interit
1189 3277 1303 3339 astris:

459 3375 617 3440 Solvetur
638 3377 777 3453 coelum,
801 3377 923 3444 lunaris
947 3379 1104 3460 splendor
1125 3380 1238 3444 abibit.

458 3479 603 3561 Dejiciet
627 3481 737 3556 colles,
760 3483 863 3546 valles
886 3483 1028 3546 extollet
1050 3485 1093 3546 ab
1117 3484 1194 3547 imo.

459 3583 515 3647 Sic
538 3585 661 3667 pariter
684 3585 791 3649 sontes
814 3594 989 3667 torrentur,
1012 3587 1214 3671 fluminaque
1238 3589 1315 3672 igni,

452 3685 715 3770 Tartareumque
740 3688 852 3753 Chaos
878 3693 1076 3754 monstrabit
1099 3702 1186 3756 terra
1209 3692 1390 3769 dehiscens,

458 3787 604 3853 Excidet
626 3811 646 3853 e
668 3791 769 3854 coelis
793 3794 943 3877 ignisque
966 3805 999 3859 et
1022 3795 1188 3878 sulphuris
1202 3799 1310 3861 amnis
1320 3797 1351 3858 ²)

417 3919 456 3984 Si
480 3922 583 4003 igitur
603 3923 815 3990 mulierculae
844 3926 975 4010 fragiles
1005 3929 1194 4011 hujusmodi
1225 3931 1395 4008 dixerunt,
1426 3932 1526 4016 longe

372 4025 480 4106 magis
500 4028 698 4091 credendum
718 4029 934 4114 philosophos
951 4033 1213 4114 sapientissimos
1233 4035 1426 4118 hujusmodi
1445 4057 1525 4119 gus-

371 4137 461 4191 tasse
475 4128 640 4192 veritates.
687 4131 733 4194 Et
751 4131 959 4215 Augustinus
979 4136 1051 4201 vult
1073 4139 1204 4202 decimo
1227 4151 1346 4204 octavo
1369 4142 1412 4205 de
1435 4139 1526 4204 Civi-

373 4239 443 4295 tate
460 4231 534 4308 Dei,
549 4232 632 4296 alios
648 4237 832 4318 percepisse
851 4238 915 4300 Dei
930 4241 1110 4319 veritatem,
1126 4263 1226 4324 quam
1243 4243 1289 4306 illi
1306 4245 1362 4327 qui
1380 4247 1422 4310 de
1436 4242 1528 4310 linea

374 4334 546 4399 Abraham
564 4340 724 4419 usquead
742 4337 911 4404 Christum
928 4352 960 4404 et
977 4344 1131 4428 deinceps
1148 4347 1394 4412 descenderunt.
1434 4349 1526 4413 Nam

406 4469 415 4498 ¹
432 4470 535 4531 Quoted
547 4471 582 4534 by
594 4471 632 4520 St.
642 4472 788 4535 Augustine
799 4475 864 4524 from
876 4477 1030 4527 Lactantius.

407 4547 417 4576 ¹
433 4549 496 4597 This
508 4565 617 4612 passage
628 4549 694 4598 from
705 4552 748 4600 the
760 4552 886 4614 Sibylline
894 4571 969 4616 poem
982 4556 1004 4603 is
1016 4557 1092 4616 given
1105 4565 1171 4606 most
1183 4560 1340 4622 incorrectly
1352 4562 1378 4610 in
1390 4563 1435 4611 the
1448 4562 1530 4615 MSS.

376 4629 387 4678 1
399 4629 464 4678 have
475 4630 608 4678 corrected
619 4629 639 4676 it
651 4628 716 4678 from
727 4630 767 4680 De
777 4631 877 4681 eiurare
886 4632 943 4695 Dei,
955 4634 998 4684 lib.
1011 4635 1080 4684 xviii.
1092 4650 1147 4699 cap.
1158 4653 1200 4699 23.
