3575 5375
378 584 420 663 58
582 592 738 651 OPERIS
761 592 949 663 MAJORIS
975 594 1089 653 PARS
1116 594 1327 653 SECUNDA.

379 751 473 816 titiae
494 764 528 817 et
550 755 653 836 pacis,
675 765 709 820 et
730 755 763 818 in
786 758 945 821 virtutum
969 758 1129 821 exercitio
1152 768 1290 841 propter
1312 756 1528 821 reverentiam

379 855 442 919 Dei
458 877 497 922 ac
513 856 658 923 futuram
679 858 896 939 felicitatem,
919 870 953 925 et
969 862 1058 943 quod
1078 862 1241 925 idolorum
1258 861 1388 927 cultura
1403 860 1529 926 destrui

377 961 489 1025 debet.
534 962 627 1027 Haec
643 975 678 1028 et
696 964 748 1029 his
766 963 910 1029 similia¹
925 964 1113 1029 habuerunt
1133 966 1336 1049 philosophi.
1382 966 1421 1028 In
1438 964 1530 1029 libris

377 1066 467 1129 enirn
490 1087 604 1131 eorum
624 1068 812 1151 hujusmodi
832 1070 1024 1152 reperimus,
1038 1070 1121 1135 sicut
1142 1070 1297 1152 probatio
1320 1080 1410 1134 certa
1430 1072 1529 1134 doce·

377 1169 427 1233 bit
448 1171 481 1233 in
502 1174 725 1255 sequentibus,
745 1185 781 1239 et
800 1175 940 1257 quilibet
958 1183 1070 1258 potest
1092 1174 1234 1255 experiri
1257 1175 1314 1256 qui
1335 1173 1406 1238 vult
1429 1173 1530 1238 libros

378 1275 652 1361 philosophorum
689 1280 880 1364 perlegere3
915 1289 949 1342 et
985 1299 1106 1361 negare
1138 1298 1203 1342 non
1236 1298 1412 1362 possumus
1446 1277 1527 1360 quin

377 1380 500 1461 scripta
518 1392 595 1445 sunt
615 1382 659 1447 ab
679 1385 736 1462 eis,
752 1385 970 1466 undecunque
991 1383 1180 1465 hujusmodi
1207 1392 1410 1466 receperunt.
1457 1381 1529 1446 Nec

378 1484 565 1549 mirandum
594 1497 646 1550 est
671 1488 761 1570 quod
791 1487 982 1572 philosophi
1009 1486 1089 1550 talia
1112 1487 1280 1565 scribant;
1310 1508 1386 1552 narn
1414 1506 1530 1551 omnes

377 1587 569 1673 philosophi
588 1588 719 1654 luerunt
741 1601 817 1675 post
840 1590 1044 1676 patriarchas
1066 1600 1100 1653 et
1123 1590 1313 1675 prophetas,
1332 1592 1417 1655 sicut
1440 1589 1529 1673 prius

378 1691 421 1754 de
442 1691 505 1757 hoc
523 1692 610 1757 sacta
632 1706 683 1759 est
706 1695 929 1760 consideratio
953 1696 986 1759 in
1009 1714 1069 1758 suo
1089 1694 1181 1773 loco;
1206 1704 1239 1758 et
1260 1688 1409 1777 legerunt
1428 1695 1530 1758 libros

379 1795 615 1879 prophetarum
642 1809 676 1862 et
700 1799 960 1883 patriarcharum
992 1800 1049 1881 qui
1075 1808 1152 1862 sunt
1180 1799 1212 1861 in
1241 1819 1335 1863 sacro
1361 1809 1469 1875 textu,
1495 1808 1529 1862 et

377 1900 528 1963 similiter
557 1901 641 1965 alios
666 1902 777 1978 libros,
799 1923 884 1985 quos
912 1903 1060 1968 fecerunt
1087 1913 1263 1985 tangentes
1289 1902 1411 1968 Christi
1440 1922 1529 1984 mys·

377 2004 460 2067 teria
489 2013 526 2067 ut
563 2006 596 2068 in
628 2005 712 2069 libro
742 2007 860 2073 Enoch
893 2018 927 2072 et
960 2009 993 2071 in
1024 2015 1227 2072 testamento
1266 2006 1528 2091 patriarcharum

379 2108 413 2170 in
433 2106 519 2173 libro
540 2108 676 2183 Esdrae,
692 2116 734 2195 3⁰,
753 2117 798 2189 4⁰,
815 2117 860 2192 5⁰,
875 2121 910 2175 et
929 2112 963 2175 in
984 2112 1097 2175 multis
1114 2111 1186 2175 aliis
1209 2111 1301 2175 libris
1321 2112 1364 2175 de
1384 2129 1528 2193 quorum

378 2209 544 2295 aliquibus
573 2214 617 2279 sit
644 2216 769 2279 mentio
799 2216 833 2279 in
862 2236 957 2280 sacro
988 2224 1085 2279 textu
1117 2225 1154 2278 ut
1186 2214 1230 2277 de
1260 2214 1351 2278 libris
1383 2213 1530 2289 Nathan,

379 2315 550 2395 Samuelis,
566 2330 600 2383 et
617 2318 743 2384 Abdon
759 2321 1005 2403 prophetarum.
1052 2319 1092 2382 In
1112 2318 1303 2401 hujusmodi
1326 2318 1413 2382 enim
1438 2316 1531 2382 libris

380 2430 562 2501 tanguntur
594 2443 752 2507 expresse
774 2425 903 2489 articuli
931 2424 1016 2502 fidei,
1039 2434 1073 2487 et
1095 2423 1195 2506 longe
1217 2423 1406 2504 expressius
1429 2440 1531 2503 quam

378 2525 411 2588 in
443 2522 578 2590 Canone
611 2526 812 2609 Scripturas.
856 2530 946 2593 Nam
977 2537 1108 2612 praeter
1137 2537 1285 2592 caeteros
1319 2526 1421 2590 libros
1449 2524 1533 2589 liber

379 2630 422 2694 de
439 2631 647 2696 testamentis
663 2632 922 2716 patriarcharum
940 2632 1088 2698 ostendit
1102 2631 1224 2710 omnia,
1238 2650 1323 2714 quae
1337 2631 1380 2696 de
1394 2627 1530 2694 Christo

379 2734 517 2817 impleta
539 2745 627 2798 sunt.
672 2735 823 2818 Quilibet
839 2738 928 2801 enim
945 2737 1133 2819 patriarcha
1148 2737 1182 2799 in
1203 2745 1309 2800 morte
1329 2733 1532 2820 praedicavit

380 2837 456 2900 filiis
475 2840 542 2902 suis
561 2847 596 2902 et
615 2840 714 2904 tribui
737 2862 828 2916 suae,
844 2849 878 2904 et
900 2842 1067 2924 praedixit
1089 2842 1135 2904 eis
1157 2860 1305 2923 eaquae
1326 2841 1370 2904 de
1397 2838 1531 2902 Christo

380 2943 525 3006 tenenda
540 2954 626 3021 sunt,
641 2944 725 3008 sicut
748 2946 959 3011 manifestum
981 2955 1033 3010 est
1054 2965 1099 3010 ex
1118 2945 1202 3008 libro
1218 2964 1287 3008 suo.
1334 2943 1379 3007 Et
1401 2943 1436 3006 hi
1457 2942 1531 3006 libri

382 3046 459 3110 licet
483 3067 551 3110 non
578 3047 645 3111 sint
668 3049 703 3112 in
725 3048 871 3128 Canone,
893 3059 1009 3114 tamen
1035 3050 1140 3114 sancti
1167 3058 1200 3113 et
1224 3048 1390 3132 sapientes
1414 3046 1532 3111 Graeci

380 3159 415 3214 et
445 3151 558 3216 Latini
584 3154 635 3216 usi
657 3162 735 3218 sunt
763 3153 812 3218 eis
841 3176 863 3219 a
887 3153 1050 3236 principio
1077 3153 1255 3217 Ecclesiae.
1301 3153 1388 3217 Nam
1413 3152 1532 3215 beatus

380 3255 488 3336 Judas
516 3257 560 3320 de
589 3257 655 3320 hoc
681 3258 801 3322 Enoch
830 3258 961 3339 accepit
987 3259 1231 3333 auctoritatem,
1258 3265 1291 3320 et
1321 3255 1533 3340 Augustinus

381 3360 513 3425 decimo
528 3362 571 3425 de
588 3358 731 3426 Ciuitate
748 3363 825 3440 Dei,
840 3363 983 3427 multum
1002 3360 1159 3426 fundatur
1178 3381 1278 3444 super
1292 3360 1384 3424 illum
1403 3359 1534 3436 librum,

379 3475 418 3529 ut
436 3468 631 3529 ostendatur
654 3467 744 3548 quod
768 3467 874 3549 primo
897 3465 959 3530 luit
982 3465 1146 3547 sapientia
1167 3465 1257 3548 apud
1279 3472 1409 3528 sanctos
1431 3483 1532 3546 quam

380 3569 470 3652 apud
504 3570 731 3653 philosophos,
760 3581 794 3635 et
824 3571 872 3634 ait
898 3572 988 3653 quod
1015 3571 1085 3653 jarn
1116 3580 1251 3652 propter
1280 3569 1416 3633 nimiam
1450 3567 1535 3631 anti·

381 3673 544 3755 quitatem
579 3673 635 3737 ille
670 3674 752 3738 liber
781 3695 848 3738 non
874 3686 928 3739 est
957 3675 991 3739 in
1024 3674 1230 3751 auctoritate,
1260 3693 1362 3756 quam
1396 3681 1535 3754 propter

380 3776 506 3860 aliquid
537 3775 636 3841 aliud.
681 3778 736 3842 De
765 3778 859 3843 libris
888 3789 1000 3843 autem
1026 3779 1099 3842 aliis
1127 3778 1337 3843 manifestum
1362 3787 1413 3841 est
1443 3777 1533 3858 quod

380 3880 414 3944 in
444 3901 505 3944 usu
543 3890 732 3945 sanctorum
762 3892 798 3946 et
823 3883 1011 3966 sapientum
1042 3883 1251 3966 antiquorum
1286 3893 1363 3946 sunt
1397 3890 1535 3964 propter

380 3985 444 4050 hoc
474 3987 564 4066 quod
596 3985 711 4068 planas
740 3987 896 4052 veritates
925 3989 968 4051 de
1000 3985 1134 4052 Christo
1162 3987 1332 4051 continere
1359 3986 1534 4048 noscimus.

381 4088 573 4173 Philosophi
604 4090 703 4171 igitur
728 4091 845 4155 curiosi
873 4101 908 4154 et
938 4091 1113 4174 diligentes
1142 4090 1176 4154 in
1207 4091 1319 4155 studio
1350 4089 1535 4173 sapientiae

381 4202 598 4277 peragrarunt
622 4194 772 4277 regiones
794 4196 953 4274 diversas,
976 4206 1013 4260 ut
1040 4195 1238 4278 sapientiam
1266 4193 1478 4276 inquirerent,
1500 4202 1535 4256 et

381 4297 483 4362 libros
518 4307 707 4362 sanctorum
744 4298 964 4383 perlegerunt,
1000 4308 1034 4364 et
1066 4299 1254 4364 didicerunt
1290 4299 1333 4362 ab
1370 4296 1535 4361 Hebraeis

381 4400 498 4466 multa.
543 4402 633 4467 Nam
664 4402 837 4467 Avicenna
866 4403 901 4466 in
937 4404 1102 4468 radicibus
1136 4402 1270 4467 moralis
1303 4400 1536 4484 philosophiae

379 4557 422 4684 ‘h'
439 4555 515 4605 Alter
526 4552 649 4605 ‘similia'
662 4554 693 4605 04
706 4556 753 4607 has
766 4556 931 4620 ‘nunquam'
943 4556 1030 4607 which
1041 4557 1063 4606 is
1074 4557 1181 4606 omitted
1191 4555 1217 4604 in
1224 4555 1239 4618 J
1243 4554 1284 4615 ul,
1295 4555 1346 4605 and
1358 4553 1445 4605 which
1454 4552 1536 4617 spoils

409 4649 424 4684 e
436 4649 522 4686 sense.
