3575 5375
594 654 855 714 cincinnum
878 655 1087 715 coonrrro.
1377 675 1415 733 91

268 815 353 880 sicut
366 814 483 881 Graeci
497 815 631 881 faciunt.
668 818 842 884 Praeterea
852 838 913 883 nec
930 818 1085 883 istasunt
1102 821 1295 901 possessiva.
1327 821 1416 885 Nam

268 920 354 984 duae
373 929 504 984 tantum
519 932 596 985 sunt
612 923 861 987 terminationes
878 924 1136 1005 possessivorum
1153 924 1240 1007 apud
1261 924 1416 1001 Graecos,

268 1024 393 1090 scilicet
423 1026 457 1089 in
487 1047 553 1101 cos,
579 1036 617 1091 ut
649 1025 914 1104 Grammaticos;
950 1037 984 1092 et
1014 1028 1048 1091 in
1081 1028 1163 1105 aios,
1195 1038 1230 1093 ut
1263 1028 1417 1104 Uranios,

269 1129 288 1191 i.
298 1151 327 1193 c.
343 1131 505 1196 coelestis.
552 1132 725 1198 Caeterum
741 1154 857 1198 omnes
872 1134 996 1199 Poetae
1012 1134 1125 1199 Latini
1138 1135 1287 1198 breviant
1298 1136 1416 1217 penul-

267 1234 395 1312 timam,
409 1246 443 1299 et
465 1235 542 1300 ideo
565 1258 631 1301 non
655 1248 708 1303 est
730 1239 863 1320 poetica
885 1238 1018 1302 licentia
1038 1240 1118 1322 quia
1140 1241 1359 1304 communiter
1380 1240 1418 1305 fit

266 1337 311 1401 ab
333 1340 487 1403 omnibus
509 1350 544 1404 et
566 1341 772 1424 ubicunque:
799 1343 889 1425 quod
913 1344 1000 1408 enim
1025 1363 1098 1408 raro
1121 1342 1158 1407 fit
1181 1353 1281 1408 etex
1308 1365 1416 1417 causa,

267 1440 420 1508 licentiae
434 1445 585 1527 poeticae
599 1447 829 1511 ascribendum
845 1457 906 1525 est,
917 1449 975 1512 sed
993 1468 1059 1511 non
1074 1450 1164 1530 quod
1182 1446 1219 1512 fit
1234 1468 1365 1530 semper
1382 1459 1416 1513 et

268 1549 496 1613 communiter.
554 1550 654 1615 Unde
689 1549 865 1630 Juvenalis,
896 1550 1133 1634 ‘amethystina
1166 1553 1314 1615 convenit
1345 1552 1416 1616 illi!

269 1648 316 1713 Et
338 1652 427 1715 idem
448 1654 537 1732 dicit,
560 1654 734 1719 ‘Grandia
761 1654 918 1720 tolluntur
938 1655 1166 1736 crystallr'na'3
1196 1656 1415 1738 penultimam

266 1755 485 1839 corripiendo,
507 1759 591 1823 sicut
614 1778 728 1822 omnes
751 1760 884 1835 faciunt,
907 1769 941 1824 et
964 1760 1075 1823 nullus
1098 1759 1175 1825 lacit
1198 1762 1415 1825 contrarium:

266 1857 366 1939 igitur
386 1880 451 1924 non
470 1873 521 1927 est
539 1864 670 1945 poetica
688 1862 818 1928 licentia
837 1866 896 1929 sed
918 1886 962 1929 ex
983 1864 1056 1947 lege
1078 1864 1225 1929 naturali.
1273 1864 1318 1929 Et
1339 1886 1416 1930 cum

266 1966 413 2027 secundo
435 1966 567 2049 Regum
590 1968 734 2049 septimo
756 1968 887 2032 decimo
911 1968 1056 2051 capitulo
1080 1969 1250 2045 habeatur,
1266 1972 1419 2033 ‘siccaret

259 2068 429 2148 ptisanas‚'
456 2072 622 2155 expositio
645 2070 773 2136 famosa
793 2072 1030 2137 vocabulorum
1059 2073 1195 2151 Bibliae,
1221 2074 1274 2137 cui
1298 2094 1416 2137 omnes

264 2172 455 2250 adhaerent,
476 2176 591 2240 nititur
607 2178 748 2260 probare
761 2178 850 2260 quod
864 2178 975 2242 media
990 2179 1031 2241 sit
1047 2178 1208 2261 producta
1221 2199 1228 2255 ;
1251 2188 1284 2241 et
1300 2188 1416 2242 auctor

264 2277 353 2342 illius
368 2279 588 2361 expositionis
604 2280 752 2345 defendit
766 2302 802 2345 se
817 2301 877 2363 per
892 2301 1023 2345 versum
1042 2281 1183 2357 Horatii,

355 2382 428 2447 ‘Tu
451 2404 568 2459 cessas,
590 2386 734 2469 agedum
757 2406 851 2449 sume
874 2386 937 2451 hoc
960 2386 1176 2470 ptisanarium
1200 2382 1326 2450 orizae.’

264 2484 332 2550 Sed
355 2506 446 2551 error
468 2500 527 2564 est,
544 2509 621 2553 nam
644 2489 728 2553 sicut
751 2510 810 2572 per
831 2511 947 2554 omnes
969 2498 1121 2553 auctores
1144 2488 1312 2572 probatur,
1330 2510 1413 2553 nun·

262 2611 363 2673 quam
378 2593 586 2659 abscinditur
606 2594 639 2657 in
656 2603 773 2670 metro,
790 2595 851 2659 nisi
872 2616 937 2658 una
953 2593 1083 2676 syllaba
1099 2596 1131 2658 in
1153 2594 1218 2658 fine
1237 2594 1413 2672 dictionis;

263 2706 297 2760 et
317 2697 392 2761 ideo
410 2699 455 2761 sic
471 2699 572 2764 debet
587 2701 710 2778 scandi,
725 2698 913 2765 ‘Ptisanari'
930 2699 1059 2775 orizae,’
1075 2710 1110 2764 ut
1132 2700 1213 2764 haec
1230 2700 1359 2782 syllaba
1373 2723 1413 2764 sa

261 2800 437 2882 brevietur,
457 2814 492 2867 et
513 2804 594 2869 haec
613 2803 744 2886 syllaba
764 2825 807 2868 na
828 2804 990 2888 longetur.
1037 2804 1083 2868 Et
1105 2804 1169 2869 hoc
1191 2815 1284 2888 patet
1307 2805 1411 2879 aliter,

261 2905 341 2986 quia
363 2905 395 2968 in
419 2908 573 2972 omnibus
595 2909 795 2973 derivativus
818 2930 840 2972 a
861 2919 940 2973 ante
962 2910 1052 2973 rium
1075 2907 1245 2991 longatum
1274 2918 1311 2972 ut
1333 2929 1411 2973 con·

260 3011 410 3087 trarium,
423 3013 611 3075 armantem
628 3023 661 3076 et
676 3012 867 3095 hujusmodi
888 3011 1018 3077 infinita
1039 3033 1124 3096 quae
1142 3014 1360 3077 observantur
1377 3013 1410 3076 in

260 3111 323 3177 hac
345 3116 523 3191 scansione,
545 3117 604 3180 sed
628 3138 694 3181 non
720 3117 821 3181 modo
841 3117 978 3199 vulgato
1005 3136 1080 3179 cum
1108 3117 1227 3180 dicitur
1244 3115 1409 3197 ptisanar'

259 3218 369 3281 urim
394 3229 431 3283 ut
452 3220 538 3285 duae
563 3221 712 3303 syllabae
738 3221 937 3296 auferantur,
961 3221 1039 3303 quia
1069 3219 1113 3283 ibi
1137 3219 1304 3283 breviatur
1329 3219 1411 3283 haec

261 3321 390 3404 syllaba
411 3345 464 3401 na,
487 3335 524 3389 ut
546 3335 648 3409 patet.
695 3325 785 3407 Ergo
807 3335 941 3409 oportet
967 3327 1058 3406 quod
1085 3323 1195 3386 media
1220 3321 1318 3404 hujus
1341 3322 1409 3386 dic·

260 3427 360 3490 tionis
374 3429 512 3509 ptisana
531 3429 574 3493 sit
592 3429 710 3494 brevis.
756 3429 928 3494 Praeterea
946 3436 1072 3491 erratur
1093 3427 1126 3489 in
1146 3426 1315 3509 scriptura,
1331 3445 1409 3491 nam

260 3531 294 3594 in
320 3531 413 3595 novis
444 3531 559 3596 Bibliis
592 3532 732 3618 habetur
763 3533 910 3613 tr‘psanas
935 3531 1026 3613 quod
1053 3529 1134 3593 nihil
1159 3540 1220 3607 est,
1249 3539 1284 3593 et
1310 3530 1410 3594 debet

260 3656 283 3718 p
299 3638 465 3718 anteponi,
476 3637 561 3700 sicut
577 3637 609 3700 in
628 3637 690 3701 hoc
707 3638 842 3701 nomine
860 3635 1080 3700 Ptolemaeus.
1119 3634 1165 3697 Et
1177 3635 1209 3697 in
1223 3633 1288 3698 hoc
1307 3635 1409 3698 modo

260 3748 386 3802 erratur
408 3739 564 3804 infinities
585 3741 617 3803 in
632 3741 704 3805 aliis
724 3739 902 3814 vocabulis,
919 3749 953 3804 et
974 3748 1044 3803 tam
1059 3737 1221 3803 violenter
1241 3747 1409 3802 mutamus

258 3863 353 3908 veras
372 3845 591 3909 accidentium
613 3866 730 3909 causas
745 3854 779 3909 et
800 3845 939 3930 regulas,
954 3844 1047 3929 quod
1067 3865 1132 3908 non
1154 3853 1204 3907 est
1225 3843 1408 3907 remedium

260 3966 320 4029 per
339 3948 524 4030 magistros.
568 3947 738 4031 Quoniam
759 3948 965 4013 consuetudo
985 3948 1076 4030 cogit
1091 3967 1207 4011 omnes
1227 3945 1312 4009 male
1333 3966 1409 4029 pro·

258 4049 351 4124 lerre,
366 4061 403 4114 ut
424 4051 457 4114 in
479 4071 545 4116 uno
561 4061 655 4134 patet
673 4050 831 4134 exemplo
853 4073 913 4135 pro
935 4051 1025 4115 mille
1046 4050 1199 4114 millibus.
1246 4050 1407 4132 Butyrum

258 4153 360 4218 habet
376 4154 591 4238 penultimam
607 4166 793 4238 correptam
809 4157 900 4238 apud
915 4166 1064 4220 auctores
1079 4179 1086 4230 ;
1109 4155 1198 4218 unde
1214 4154 1350 4232 Statius,

317 4259 408 4324 ‘Lac
430 4269 581 4322 tenerum
604 4279 680 4323 cum
704 4258 801 4323 melle
823 4260 916 4336 bibit,
938 4261 1162 4342 butyrumque
1185 4257 1349 4322 comedit.'

259 4362 306 4426 Et
323 4363 437 4428 Macer
451 4365 484 4427 in
499 4364 585 4428 libro
600 4363 797 4428 herbarum:

360 4467 466 4531 ‘Cum
489 4468 612 4549 butyro
634 4468 831 4550 modicoque
853 4467 929 4532 oleo
952 4467 1089 4531 decocta
1110 4461 1297 4531 tumorem!

259 4571 306 4635 Et
323 4571 470 4636 Graecus
490 4572 537 4637 sic
552 4572 687 4637 breviat.
732 4572 848 4657 Atque
862 4570 1097 4653 componentia
1114 4570 1222 4652 ipsum
1239 4568 1406 4650 requirunt

256 4675 330 4742 hoc.
374 4675 464 4739 Nam
487 4676 698 4758 componitur
721 4677 764 4741 de
787 4687 876 4760 tyros
898 4685 931 4740 et
953 4675 1015 4754 bos,
1030 4683 1064 4738 et
1085 4684 1171 4757 tyros
1190 4683 1240 4738 est
1257 4672 1356 4736 breve
1373 4673 1405 4736 in
