3575 5375
678 626 967 685 GEOGRAPHIA.
1335 644 1397 706 313

247 787 279 850 in
304 788 424 864 medio,
444 788 516 853 Indi
540 789 574 852 in
597 790 733 853 oriente.
780 788 867 853 Cum
891 789 1148 854 Garamantibus
1170 790 1397 873 Troglodytas

247 892 393 970 involvit,
418 894 474 976 qui
503 892 668 975 conjuncti
695 904 781 959 sunt.
829 894 946 957 Meroe
971 915 1049 958 vero
1075 915 1162 977 quae
1186 905 1237 959 est
1260 896 1397 959 domina

246 997 395 1078 gentium
420 999 505 1061 inter
529 996 716 1062 Nubienses
739 1008 773 1061 et
796 997 899 1061 Indos
921 1006 955 1060 et
971 996 1191 1063 Garamantes
1213 999 1395 1062 secundum

245 1099 464 1183 Allraganum
481 1101 671 1166 collocatur.
717 1102 937 1166 Garamantes
956 1122 976 1164 a
993 1100 1136 1165 Garama
1152 1103 1286 1186 oppido,
1304 1103 1394 1185 quod

245 1215 295 1268 est
328 1216 430 1288 caput
459 1207 552 1289 regni
583 1227 697 1271 eorum
729 1207 901 1284 nominati,
932 1207 1217 1271 matrimoniorum
1245 1219 1396 1272 exsortes

246 1310 368 1390 passim
389 1331 464 1373 cum
482 1310 634 1375 foeminis
652 1313 788 1394 degunt.
833 1311 977 1394 Hesperi
998 1330 1076 1375 vero
1094 1313 1180 1375 circa
1196 1312 1395 1396 Hispaniam

245 1425 500 1479 commorantur.
547 1415 635 1480 Nam
668 1415 832 1498 Hispania
871 1416 992 1478 dicitur
1022 1415 1191 1498 Hespera:
1227 1418 1314 1481 unde
1347 1416 1395 1479 illi

244 1518 300 1599 qui
316 1539 415 1600 supra
434 1519 621 1583 ulteriorem
641 1520 839 1601 Hispaniam
859 1520 1049 1585 inhabitant
1066 1520 1208 1603 Hesperi
1228 1521 1394 1590 dicuntur.

246 1619 345 1685 Multi
369 1632 481 1686 tamen
504 1623 560 1686 alii
584 1634 661 1688 sunt
684 1622 871 1706 Aethiopes
894 1624 946 1687 his
971 1624 1077 1688 tribus
1100 1625 1232 1708 populis
1258 1625 1396 1687 diversis

245 1723 327 1790 locis
353 1726 507 1809 copulati,
532 1728 632 1792 etiam
660 1749 680 1790 a
710 1738 827 1792 natura
850 1728 996 1792 hominis
1020 1730 1135 1793 debita
1166 1729 1307 1793 multum
1338 1729 1396 1792 de·

245 1833 382 1911 pravati,
401 1853 541 1914 quorum
563 1833 697 1897 nomina
718 1842 752 1898 et
774 1833 927 1916 regiones
950 1844 984 1896 et
1007 1852 1115 1897 mores
1137 1833 1307 1914 assignare
1329 1854 1397 1897 non

245 1943 297 1997 est
326 1936 508 2018 praesentis
544 1937 774 2019 persuasionis.
829 1936 927 2019 Quae
956 1937 1071 2001 omnia
1099 1957 1144 2001 ex
1175 1937 1268 2000 libris
1299 1937 1395 2001 Plinii

245 2048 278 2101 et
311 2041 451 2104 aliorum
482 2043 562 2104 satis
595 2051 722 2124 patent,
746 2052 780 2105 et
811 2043 844 2105 in
875 2042 1039 2124 scriptura
1067 2039 1241 2126 principali
1271 2042 1396 2105 debent

243 2145 401 2209 annotari.

288 2246 475 2331 Aethiopia
507 2270 585 2315 vero
619 2249 814 2313 terminatur
844 2248 979 2312 inferius
1008 2247 1051 2311 ad
1083 2268 1176 2312 mare
1207 2249 1341 2312 rubnrm
1375 2256 1494 2320 asyene.

244 2361 339 2432 parte
356 2353 501 2432 orientis
517 2354 559 2418 ad
581 2353 732 2418 Africam
750 2375 794 2419 ex
814 2365 908 2436 parte
929 2353 1119 2430 occidentis,
1134 2353 1177 2416 ad
1198 2353 1394 2436 Aegyptum
1408 2323 1524 2452 mil,

247 2455 280 2516 in
298 2456 408 2520 medio
423 2458 511 2521 inter
525 2458 607 2525 haec
623 2470 793 2534 extrema;
817 2461 849 2522 in
866 2478 933 2540 quo
949 2458 1061 2521 medio
1075 2466 1127 2521 est
1142 2458 1259 2522 civitas
1276 2456 1395 2538 Syene,

245 2558 289 2621 de
315 2579 381 2641 qua
409 2560 564 2628 Ezechiel
590 2564 679 2626 xxix
705 2573 739 2627 et
765 2583 840 2626 xxx
871 2562 1025 2645 capitulis
1054 2581 1211 2645 expresse
1242 2559 1396 2644 loquitur,

244 2663 366 2739 dicens,
380 2669 490 2750 ‘quod
503 2689 524 2731 a
539 2681 625 2733 terra
641 2667 752 2751 Syene
765 2688 868 2751 usque
885 2668 927 2732 ad
945 2666 1103 2731 terminos
1115 2665 1318 2750 Aethiopiae
1330 2688 1397 2731 non

245 2771 397 2835 transibit
420 2793 479 2855 pes
500 2773 664 2838 hominis!
710 2772 820 2856 Syene
841 2794 921 2836 vero
943 2782 993 2836 est
1016 2772 1174 2836 terminus
1195 2770 1396 2855 Aethiopiae

245 2876 377 2941 inferior
406 2888 440 2941 et
469 2898 545 2960 pars
578 2898 732 2963 suprema
761 2878 925 2962 Aegypti,
950 2878 1035 2940 sicut
1058 2877 1139 2939 dicit
1167 2876 1396 2957 Hieronymus

245 3001 344 3065 super
356 2982 566 3046 Ezechielem
580 3004 667 3049 nono
680 2984 769 3048 libro.
795 2984 911 3048 Meroe
925 3003 1004 3047 vero
1015 2994 1065 3047 est
1076 2982 1236 3047 terminus
1247 2981 1396 3065 superior

245 3098 343 3151 notae
367 3088 582 3152 habitationis
608 3089 789 3152 secundum
817 3088 958 3151 Plinium
988 3087 1135 3151 secundo
1167 3086 1259 3150 libro.
1304 3085 1394 3149 Nam

243 3212 264 3255 a
287 3192 423 3255 meridie
448 3194 544 3276 ponit
571 3193 709 3256 Meroen
733 3193 931 3275 principium
958 3192 1171 3256 habitationis
1195 3199 1304 3255 notae.
1350 3190 1396 3254 Et

244 3296 324 3360 dicit
356 3295 480 3359 Plinius
509 3307 607 3363 sexto
637 3295 721 3360 libro
747 3297 837 3377 quod
871 3315 891 3358 a
922 3294 1032 3376 Syene
1047 3314 1092 3358 ex
1122 3304 1264 3376 utroque
1293 3293 1396 3358 latere

243 3402 380 3463 orientis
396 3410 430 3464 et
445 3402 636 3478 occidentis,
647 3400 773 3464 scilicet
787 3400 935 3464 Arabiae
950 3409 984 3462 et
999 3398 1144 3474 Africae,
1157 3418 1222 3461 non
1239 3399 1396 3463 remansit

244 3506 405 3588 oppidum
430 3513 656 3569 neocastrum
679 3526 739 3569 nec
761 3502 839 3568 villa
861 3525 965 3587 usque
982 3503 1131 3566 Meroen.
1177 3502 1266 3565 Nam
1283 3505 1396 3568 omnia

244 3609 355 3673 deleta
370 3621 447 3673 sunt
466 3609 560 3674 bellis
580 3609 754 3687 continuis,
771 3620 807 3674 ut
828 3608 1000 3692 Scriptura
1014 3627 1108 3670 sacra
1122 3605 1315 3670 verificetur·
1360 3606 1395 3669 A

244 3711 357 3797 Syene
385 3735 462 3779 vero
487 3736 591 3798 usque
616 3715 658 3779 ad
692 3714 839 3793 Meroen,
863 3713 1047 3777 secundum
1079 3711 1221 3775 Plinium
1251 3712 1396 3775 seeundo

243 3819 338 3894 libro,
365 3828 441 3884 sunt
473 3820 620 3903 quinque
649 3820 751 3884 millia
777 3820 970 3884 stadiorum.
1019 3817 1058 3880 ln
1085 3827 1184 3880 sexto
1209 3834 1287 3880 vero
1311 3815 1396 3880 libro

245 3925 339 4007 ponit
370 3942 433 4005 972
462 3924 566 3988 millia
596 3944 763 4008 passuum.
809 3923 972 3987 Latitudo
1001 3930 1115 3985 autern
1141 3919 1239 4002 hujus
1267 3918 1396 4003 Syenes
1511 3964 1518 3976 .

244 4031 335 4093 dicta
353 4039 413 4093 est.
460 4029 548 4092 Nam
565 4031 627 4093 sub
642 4030 770 4112 tropico
788 4027 908 4093 Cancri
929 4026 1119 4102 collocatur,
1134 4036 1168 4090 et
1183 4027 1226 4090 ab
1241 4044 1282 4088 ea
1297 4025 1396 4090 clima

244 4133 425 4197 secundum
441 4134 673 4197 denominatur
684 4132 783 4195 clima
799 4132 995 4213 Diasyenes.

289 4237 364 4300 Non
398 4248 537 4321 possunt
568 4258 646 4300 vero
678 4236 845 4319 sequentia
876 4234 1038 4320 expediri,
1065 4234 1127 4297 nisi
1165 4234 1218 4297 hic
1250 4233 1397 4314 aperitur
1410 4237 1502 4302 Empt-

243 4342 423 4424 descriptio
441 4343 594 4426 Aegypti
617 4352 651 4405 et
671 4340 804 4405 Africae
825 4353 859 4405 et
883 4341 952 4403 Nili
975 4343 1141 4405 decursus.
1186 4337 1297 4420 Caput
1317 4357 1396 4401 vero

245 4446 394 4528 Aegypti
410 4456 460 4509 est
476 4445 596 4529 Syene,
613 4456 650 4509 ut
665 4446 792 4510 dictum
807 4456 868 4509 est.
913 4444 981 4508 Sed
996 4444 1176 4528 Aegyptus
1191 4451 1241 4506 est
1256 4440 1396 4524 duplex,

244 4550 367 4613 scilicet
389 4550 537 4633 superior
558 4559 593 4614 et
617 4550 768 4625 inlerior;
791 4569 877 4634 quae
899 4570 978 4613 vero
1001 4549 1135 4613 inferior
1155 4556 1302 4624 vocatur,
1318 4566 1396 4609 con-

244 4654 386 4721 cluditur
416 4652 501 4717 inlra
531 4652 645 4718 Nilum
675 4656 718 4719 ad
750 4655 886 4719 modum
914 4651 1041 4717 insulae
1068 4650 1286 4734 triangularis,
1312 4651 1396 4716 sicut
