3575 5375
413 651 764 711 MATHEMATICAE
788 651 837 709 IN
862 650 1067 712 PHYSICIS
1093 648 1301 709 UTILITAS.
1375 660 1434 722 105

279 815 360 881 alias
391 825 501 898 partes
531 815 769 901 philosophiae.
815 816 904 879 Nam
935 814 1134 879 Aristoteles
1163 813 1244 877 dicit
1273 812 1306 876 in
1333 821 1432 875 sexto

283 920 477 985 Ethicorum
493 921 584 1002 quod
593 920 730 1003 juvenes
742 929 881 1004 possunt
892 920 958 984 cito
974 919 1055 985 scire
1067 916 1354 988 mathematicalia,
1367 936 1433 979 non

279 1025 325 1089 sic
347 1024 516 1098 naturalia,
541 1045 600 1090 nec
627 1025 910 1109 metaphysicalia‚
932 1044 996 1089 nec
1031 1023 1177 1087 moralia.
1223 1021 1337 1104 Quare
1365 1021 1433 1085 dis·

278 1129 453 1211 ponendus
468 1138 518 1192 est
533 1129 661 1192 animus
675 1129 765 1210 prius
780 1149 840 1210 per
854 1128 937 1193 haec
953 1148 1053 1211 quam
1073 1148 1132 1210 per
1146 1126 1219 1192 alia

323 1232 486 1314 Septimo,
502 1233 558 1296 ubi
580 1253 647 1297 non
671 1243 748 1297 sunt
770 1233 887 1298 eadem
911 1233 1006 1297 nobis
1029 1241 1110 1296 nota
1132 1241 1165 1295 et
1187 1240 1333 1307 naturae,
1353 1239 1431 1294 nata
1445 1238 1554 1319 irruas·

278 1346 329 1401 est
353 1337 446 1400 nobis
469 1337 520 1400 via
543 1359 563 1402 a
585 1337 768 1401 notioribus
801 1337 897 1401 nobis
927 1337 969 1400 ad
997 1337 1129 1400 notiora
1158 1347 1306 1399 naturae.
1353 1334 1431 1398 Sive
1443 1306 1603 1421 ssfflffig'

278 1440 468 1522 simpliciter
490 1449 523 1504 et
546 1439 672 1505 facilius
693 1441 813 1504 scimus
835 1461 884 1513 ea,
906 1459 993 1523 quae
1015 1439 1111 1504 nobis
1134 1439 1262 1504 notiora
1288 1447 1373 1516 sunt,
1396 1448 1430 1500 et
1443 1445 1509 1552 {210
1518 1438 1603 1502 things

279 1565 353 1610 cum
377 1565 498 1626 magna
519 1543 712 1609 difficultate
741 1545 935 1608 devenimus
957 1545 988 1607 in
1020 1565 1068 1620 ea,
1091 1564 1178 1627 quae
1200 1553 1278 1607 sunt
1301 1543 1431 1606 notiora
1444 1511 1575 1619 „53²⁰

278 1658 425 1712 naturae.
472 1648 518 1710 Et
547 1659 628 1712 nota
657 1659 794 1712 naturae
823 1657 901 1712 sunt
931 1648 1019 1712 male
1050 1659 1085 1712 et
1114 1647 1306 1731 imperfecte
1336 1646 1431 1710 nobis

279 1753 422 1835 cognita,
437 1753 515 1835 quia
538 1752 726 1816 intellectus
746 1763 859 1816 noster
876 1773 912 1817 se
930 1753 1032 1816 habet
1052 1754 1096 1817 ad
1118 1773 1166 1828 ea,
1181 1773 1268 1836 qnae
1288 1762 1365 1815 sunt
1384 1751 1430 1814 sic

279 1857 454 1921 manifesta
469 1867 614 1930 naturae,
631 1858 716 1921 sicut
732 1857 847 1920 oculus
859 1857 1097 1939 vespertilionis
1111 1858 1154 1921 ad
1171 1857 1277 1921 lucem
1294 1855 1381 1928 solis,
1394 1865 1431 1918 ut

277 1961 554 2026 vultAristoteles
564 1962 711 2026 secundo
718 1961 988 2045 Metaphysicae;
1002 1963 1087 2025 sicut
1095 1970 1174 2026 sunt
1182 1962 1328 2024 maxime
1338 1961 1431 2024 Deus

279 2076 312 2131 et
328 2066 445 2147 angeli,
461 2076 495 2131 et
511 2067 579 2130 vita
598 2065 708 2129 sutura
730 2075 764 2130 et
780 2066 943 2140 coelestia,
965 2076 1000 2129 et
1020 2066 1103 2130 aliae
1120 2073 1288 2131 creaturae
1310 2064 1430 2129 nobili-

214 2158 220 2169 ’
279 2191 352 2235 ores
367 2171 447 2236 aliis.
462 2170 539 2254 quia
553 2181 678 2253 quanto
694 2181 771 2235 sunt
792 2171 977 2246 nobiliores,
996 2180 1091 2235 tanto
1113 2181 1190 2234 sunt
1209 2171 1304 2233 nobis
1322 2170 1431 2234 minus

279 2285 387 2340 notae.
435 2275 482 2338 Et
496 2275 578 2338 haec
594 2285 755 2339 vocantur
773 2284 852 2339 nota
875 2283 1021 2338 naturae.
1039 2285 1073 2338 et
1094 2273 1291 2356 simpliciter.
1337 2273 1430 2356 Ergo

278 2400 337 2462 per
351 2380 539 2464 oppositum
556 2379 611 2442 ubi
627 2379 744 2443 eadem
760 2388 837 2443 sunt
852 2390 933 2443 nota
954 2379 1051 2442 nobis
1071 2388 1106 2442 et
1125 2387 1270 2457 naturae,
1285 2376 1429 2441 multum

278 2483 468 2566 proficimus
484 2485 571 2547 circa
582 2493 662 2548 nota
677 2495 822 2563 naturae,
838 2493 872 2548 et
887 2483 999 2547 omnia
1015 2502 1101 2565 quae
1116 2483 1161 2547 ibi
1184 2492 1271 2560 sunt,
1280 2493 1314 2546 et
1329 2483 1372 2546 ad
1389 2501 1430 2544 ea

279 2608 454 2670 possumus
475 2589 639 2670 attingere
662 2598 699 2652 ut
720 2589 864 2652 sciamus
887 2608 927 2653 ea
949 2586 1102 2672 perfecte.
1150 2586 1216 2651 Sed
1240 2587 1275 2650 in
1297 2585 1428 2650 mathe-

279 2694 398 2757 matica
419 2702 559 2767 tantum,
576 2702 612 2757 ut
628 2692 709 2756 dicit
725 2690 912 2757 Averroes¹
927 2694 1036 2776 primo
1056 2693 1215 2776 physicae
1235 2702 1270 2755 et
1285 2692 1429 2775 septimo

278 2798 508 2880 metaphysico
523 2807 558 2861 et
577 2816 675 2881 super
689 2798 789 2862 tertio
804 2798 887 2861 coeli
908 2807 943 2861 et
959 2798 1084 2876 mundi,
1100 2808 1178 2861 sunt
1199 2797 1316 2860 eadem
1332 2794 1429 2860 nobis

278 2911 357 2964 nota
372 2912 406 2966 et
426 2912 562 2967 naturae
577 2902 646 2965 sive
660 2901 863 2984 simpliciter.
916 2902 1007 2985 Ergo
1029 2902 1115 2966 sicut
1136 2902 1169 2964 in
1194 2900 1430 2965 mathematica

277 3005 320 3069 ad
344 3024 384 3069 ea
406 3026 492 3089 quae
514 3015 590 3070 sunt
614 3006 708 3069 nobis
731 3016 811 3070 nota
833 3006 1000 3091 complete
1021 3006 1227 3089 attingimus,
1249 3006 1296 3068 sic
1321 3006 1363 3068 ad
1387 3024 1430 3068 ea

277 3120 454 3191 quaesunt
470 3119 550 3174 nota
565 3119 703 3175 naturae
718 3119 751 3174 et
767 3110 971 3194 simpliciter.
1016 3110 1130 3194 Quare
1145 3110 1188 3174 ad
1204 3110 1321 3174 intima
1341 3107 1429 3172 illius

277 3214 433 3278 scientiae
453 3234 629 3296 possumus
650 3213 844 3299 simpliciter
859 3217 1034 3297 attingere.
1080 3214 1168 3280 Cum
1186 3234 1267 3296 ergo
1282 3214 1346 3276 hoc
1362 3232 1428 3275 non

277 3318 446 3383 valeamus
462 3320 494 3383 in
517 3318 599 3397 aliis,
617 3318 830 3383 manifestum
847 3330 898 3383 est
915 3319 1005 3401 quod
1027 3319 1110 3383 haec
1133 3328 1185 3382 est
1207 3318 1315 3400 magis
1337 3326 1427 3382 nota.

277 3422 492 3507 Quapropter
505 3424 549 3488 ab
565 3444 604 3487 ea
620 3423 782 3487 sumenda
798 3433 848 3487 est
865 3424 959 3504 origo
975 3431 1109 3487 nostrae
1124 3422 1332 3504 cognitionis.

320 3527 407 3591 Item
430 3537 559 3604 octavo,
581 3529 658 3611 quia
681 3548 780 3593 omne
804 3527 942 3591 dubium
965 3526 1003 3590 fit
1025 3535 1141 3591 notum
1164 3547 1224 3609 per
1241 3536 1379 3605 certum,
1392 3535 1427 3589 et
1440 3540 1549 3592 Itisrne

275 3633 384 3697 omnis
399 3652 489 3697 error
503 3642 682 3697 evacuatur
696 3654 756 3716 per
770 3632 909 3696 solidam
926 3632 1111 3696 veritatem.
1156 3630 1225 3696 Sed
1247 3632 1279 3695 in
1299 3631 1426 3695 mathe-
1437 3608 1596 3738 mscer-

275 3736 396 3801 matica
411 3757 588 3819 possumus
603 3738 757 3801 devenire
772 3738 815 3802 ad
830 3736 963 3820 plenam
979 3737 1153 3800 veritatem
1173 3737 1244 3801 sine
1258 3756 1378 3816 errore,
1392 3747 1427 3801 et

276 3843 320 3906 ad
347 3841 496 3905 omnium
524 3841 755 3905 certitudinem
786 3841 857 3905 sine
886 3841 1114 3906 dubitatione:
1145 3840 1303 3925 quoniam
1327 3841 1361 3904 in
1387 3862 1427 3905 ea

275 3946 428 4010 convenit
459 3944 572 4009 haberi
602 3945 921 4010 demonstrationem
951 3965 1011 4028 per
1039 3966 1173 4010 causam
1202 3945 1370 4028 propriam
1392 3955 1427 4009 et

275 4050 502 4115 necessariam.
548 4049 595 4113 Et
615 4051 856 4115 demonstratio
875 4051 956 4115 lacit
977 4050 1131 4135 cognosci
1149 4050 1335 4113 veritatem.
1380 4048 1427 4113 Et

274 4153 423 4218 similiter
438 4156 471 4217 in
487 4174 527 4219 ea
541 4155 702 4237 contingit
718 4154 832 4218 haberi
851 4156 894 4219 ad
916 4154 1028 4218 omnia
1049 4153 1241 4237 exemplum
1264 4153 1427 4231 sensibile,

273 4267 307 4323 et
324 4260 564 4342 experientiam
579 4258 768 4323 sensibilem
784 4257 956 4342 figurando
970 4268 1005 4323 et
1026 4258 1239 4336 numerando,
1256 4268 1293 4321 ut
1313 4259 1428 4321 omnia

307 4395 314 4424 ¹
333 4395 362 4444 ln
375 4396 416 4445 his
427 4404 604 4459 commentary
616 4412 649 4446 on
662 4396 706 4445 the
724 4397 779 4445 first
793 4396 863 4445 book
874 4394 906 4443 os
918 4395 958 4443 De
968 4393 1197 4455 Natur.Auscu1t.,
1210 4395 1341 4443 Averroes
1357 4409 1427 4456 says,

273 4473 337 4524 ‘llh
347 4490 415 4537 quae
426 4482 487 4524 sunt
499 4476 604 4537 cognita
620 4476 689 4537 apud
707 4490 755 4523 nos
772 4475 798 4523 in
815 4474 893 4524 rebus
910 4474 1069 4523 naturalibus
1085 4488 1138 4521 nou
1154 4480 1214 4522 sunt
1230 4473 1272 4521 illa
1288 4488 1355 4534 quae
1365 4480 1428 4521 sunt

273 4554 377 4615 cognita
388 4551 546 4615 simpliciter,
559 4553 585 4602 id
602 4562 650 4616 est,
669 4552 826 4603 naturaliter.
859 4552 937 4613 Quod
954 4559 995 4600 est
1011 4552 1168 4601 contrarium
1183 4552 1210 4600 in
1225 4550 1427 4601 mathematicis:

273 4632 317 4681 illa
329 4632 399 4681 eninr
417 4647 482 4693 quae
498 4639 559 4680 sunt
575 4631 680 4695 cognita
692 4632 719 4679 in
737 4632 787 4681 illis
802 4630 962 4695 simpliciter,
976 4638 1003 4679 et
1017 4638 1079 4680 sunt
1094 4645 1187 4680 causae
1198 4629 1299 4693 priores
1313 4629 1340 4677 in
1357 4644 1426 4692 esse,

272 4720 333 4761 sunt
343 4711 448 4774 cognita
459 4711 528 4774 apud
540 4710 605 4761 nos!
