<?xml version="1.0" encoding="UTF-8"?>
<!DOCTYPE html PUBLIC "-//W3C//DTD XHTML 1.0 Transitional//EN"
    "http://www.w3.org/TR/xhtml1/DTD/xhtml1-transitional.dtd">
<html xmlns="http://www.w3.org/1999/xhtml" xml:lang="en" lang="en">
 <head>
  <title>
</title>
<meta http-equiv="Content-Type" content="text/html;charset=utf-8" />
  <meta name='ocr-system' content='tesseract 3.04.00' />
  <meta name='ocr-capabilities' content='ocr_page ocr_carea ocr_par ocr_line ocrx_word'/>
</head>
<body>
  <div class='ocr_page' id='page_1' title='image "./opusmajusrogerb01bridgoog/opusmajusrogerb01bridgoog_0492.png"; bbox 0 0 3575 5375; ppageno 0'>
   <div class='ocr_carea' id='block_1_1' title="bbox 672 662 1393 745">
    <p class='ocr_par' dir='ltr' id='par_1_1' title="bbox 672 662 1393 745">
     <span class='ocr_line' id='line_1_1' title="bbox 672 662 1393 745; baseline 0.007 -25"><span class='ocrx_word' id='word_1_1' title='bbox 672 662 961 722; x_wconf 75' lang='lat' dir='ltr'><em>GEOGRAPHIA.</em></span> <span class='ocrx_word' id='word_1_2' title='bbox 1332 681 1393 745; x_wconf 81' lang='lat'><strong>293</strong></span> 
     </span>
    </p>
   </div>
   <div class='ocr_carea' id='block_1_2' title="bbox 242 819 1393 1114">
    <p class='ocr_par' dir='ltr' id='par_1_2' title="bbox 242 819 1393 1114">
     <span class='ocr_line' id='line_1_2' title="bbox 242 819 1393 910; baseline 0.006 -26"><span class='ocrx_word' id='word_1_3' title='bbox 242 819 284 884; x_wconf 89' lang='lat' dir='ltr'><strong>de</strong></span> <span class='ocrx_word' id='word_1_4' title='bbox 298 831 415 903; x_wconf 89' lang='lat' dir='ltr'><strong>quarta</strong></span> <span class='ocrx_word' id='word_1_5' title='bbox 438 821 494 887; x_wconf 93' lang='lat' dir='ltr'><strong>illa</strong></span> <span class='ocrx_word' id='word_1_6' title='bbox 515 820 578 886; x_wconf 91' lang='lat' dir='ltr'><strong>sub</strong></span> <span class='ocrx_word' id='word_1_7' title='bbox 602 832 715 888; x_wconf 89' lang='lat' dir='ltr'><strong>nostra</strong></span> <span class='ocrx_word' id='word_1_8' title='bbox 737 825 799 889; x_wconf 85' lang='lat' dir='ltr'><strong>erit</strong></span> <span class='ocrx_word' id='word_1_9' title='bbox 822 825 1039 900; x_wconf 86' lang='lat' dir='ltr'>habitatione,</span> <span class='ocrx_word' id='word_1_10' title='bbox 1063 835 1199 908; x_wconf 88' lang='lat' dir='ltr'><strong>propter</strong></span> <span class='ocrx_word' id='word_1_11' title='bbox 1219 826 1283 891; x_wconf 91' lang='lat' dir='ltr'><strong>hoc</strong></span> <span class='ocrx_word' id='word_1_12' title='bbox 1303 829 1393 910; x_wconf 93' lang='lat' dir='ltr'><strong>quod</strong></span> 
     </span>
     <span class='ocr_line' id='line_1_3' title="bbox 242 924 1392 1014; baseline 0.008 -29"><span class='ocrx_word' id='word_1_13' title='bbox 242 924 439 1007; x_wconf 92' lang='lat' dir='ltr'><strong>principium</strong></span> <span class='ocrx_word' id='word_1_14' title='bbox 455 927 589 990; x_wconf 91' lang='lat' dir='ltr'><strong>orientis</strong></span> <span class='ocrx_word' id='word_1_15' title='bbox 605 937 638 990; x_wconf 89' lang='lat' dir='ltr'><strong>et</strong></span> <span class='ocrx_word' id='word_1_16' title='bbox 648 929 828 992; x_wconf 91' lang='lat' dir='ltr'><strong>occidentis</strong></span> <span class='ocrx_word' id='word_1_17' title='bbox 838 939 915 992; x_wconf 90' lang='lat' dir='ltr'><strong>sunt</strong></span> <span class='ocrx_word' id='word_1_18' title='bbox 930 949 1043 1014; x_wconf 82' lang='lat' dir='ltr'>prope,</span> <span class='ocrx_word' id='word_1_19' title='bbox 1054 931 1132 1012; x_wconf 91' lang='lat' dir='ltr'><strong>quia</strong></span> <span class='ocrx_word' id='word_1_20' title='bbox 1148 951 1238 994; x_wconf 89' lang='lat' dir='ltr'><strong>mare</strong></span> <span class='ocrx_word' id='word_1_21' title='bbox 1254 952 1392 1014; x_wconf 86' lang='lat' dir='ltr'><strong>parvum</strong></span> 
     </span>
     <span class='ocr_line' id='line_1_4' title="bbox 242 1031 979 1114; baseline 0.007 -23"><span class='ocrx_word' id='word_1_22' title='bbox 242 1047 282 1091; x_wconf 87' lang='lat' dir='ltr'><strong>ea</strong></span> <span class='ocrx_word' id='word_1_23' title='bbox 305 1040 436 1112; x_wconf 87' lang='lat' dir='ltr'><strong>separat</strong></span> <span class='ocrx_word' id='word_1_24' title='bbox 458 1051 502 1094; x_wconf 87' lang='lat' dir='ltr'><strong>ex</strong></span> <span class='ocrx_word' id='word_1_25' title='bbox 526 1031 628 1094; x_wconf 87' lang='lat' dir='ltr'><strong>altera</strong></span> <span class='ocrx_word' id='word_1_26' title='bbox 653 1043 746 1114; x_wconf 88' lang='lat' dir='ltr'><strong>parte</strong></span> <span class='ocrx_word' id='word_1_27' title='bbox 769 1043 885 1098; x_wconf 87' lang='lat' dir='ltr'><strong>terrae.</strong></span> <span class='ocrx_word' id='word_1_28' title='bbox 908 1033 979 1097; x_wconf 84' lang='lat' dir='ltr'><strong>&#39;Et</strong></span> 
     </span>
    </p>
   </div>
   <div class='ocr_carea' id='block_1_3' title="bbox 127 1123 1624 4657">
    <p class='ocr_par' dir='ltr' id='par_1_3' title="bbox 245 1123 1307 1202">
     <span class='ocr_line' id='line_1_5' title="bbox 245 1123 1307 1202; baseline 0.008 -7"><span class='ocrx_word' id='word_1_29' title='bbox 245 1132 319 1197; x_wconf 93' lang='lat' dir='ltr'><strong>ideo</strong></span> <span class='ocrx_word' id='word_1_30' title='bbox 332 1134 494 1198; x_wconf 90' lang='lat' dir='ltr'><strong>habitatio</strong></span> <span class='ocrx_word' id='word_1_31' title='bbox 506 1135 593 1199; x_wconf 89' lang='lat' dir='ltr'><strong>inter</strong></span> <span class='ocrx_word' id='word_1_32' title='bbox 605 1137 766 1201; x_wconf 83' lang='lat' dir='ltr'><strong>orientem</strong></span> <span class='ocrx_word' id='word_1_33' title='bbox 783 1147 817 1200; x_wconf 93' lang='lat' dir='ltr'><strong>et</strong></span> <span class='ocrx_word' id='word_1_34' title='bbox 823 1138 976 1202; x_wconf 84' lang='lat' dir='ltr'><strong>occiden·</strong></span> <span class='ocrx_word' id='word_1_35' title='bbox 1288 1123 1307 1190; x_wconf 82' lang='lat' dir='ltr'><strong><em>b</em></strong></span> 
     </span>
    </p>

    <p class='ocr_par' dir='ltr' id='par_1_4' title="bbox 217 1239 978 1323">
     <span class='ocr_line' id='line_1_6' title="bbox 217 1239 978 1323; baseline 0.005 -23"><span class='ocrx_word' id='word_1_36' title='bbox 217 1255 223 1277; x_wconf 90' lang='lat'><strong>·</strong></span> <span class='ocrx_word' id='word_1_37' title='bbox 243 1245 312 1300; x_wconf 92' lang='lat' dir='ltr'><strong>tem</strong></span> <span class='ocrx_word' id='word_1_38' title='bbox 329 1257 395 1302; x_wconf 94' lang='lat' dir='ltr'><strong>non</strong></span> <span class='ocrx_word' id='word_1_39' title='bbox 408 1239 469 1302; x_wconf 88' lang='lat' dir='ltr'><strong>erit</strong></span> <span class='ocrx_word' id='word_1_40' title='bbox 482 1240 645 1304; x_wconf 84' lang='lat' dir='ltr'><strong>medietas</strong></span> <span class='ocrx_word' id='word_1_41' title='bbox 656 1241 904 1323; x_wconf 86' lang='lat' dir='ltr'><strong>aequinoctialis</strong></span> <span class='ocrx_word' id='word_1_42' title='bbox 915 1242 978 1304; x_wconf 91' lang='lat' dir='ltr'><strong>cir·</strong></span> 
     </span>
    </p>

    <p class='ocr_par' dir='ltr' id='par_1_5' title="bbox 219 1341 979 1419">
     <span class='ocr_line' id='line_1_7' title="bbox 219 1341 979 1419; baseline 0.007 -16"><span class='ocrx_word' id='word_1_43' title='bbox 219 1361 225 1386; x_wconf 81' lang='lat'><em>¹</em></span> <span class='ocrx_word' id='word_1_44' title='bbox 244 1341 318 1418; x_wconf 87' lang='lat' dir='ltr'><strong>culi,</strong></span> <span class='ocrx_word' id='word_1_45' title='bbox 326 1361 386 1405; x_wconf 91' lang='lat' dir='ltr'><strong>nec</strong></span> <span class='ocrx_word' id='word_1_46' title='bbox 397 1343 558 1408; x_wconf 86' lang='lat' dir='ltr'><strong>medietas</strong></span> <span class='ocrx_word' id='word_1_47' title='bbox 569 1345 783 1409; x_wconf 90' lang='lat' dir='ltr'><strong>rotunditatis</strong></span> <span class='ocrx_word' id='word_1_48' title='bbox 792 1355 908 1419; x_wconf 90' lang='lat' dir='ltr'><strong>terrae,</strong></span> <span class='ocrx_word' id='word_1_49' title='bbox 920 1365 979 1408; x_wconf 87' lang='lat' dir='ltr'><strong>nec</strong></span> 
     </span>
    </p>

    <p class='ocr_par' dir='ltr' id='par_1_6' title="bbox 224 1439 1624 1532">
     <span class='ocr_line' id='line_1_8' title="bbox 224 1439 1624 1532; baseline 0.006 -24"><span class='ocrx_word' id='word_1_50' title='bbox 224 1445 418 1510; x_wconf 75' lang='lat' dir='ltr'><strong>duodecim</strong></span> <span class='ocrx_word' id='word_1_51' title='bbox 434 1447 546 1524; x_wconf 89' lang='lat' dir='ltr'><strong>horae,</strong></span> <span class='ocrx_word' id='word_1_52' title='bbox 562 1458 598 1511; x_wconf 91' lang='lat' dir='ltr'><strong>ut</strong></span> <span class='ocrx_word' id='word_1_53' title='bbox 614 1448 981 1532; x_wconf 86' lang='lat' dir='ltr'><strong>aestimant‚sedlonge</strong></span> <span class='ocrx_word' id='word_1_54' title='bbox 1027 1439 1050 1479; x_wconf 61' lang='grc' dir='ltr'>α</span> <span class='ocrx_word' id='word_1_55' title='bbox 1371 1441 1388 1484; x_wconf 79' lang='lat'><strong><em>⁰</em></strong></span> <span class='ocrx_word' id='word_1_56' title='bbox 1475 1508 1479 1517; x_wconf 93' lang='lat'><em>.</em></span> <span class='ocrx_word' id='word_1_57' title='bbox 1536 1473 1546 1518; x_wconf 89' lang='grc'><strong>·.</strong></span> <span class='ocrx_word' id='word_1_58' title='bbox 1588 1481 1593 1491; x_wconf 93' lang='grc'>·</span> <span class='ocrx_word' id='word_1_59' title='bbox 1620 1462 1624 1470; x_wconf 91' lang='grc'><strong>“</strong></span> 
     </span>
    </p>

    <p class='ocr_par' dir='ltr' id='par_1_7' title="bbox 219 1547 1397 4034">
     <span class='ocr_line' id='line_1_9' title="bbox 219 1547 981 1635; baseline 0.007 -25"><span class='ocrx_word' id='word_1_60' title='bbox 219 1561 227 1589; x_wconf 78' lang='grc'>’</span> <span class='ocrx_word' id='word_1_61' title='bbox 244 1547 318 1630; x_wconf 90' lang='lat' dir='ltr'><strong>plus</strong></span> <span class='ocrx_word' id='word_1_62' title='bbox 330 1550 508 1616; x_wconf 87' lang='lat' dir='ltr'><strong>medietate</strong></span> <span class='ocrx_word' id='word_1_63' title='bbox 518 1553 731 1617; x_wconf 88' lang='lat' dir='ltr'><strong>rotunditatis</strong></span> <span class='ocrx_word' id='word_1_64' title='bbox 739 1563 846 1617; x_wconf 87' lang='lat' dir='ltr'><strong>terrae</strong></span> <span class='ocrx_word' id='word_1_65' title='bbox 861 1563 896 1616; x_wconf 92' lang='lat' dir='ltr'><strong>et</strong></span> <span class='ocrx_word' id='word_1_66' title='bbox 907 1555 981 1635; x_wconf 91' lang='lat' dir='ltr'><strong>plus</strong></span> 
     </span>
     <span class='ocr_line' id='line_1_10' title="bbox 244 1654 978 1739; baseline 0.004 -21"><span class='ocrx_word' id='word_1_67' title='bbox 244 1673 345 1734; x_wconf 88' lang='lat' dir='ltr'><strong>quarn</strong></span> <span class='ocrx_word' id='word_1_68' title='bbox 363 1654 523 1721; x_wconf 84' lang='lat' dir='ltr'><strong>revolutio</strong></span> <span class='ocrx_word' id='word_1_69' title='bbox 539 1656 728 1720; x_wconf 86' lang='lat' dir='ltr'><strong>medietatis</strong></span> <span class='ocrx_word' id='word_1_70' title='bbox 740 1656 845 1721; x_wconf 69' lang='lat' dir='ltr'><strong>coeli!</strong></span> <span class='ocrx_word' id='word_1_71' title='bbox 861 1655 978 1739; x_wconf 81' lang='lat' dir='ltr'><strong>Quan-</strong></span> 
     </span>
     <span class='ocr_line' id='line_1_11' title="bbox 243 1759 978 1845; baseline 0.008 -27"><span class='ocrx_word' id='word_1_72' title='bbox 243 1759 978 1845; x_wconf 44' lang='lat' dir='ltr'><strong>mmmmmmmmmm</strong></span> 
     </span>
     <span class='ocr_line' id='line_1_12' title="bbox 243 1861 978 1942; baseline 0.007 -18"><span class='ocrx_word' id='word_1_73' title='bbox 243 1861 363 1926; x_wconf 89' lang='lat' dir='ltr'><strong>nostris</strong></span> <span class='ocrx_word' id='word_1_74' title='bbox 387 1873 625 1942; x_wconf 88' lang='lat' dir='ltr'><strong>mensuratum,</strong></span> <span class='ocrx_word' id='word_1_75' title='bbox 652 1884 713 1929; x_wconf 88' lang='lat' dir='ltr'><strong>nee</strong></span> <span class='ocrx_word' id='word_1_76' title='bbox 737 1865 923 1929; x_wconf 86' lang='lat' dir='ltr'><strong>invenimus</strong></span> <span class='ocrx_word' id='word_1_77' title='bbox 945 1866 978 1929; x_wconf 91' lang='lat' dir='ltr'><strong>in</strong></span> 
     </span>
     <span class='ocr_line' id='line_1_13' title="bbox 244 1965 1393 2051; baseline 0.002 -24"><span class='ocrx_word' id='word_1_78' title='bbox 244 1965 332 2029; x_wconf 89' lang='lat' dir='ltr'><strong>libris</strong></span> <span class='ocrx_word' id='word_1_79' title='bbox 347 1968 556 2050; x_wconf 89' lang='lat' dir='ltr'><strong>antiquorum</strong></span> <span class='ocrx_word' id='word_1_80' title='bbox 569 1979 606 2032; x_wconf 93' lang='lat' dir='ltr'><strong>ut</strong></span> <span class='ocrx_word' id='word_1_81' title='bbox 617 1979 748 2051; x_wconf 84' lang='lat' dir='ltr'><strong>oportet</strong></span> <span class='ocrx_word' id='word_1_82' title='bbox 760 1969 998 2044; x_wconf 80' lang='lat' dir='ltr'><strong>certificatum3</strong></span> <span class='ocrx_word' id='word_1_83' title='bbox 1022 1988 1081 2033; x_wconf 92' lang='lat' dir='ltr'><strong>nec</strong></span> <span class='ocrx_word' id='word_1_84' title='bbox 1094 1969 1224 2046; x_wconf 88' lang='lat' dir='ltr'><strong>mirum,</strong></span> <span class='ocrx_word' id='word_1_85' title='bbox 1234 1967 1393 2050; x_wconf 92' lang='lat' dir='ltr'><strong>quoniam</strong></span> 
     </span>
     <span class='ocr_line' id='line_1_14' title="bbox 243 2069 1393 2154; baseline 0.001 -22"><span class='ocrx_word' id='word_1_86' title='bbox 243 2069 317 2152; x_wconf 88' lang='lat' dir='ltr'><strong>plus</strong></span> <span class='ocrx_word' id='word_1_87' title='bbox 336 2071 524 2136; x_wconf 82' lang='lat' dir='ltr'><strong>medietatis</strong></span> <span class='ocrx_word' id='word_1_88' title='bbox 539 2081 677 2152; x_wconf 82' lang='lat' dir='ltr'><strong>quartae</strong></span> <span class='ocrx_word' id='word_1_89' title='bbox 693 2073 726 2134; x_wconf 91' lang='lat' dir='ltr'><strong>in</strong></span> <span class='ocrx_word' id='word_1_90' title='bbox 742 2093 809 2154; x_wconf 91' lang='lat' dir='ltr'><strong>qua</strong></span> <span class='ocrx_word' id='word_1_91' title='bbox 824 2093 940 2137; x_wconf 86' lang='lat' dir='ltr'><strong>sumus</strong></span> <span class='ocrx_word' id='word_1_92' title='bbox 955 2082 1006 2136; x_wconf 90' lang='lat' dir='ltr'><strong>est</strong></span> <span class='ocrx_word' id='word_1_93' title='bbox 1022 2072 1118 2135; x_wconf 86' lang='lat' dir='ltr'><strong>nobis</strong></span> <span class='ocrx_word' id='word_1_94' title='bbox 1138 2072 1287 2153; x_wconf 80' lang='lat' dir='ltr'><strong>ignotum</strong></span> <span class='ocrx_word' id='word_1_95' title='bbox 1302 2093 1310 2147; x_wconf 90' lang='lat'>;</span> <span class='ocrx_word' id='word_1_96' title='bbox 1333 2089 1393 2133; x_wconf 90' lang='lat' dir='ltr'><strong>nec</strong></span> 
     </span>
     <span class='ocr_line' id='line_1_15' title="bbox 243 2175 1393 2260; baseline -0.001 -24"><span class='ocrx_word' id='word_1_97' title='bbox 243 2184 319 2238; x_wconf 91' lang='lat' dir='ltr'><strong>sunt</strong></span> <span class='ocrx_word' id='word_1_98' title='bbox 350 2175 500 2240; x_wconf 86' lang='lat' dir='ltr'><strong>civitates</strong></span> <span class='ocrx_word' id='word_1_99' title='bbox 532 2197 552 2240; x_wconf 91' lang='lat' dir='ltr'><strong>a</strong></span> <span class='ocrx_word' id='word_1_100' title='bbox 589 2175 795 2260; x_wconf 87' lang='lat' dir='ltr'><strong>philosophis</strong></span> <span class='ocrx_word' id='word_1_101' title='bbox 825 2177 1092 2259; x_wconf 88' lang='lat' dir='ltr'><strong>comprehensae,</strong></span> <span class='ocrx_word' id='word_1_102' title='bbox 1121 2186 1158 2240; x_wconf 92' lang='lat' dir='ltr'><strong>ut</strong></span> <span class='ocrx_word' id='word_1_103' title='bbox 1191 2175 1319 2258; x_wconf 86' lang='lat' dir='ltr'><strong>patebit</strong></span> <span class='ocrx_word' id='word_1_104' title='bbox 1348 2195 1393 2236; x_wconf 86' lang='lat' dir='ltr'><strong>ex</strong></span> 
     </span>
     <span class='ocr_line' id='line_1_16' title="bbox 243 2277 1392 2363; baseline 0.001 -23"><span class='ocrx_word' id='word_1_105' title='bbox 243 2278 467 2362; x_wconf 90' lang='lat' dir='ltr'><strong>sequentibus.</strong></span> <span class='ocrx_word' id='word_1_106' title='bbox 513 2277 673 2343; x_wconf 89' lang='lat' dir='ltr'><strong>Similiter</strong></span> <span class='ocrx_word' id='word_1_107' title='bbox 687 2281 716 2341; x_wconf 90' lang='lat' dir='ltr'><strong>si</strong></span> <span class='ocrx_word' id='word_1_108' title='bbox 732 2279 908 2363; x_wconf 89' lang='lat' dir='ltr'><strong>loquamur</strong></span> <span class='ocrx_word' id='word_1_109' title='bbox 922 2281 966 2345; x_wconf 90' lang='lat' dir='ltr'><strong>de</strong></span> <span class='ocrx_word' id='word_1_110' title='bbox 980 2281 1054 2344; x_wconf 87' lang='lat' dir='ltr'><strong>aliis</strong></span> <span class='ocrx_word' id='word_1_111' title='bbox 1065 2279 1195 2344; x_wconf 86' lang='lat' dir='ltr'><strong>duabus</strong></span> <span class='ocrx_word' id='word_1_112' title='bbox 1211 2279 1348 2360; x_wconf 90' lang='lat' dir='ltr'><strong>quartis,</strong></span> <span class='ocrx_word' id='word_1_113' title='bbox 1357 2287 1392 2341; x_wconf 86' lang='lat' dir='ltr'><strong>et</strong></span> 
     </span>
     <span class='ocr_line' id='line_1_17' title="bbox 243 2382 1392 2468; baseline -0.002 -20"><span class='ocrx_word' id='word_1_114' title='bbox 243 2383 486 2448; x_wconf 86' lang='lat' dir='ltr'><strong>consideremus</strong></span> <span class='ocrx_word' id='word_1_115' title='bbox 521 2385 592 2446; x_wconf 91' lang='lat' dir='ltr'><strong>vias</strong></span> <span class='ocrx_word' id='word_1_116' title='bbox 629 2383 796 2448; x_wconf 84' lang='lat' dir='ltr'><strong>naturales</strong></span> <span class='ocrx_word' id='word_1_117' title='bbox 833 2387 1015 2450; x_wconf 90' lang='lat' dir='ltr'><strong>secundum</strong></span> <span class='ocrx_word' id='word_1_118' title='bbox 1052 2386 1143 2468; x_wconf 90' lang='lat' dir='ltr'><strong>quod</strong></span> <span class='ocrx_word' id='word_1_119' title='bbox 1181 2382 1392 2466; x_wconf 90' lang='lat' dir='ltr'><strong>philosophia</strong></span> 
     </span>
     <span class='ocr_line' id='line_1_18' title="bbox 244 2487 1395 2572; baseline -0.003 -21"><span class='ocrx_word' id='word_1_120' title='bbox 244 2488 402 2552; x_wconf 90' lang='lat' dir='ltr'><strong>naturalis</strong></span> <span class='ocrx_word' id='word_1_121' title='bbox 426 2488 581 2563; x_wconf 89' lang='lat' dir='ltr'><strong>decurrit,</strong></span> <span class='ocrx_word' id='word_1_122' title='bbox 600 2508 666 2552; x_wconf 92' lang='lat' dir='ltr'><strong>non</strong></span> <span class='ocrx_word' id='word_1_123' title='bbox 687 2498 784 2551; x_wconf 90' lang='lat' dir='ltr'><strong>erunt</strong></span> <span class='ocrx_word' id='word_1_124' title='bbox 807 2489 882 2552; x_wconf 91' lang='lat' dir='ltr'><strong>illae</strong></span> <span class='ocrx_word' id='word_1_125' title='bbox 902 2499 1080 2572; x_wconf 89' lang='lat' dir='ltr'><strong>coopertae</strong></span> <span class='ocrx_word' id='word_1_126' title='bbox 1095 2487 1199 2571; x_wconf 88' lang='lat' dir='ltr'><strong>aquis,</strong></span> <span class='ocrx_word' id='word_1_127' title='bbox 1218 2495 1255 2549; x_wconf 92' lang='lat' dir='ltr'><strong>ut</strong></span> <span class='ocrx_word' id='word_1_128' title='bbox 1274 2487 1395 2568; x_wconf 85' lang='lat' dir='ltr'><strong>vulgus</strong></span> 
     </span>
     <span class='ocr_line' id='line_1_19' title="bbox 244 2591 1394 2677; baseline -0.004 -19"><span class='ocrx_word' id='word_1_129' title='bbox 244 2591 554 2658; x_wconf 88' lang='lat' dir='ltr'><strong>mathematicorum</strong></span> <span class='ocrx_word' id='word_1_130' title='bbox 569 2592 732 2657; x_wconf 88' lang='lat' dir='ltr'><strong>aestimat.</strong></span> <span class='ocrx_word' id='word_1_131' title='bbox 777 2593 866 2656; x_wconf 92' lang='lat' dir='ltr'><strong>Nam</strong></span> <span class='ocrx_word' id='word_1_132' title='bbox 883 2613 960 2658; x_wconf 91' lang='lat' dir='ltr'><strong>cum</strong></span> <span class='ocrx_word' id='word_1_133' title='bbox 978 2592 1049 2677; x_wconf 91' lang='lat' dir='ltr'><strong>poli</strong></span> <span class='ocrx_word' id='word_1_134' title='bbox 1064 2603 1098 2657; x_wconf 91' lang='lat' dir='ltr'><strong>et</strong></span> <span class='ocrx_word' id='word_1_135' title='bbox 1116 2593 1266 2675; x_wconf 83' lang='lat' dir='ltr'><strong>regiones</strong></span> <span class='ocrx_word' id='word_1_136' title='bbox 1282 2611 1394 2655; x_wconf 88' lang='lat' dir='ltr'><strong>versus</strong></span> 
     </span>
     <span class='ocr_line' id='line_1_20' title="bbox 245 2696 1395 2782; baseline -0.002 -21"><span class='ocrx_word' id='word_1_137' title='bbox 245 2717 302 2762; x_wconf 90' lang='lat' dir='ltr'><strong>eos</strong></span> <span class='ocrx_word' id='word_1_138' title='bbox 317 2698 385 2762; x_wconf 91' lang='lat' dir='ltr'><strong>sint</strong></span> <span class='ocrx_word' id='word_1_139' title='bbox 398 2696 546 2779; x_wconf 90' lang='lat' dir='ltr'><strong>ejusdem</strong></span> <span class='ocrx_word' id='word_1_140' title='bbox 563 2698 758 2762; x_wconf 87' lang='lat' dir='ltr'><strong>remotionis</strong></span> <span class='ocrx_word' id='word_1_141' title='bbox 773 2719 793 2763; x_wconf 92' lang='lat' dir='ltr'><strong>a</strong></span> <span class='ocrx_word' id='word_1_142' title='bbox 808 2698 878 2763; x_wconf 92' lang='lat' dir='ltr'><strong>sole</strong></span> <span class='ocrx_word' id='word_1_143' title='bbox 893 2709 928 2762; x_wconf 90' lang='lat' dir='ltr'><strong>et</strong></span> <span class='ocrx_word' id='word_1_144' title='bbox 943 2699 1085 2782; x_wconf 89' lang='lat' dir='ltr'><strong>planetis</strong></span> <span class='ocrx_word' id='word_1_145' title='bbox 1103 2699 1284 2762; x_wconf 89' lang='lat' dir='ltr'><strong>secundum</strong></span> <span class='ocrx_word' id='word_1_146' title='bbox 1305 2717 1395 2761; x_wconf 93' lang='lat' dir='ltr'><strong>com·</strong></span> 
     </span>
     <span class='ocr_line' id='line_1_21' title="bbox 244 2800 1396 2884; baseline -0.003 -19"><span class='ocrx_word' id='word_1_147' title='bbox 244 2802 447 2883; x_wconf 87' lang='lat' dir='ltr'><strong>parationem</strong></span> <span class='ocrx_word' id='word_1_148' title='bbox 464 2800 616 2884; x_wconf 91' lang='lat' dir='ltr'><strong>polorum</strong></span> <span class='ocrx_word' id='word_1_149' title='bbox 631 2802 675 2866; x_wconf 92' lang='lat' dir='ltr'><strong>ad</strong></span> <span class='ocrx_word' id='word_1_150' title='bbox 688 2802 758 2866; x_wconf 89' lang='lat' dir='ltr'><strong>vias</strong></span> <span class='ocrx_word' id='word_1_151' title='bbox 773 2802 980 2884; x_wconf 87' lang='lat' dir='ltr'><strong>planetarum</strong></span> <span class='ocrx_word' id='word_1_152' title='bbox 995 2803 1028 2866; x_wconf 90' lang='lat' dir='ltr'><strong>in</strong></span> <span class='ocrx_word' id='word_1_153' title='bbox 1045 2803 1156 2866; x_wconf 88' lang='lat' dir='ltr'><strong>medio</strong></span> <span class='ocrx_word' id='word_1_154' title='bbox 1175 2801 1288 2865; x_wconf 89' lang='lat' dir='ltr'><strong>mundi</strong></span> <span class='ocrx_word' id='word_1_155' title='bbox 1310 2802 1396 2863; x_wconf 91' lang='lat' dir='ltr'><strong>inter</strong></span> 
     </span>
     <span class='ocr_line' id='line_1_22' title="bbox 244 2904 1396 2989; baseline 0 -20"><span class='ocrx_word' id='word_1_156' title='bbox 244 2907 312 2969; x_wconf 92' lang='lat' dir='ltr'><strong>duo</strong></span> <span class='ocrx_word' id='word_1_157' title='bbox 332 2906 480 2989; x_wconf 90' lang='lat' dir='ltr'><strong>tropica;</strong></span> <span class='ocrx_word' id='word_1_158' title='bbox 503 2926 637 2971; x_wconf 89' lang='lat' dir='ltr'><strong>necesse</strong></span> <span class='ocrx_word' id='word_1_159' title='bbox 657 2916 707 2971; x_wconf 90' lang='lat' dir='ltr'><strong>est</strong></span> <span class='ocrx_word' id='word_1_160' title='bbox 730 2908 820 2988; x_wconf 88' lang='lat' dir='ltr'><strong>quod</strong></span> <span class='ocrx_word' id='word_1_161' title='bbox 840 2908 1025 2972; x_wconf 88' lang='lat' dir='ltr'><strong>secundum</strong></span> <span class='ocrx_word' id='word_1_162' title='bbox 1048 2907 1130 2971; x_wconf 87' lang='lat' dir='ltr'><strong>haec</strong></span> <span class='ocrx_word' id='word_1_163' title='bbox 1153 2904 1307 2989; x_wconf 84' lang='lat' dir='ltr'><strong>aequales</strong></span> <span class='ocrx_word' id='word_1_164' title='bbox 1328 2906 1396 2969; x_wconf 88' lang='lat' dir='ltr'><strong>dis·</strong></span> 
     </span>
     <span class='ocr_line' id='line_1_23' title="bbox 243 3008 1395 3095; baseline -0.001 -23"><span class='ocrx_word' id='word_1_165' title='bbox 243 3010 425 3093; x_wconf 89' lang='lat' dir='ltr'><strong>positiones</strong></span> <span class='ocrx_word' id='word_1_166' title='bbox 433 3011 497 3074; x_wconf 90' lang='lat' dir='ltr'><strong>sint</strong></span> <span class='ocrx_word' id='word_1_167' title='bbox 509 3012 540 3073; x_wconf 90' lang='lat' dir='ltr'><strong>in</strong></span> <span class='ocrx_word' id='word_1_168' title='bbox 551 3020 671 3093; x_wconf 91' lang='lat' dir='ltr'><strong>quarta</strong></span> <span class='ocrx_word' id='word_1_169' title='bbox 679 3023 800 3085; x_wconf 89' lang='lat' dir='ltr'><strong>nostra,</strong></span> <span class='ocrx_word' id='word_1_170' title='bbox 809 3020 843 3076; x_wconf 88' lang='lat' dir='ltr'><strong>et</strong></span> <span class='ocrx_word' id='word_1_171' title='bbox 854 3013 886 3075; x_wconf 91' lang='lat' dir='ltr'><strong>in</strong></span> <span class='ocrx_word' id='word_1_172' title='bbox 896 3022 1016 3095; x_wconf 90' lang='lat' dir='ltr'><strong>quarta</strong></span> <span class='ocrx_word' id='word_1_173' title='bbox 1025 3013 1111 3077; x_wconf 87' lang='lat' dir='ltr'><strong>ultra</strong></span> <span class='ocrx_word' id='word_1_174' title='bbox 1121 3008 1395 3093; x_wconf 89' lang='lat' dir='ltr'><strong>aequinoctialem</strong></span> 
     </span>
     <span class='ocr_line' id='line_1_24' title="bbox 244 3114 1396 3199; baseline -0.003 -20"><span class='ocrx_word' id='word_1_175' title='bbox 244 3136 357 3179; x_wconf 89' lang='lat' dir='ltr'><strong>versus</strong></span> <span class='ocrx_word' id='word_1_176' title='bbox 367 3114 506 3179; x_wconf 91' lang='lat' dir='ltr'><strong>alterurn</strong></span> <span class='ocrx_word' id='word_1_177' title='bbox 520 3116 634 3199; x_wconf 92' lang='lat' dir='ltr'><strong>polum</strong></span> <span class='ocrx_word' id='word_1_178' title='bbox 649 3138 656 3193; x_wconf 92' lang='lat'>;</span> <span class='ocrx_word' id='word_1_179' title='bbox 672 3126 706 3179; x_wconf 90' lang='lat' dir='ltr'><strong>et</strong></span> <span class='ocrx_word' id='word_1_180' title='bbox 717 3116 867 3181; x_wconf 86' lang='lat' dir='ltr'><strong>similiter</strong></span> <span class='ocrx_word' id='word_1_181' title='bbox 878 3118 911 3179; x_wconf 93' lang='lat' dir='ltr'><strong>in</strong></span> <span class='ocrx_word' id='word_1_182' title='bbox 924 3128 1042 3199; x_wconf 90' lang='lat' dir='ltr'><strong>quarta</strong></span> <span class='ocrx_word' id='word_1_183' title='bbox 1052 3116 1115 3178; x_wconf 94' lang='lat' dir='ltr'><strong>sub</strong></span> <span class='ocrx_word' id='word_1_184' title='bbox 1126 3115 1266 3199; x_wconf 90' lang='lat' dir='ltr'><strong>pedibus</strong></span> <span class='ocrx_word' id='word_1_185' title='bbox 1276 3115 1396 3177; x_wconf 91' lang='lat' dir='ltr'><strong>nostris</strong></span> 
     </span>
     <span class='ocr_line' id='line_1_25' title="bbox 246 3217 1394 3303; baseline -0.003 -20"><span class='ocrx_word' id='word_1_186' title='bbox 246 3240 350 3303; x_wconf 92' lang='lat' dir='ltr'><strong>usque</strong></span> <span class='ocrx_word' id='word_1_187' title='bbox 373 3220 415 3283; x_wconf 93' lang='lat' dir='ltr'><strong>ad</strong></span> <span class='ocrx_word' id='word_1_188' title='bbox 436 3219 736 3301; x_wconf 90' lang='lat' dir='ltr'><strong>aequinoctialem;</strong></span> <span class='ocrx_word' id='word_1_189' title='bbox 759 3230 793 3283; x_wconf 91' lang='lat' dir='ltr'><strong>et</strong></span> <span class='ocrx_word' id='word_1_190' title='bbox 817 3220 848 3281; x_wconf 94' lang='lat' dir='ltr'><strong>in</strong></span> <span class='ocrx_word' id='word_1_191' title='bbox 871 3232 990 3302; x_wconf 90' lang='lat' dir='ltr'><strong>quarta</strong></span> <span class='ocrx_word' id='word_1_192' title='bbox 1011 3220 1098 3283; x_wconf 87' lang='lat' dir='ltr'><strong>ultra</strong></span> <span class='ocrx_word' id='word_1_193' title='bbox 1117 3217 1394 3300; x_wconf 89' lang='lat' dir='ltr'><strong>aequinoctialem</strong></span> 
     </span>
     <span class='ocr_line' id='line_1_26' title="bbox 246 3320 1396 3405; baseline -0.001 -20"><span class='ocrx_word' id='word_1_194' title='bbox 246 3324 305 3387; x_wconf 88' lang='lat' dir='ltr'><strong>erit</strong></span> <span class='ocrx_word' id='word_1_195' title='bbox 317 3322 689 3405; x_wconf 88' lang='lat' dir='ltr'><strong>consimiliscomplexio</strong></span> <span class='ocrx_word' id='word_1_196' title='bbox 699 3323 881 3386; x_wconf 91' lang='lat' dir='ltr'><strong>secundum</strong></span> <span class='ocrx_word' id='word_1_197' title='bbox 895 3334 1045 3387; x_wconf 90' lang='lat' dir='ltr'><strong>tenorem</strong></span> <span class='ocrx_word' id='word_1_198' title='bbox 1058 3322 1310 3404; x_wconf 89' lang='lat' dir='ltr'><strong>praedictorum.</strong></span> <span class='ocrx_word' id='word_1_199' title='bbox 1349 3320 1396 3384; x_wconf 88' lang='lat' dir='ltr'><strong>Et</strong></span> 
     </span>
     <span class='ocr_line' id='line_1_27' title="bbox 245 3424 1396 3508; baseline -0.001 -20"><span class='ocrx_word' id='word_1_200' title='bbox 245 3428 319 3489; x_wconf 93' lang='lat' dir='ltr'><strong>ideo</strong></span> <span class='ocrx_word' id='word_1_201' title='bbox 339 3426 365 3489; x_wconf 91' lang='lat' dir='ltr'><strong>si</strong></span> <span class='ocrx_word' id='word_1_202' title='bbox 384 3437 503 3508; x_wconf 89' lang='lat' dir='ltr'><strong>quarta</strong></span> <span class='ocrx_word' id='word_1_203' title='bbox 520 3436 631 3489; x_wconf 90' lang='lat' dir='ltr'><strong>nostra</strong></span> <span class='ocrx_word' id='word_1_204' title='bbox 652 3445 718 3488; x_wconf 91' lang='lat' dir='ltr'><strong>non</strong></span> <span class='ocrx_word' id='word_1_205' title='bbox 736 3436 787 3489; x_wconf 90' lang='lat' dir='ltr'><strong>est</strong></span> <span class='ocrx_word' id='word_1_206' title='bbox 804 3435 962 3508; x_wconf 89' lang='lat' dir='ltr'><strong>cooperta</strong></span> <span class='ocrx_word' id='word_1_207' title='bbox 981 3426 1076 3508; x_wconf 91' lang='lat' dir='ltr'><strong>aquis</strong></span> <span class='ocrx_word' id='word_1_208' title='bbox 1093 3425 1211 3489; x_wconf 90' lang='lat' dir='ltr'><strong>saltem</strong></span> <span class='ocrx_word' id='word_1_209' title='bbox 1230 3424 1396 3506; x_wconf 87' lang='lat' dir='ltr'><strong>usquead</strong></span> 
     </span>
     <span class='ocr_line' id='line_1_28' title="bbox 246 3529 1395 3613; baseline -0.002 -20"><span class='ocrx_word' id='word_1_210' title='bbox 246 3530 455 3595; x_wconf 89' lang='lat' dir='ltr'><strong>latitudinem</strong></span> <span class='ocrx_word' id='word_1_211' title='bbox 471 3539 506 3593; x_wconf 91' lang='lat' dir='ltr'><strong>et</strong></span> <span class='ocrx_word' id='word_1_212' title='bbox 521 3530 715 3593; x_wconf 88' lang='lat' dir='ltr'><strong>distantiam</strong></span> <span class='ocrx_word' id='word_1_213' title='bbox 731 3530 774 3593; x_wconf 90' lang='lat' dir='ltr'><strong>ab</strong></span> <span class='ocrx_word' id='word_1_214' title='bbox 790 3530 1023 3611; x_wconf 89' lang='lat' dir='ltr'><strong>aequinoctiali</strong></span> <span class='ocrx_word' id='word_1_215' title='bbox 1037 3550 1097 3613; x_wconf 87' lang='lat' dir='ltr'><strong>per</strong></span> <span class='ocrx_word' id='word_1_216' title='bbox 1108 3531 1149 3592; x_wconf 88' lang='lat'><strong>66</strong></span> <span class='ocrx_word' id='word_1_217' title='bbox 1162 3530 1293 3613; x_wconf 86' lang='lat' dir='ltr'><strong>gradus,</strong></span> <span class='ocrx_word' id='word_1_218' title='bbox 1309 3539 1346 3592; x_wconf 88' lang='lat' dir='ltr'><strong>ut</strong></span> <span class='ocrx_word' id='word_1_219' title='bbox 1362 3529 1395 3591; x_wconf 94' lang='lat' dir='ltr'><strong>in</strong></span> 
     </span>
     <span class='ocr_line' id='line_1_29' title="bbox 245 3632 1395 3718; baseline -0.003 -20"><span class='ocrx_word' id='word_1_220' title='bbox 245 3634 309 3698; x_wconf 86' lang='lat' dir='ltr'><strong>fine</strong></span> <span class='ocrx_word' id='word_1_221' title='bbox 322 3632 503 3699; x_wconf 88' lang='lat' dir='ltr'><strong>insularum</strong></span> <span class='ocrx_word' id='word_1_222' title='bbox 516 3632 650 3698; x_wconf 89' lang='lat' dir='ltr'><strong>Scotiae</strong></span> <span class='ocrx_word' id='word_1_223' title='bbox 665 3643 701 3699; x_wconf 93' lang='lat' dir='ltr'><strong>et</strong></span> <span class='ocrx_word' id='word_1_224' title='bbox 717 3634 750 3696; x_wconf 93' lang='lat' dir='ltr'><strong>in</strong></span> <span class='ocrx_word' id='word_1_225' title='bbox 767 3653 870 3715; x_wconf 87' lang='lat' dir='ltr'><strong>regno</strong></span> <span class='ocrx_word' id='word_1_226' title='bbox 887 3634 1109 3718; x_wconf 84' lang='lat' dir='ltr'><strong>Norguegiae,</strong></span> <span class='ocrx_word' id='word_1_227' title='bbox 1122 3632 1331 3697; x_wconf 80' lang='lat' dir='ltr'><strong>manifestum</strong></span> <span class='ocrx_word' id='word_1_228' title='bbox 1344 3643 1395 3696; x_wconf 91' lang='lat' dir='ltr'><strong>est</strong></span> 
     </span>
     <span class='ocr_line' id='line_1_30' title="bbox 245 3736 1395 3824; baseline 0 -22"><span class='ocrx_word' id='word_1_229' title='bbox 245 3741 336 3824; x_wconf 89' lang='lat' dir='ltr'><strong>quod</strong></span> <span class='ocrx_word' id='word_1_230' title='bbox 352 3738 468 3801; x_wconf 87' lang='lat' dir='ltr'><strong>similis</strong></span> <span class='ocrx_word' id='word_1_231' title='bbox 483 3758 585 3803; x_wconf 88' lang='lat' dir='ltr'><strong>causa</strong></span> <span class='ocrx_word' id='word_1_232' title='bbox 600 3736 758 3802; x_wconf 90' lang='lat' dir='ltr'><strong>naturalis</strong></span> <span class='ocrx_word' id='word_1_233' title='bbox 772 3740 835 3802; x_wconf 87' lang='lat' dir='ltr'><strong>erit</strong></span> <span class='ocrx_word' id='word_1_234' title='bbox 851 3739 883 3802; x_wconf 95' lang='lat' dir='ltr'><strong>in</strong></span> <span class='ocrx_word' id='word_1_235' title='bbox 899 3739 965 3802; x_wconf 89' lang='lat' dir='ltr'><strong>alia</strong></span> <span class='ocrx_word' id='word_1_236' title='bbox 979 3749 1097 3822; x_wconf 88' lang='lat' dir='ltr'><strong>quarta</strong></span> <span class='ocrx_word' id='word_1_237' title='bbox 1115 3737 1202 3803; x_wconf 90' lang='lat' dir='ltr'><strong>ultra</strong></span> <span class='ocrx_word' id='word_1_238' title='bbox 1218 3736 1395 3820; x_wconf 90' lang='lat' dir='ltr'><strong>aequinoc-</strong></span> 
     </span>
     <span class='ocr_line' id='line_1_31' title="bbox 245 3841 1396 3925; baseline -0.003 -16"><span class='ocrx_word' id='word_1_239' title='bbox 245 3846 358 3909; x_wconf 90' lang='lat' dir='ltr'><strong>tialem</strong></span> <span class='ocrx_word' id='word_1_240' title='bbox 374 3843 581 3925; x_wconf 89' lang='lat' dir='ltr'><strong>insuperiori</strong></span> <span class='ocrx_word' id='word_1_241' title='bbox 597 3852 690 3924; x_wconf 88' lang='lat' dir='ltr'><strong>parte</strong></span> <span class='ocrx_word' id='word_1_242' title='bbox 705 3851 813 3907; x_wconf 86' lang='lat' dir='ltr'><strong>terrae</strong></span> <span class='ocrx_word' id='word_1_243' title='bbox 830 3843 913 3907; x_wconf 90' lang='lat' dir='ltr'><strong>sicut</strong></span> <span class='ocrx_word' id='word_1_244' title='bbox 929 3843 963 3905; x_wconf 91' lang='lat' dir='ltr'><strong>in</strong></span> <span class='ocrx_word' id='word_1_245' title='bbox 979 3842 1036 3905; x_wconf 92' lang='lat' dir='ltr'><strong>illa</strong></span> <span class='ocrx_word' id='word_1_246' title='bbox 1052 3842 1084 3905; x_wconf 91' lang='lat' dir='ltr'><strong>in</strong></span> <span class='ocrx_word' id='word_1_247' title='bbox 1099 3863 1165 3925; x_wconf 88' lang='lat' dir='ltr'><strong>qua</strong></span> <span class='ocrx_word' id='word_1_248' title='bbox 1180 3862 1304 3920; x_wconf 90' lang='lat' dir='ltr'><strong>sumus,</strong></span> <span class='ocrx_word' id='word_1_249' title='bbox 1318 3841 1396 3925; x_wconf 88' lang='lat' dir='ltr'><strong>quia</strong></span> 
     </span>
     <span class='ocr_line' id='line_1_32' title="bbox 244 3946 1397 4034; baseline -0.003 -21"><span class='ocrx_word' id='word_1_250' title='bbox 244 3948 413 4034; x_wconf 84' lang='lat' dir='ltr'><strong>elongatio</strong></span> <span class='ocrx_word' id='word_1_251' title='bbox 446 3968 467 4011; x_wconf 93' lang='lat' dir='ltr'><strong>a</strong></span> <span class='ocrx_word' id='word_1_252' title='bbox 496 3948 550 4009; x_wconf 90' lang='lat' dir='ltr'><strong>via</strong></span> <span class='ocrx_word' id='word_1_253' title='bbox 581 3946 660 4010; x_wconf 91' lang='lat' dir='ltr'><strong>solis</strong></span> <span class='ocrx_word' id='word_1_254' title='bbox 690 3947 817 4012; x_wconf 89' lang='lat' dir='ltr'><strong>inducit</strong></span> <span class='ocrx_word' id='word_1_255' title='bbox 846 3947 958 4029; x_wconf 85' lang='lat' dir='ltr'><strong>frigus,</strong></span> <span class='ocrx_word' id='word_1_256' title='bbox 990 3956 1023 4011; x_wconf 89' lang='lat' dir='ltr'><strong>et</strong></span> <span class='ocrx_word' id='word_1_257' title='bbox 1059 3946 1162 4029; x_wconf 82' lang='lat' dir='ltr'><strong>frigus</strong></span> <span class='ocrx_word' id='word_1_258' title='bbox 1198 3946 1397 4029; x_wconf 91' lang='lat' dir='ltr'><strong>multiplicat</strong></span> 
     </span>
    </p>

    <p class='ocr_par' dir='ltr' id='par_1_8' title="bbox 127 4034 1513 4657">
     <span class='ocr_line' id='line_1_33' title="bbox 127 4034 1396 4134; baseline -0.004 -16"><span class='ocrx_word' id='word_1_259' title='bbox 127 4034 132 4043; x_wconf 88' lang='lat'><strong>.</strong></span> <span class='ocrx_word' id='word_1_260' title='bbox 245 4054 431 4127; x_wconf 89' lang='lat' dir='ltr'><strong>humorem,</strong></span> <span class='ocrx_word' id='word_1_261' title='bbox 461 4061 495 4115; x_wconf 91' lang='lat' dir='ltr'><strong>et</strong></span> <span class='ocrx_word' id='word_1_262' title='bbox 527 4052 604 4117; x_wconf 90' lang='lat' dir='ltr'><strong>ideo</strong></span> <span class='ocrx_word' id='word_1_263' title='bbox 637 4051 724 4115; x_wconf 89' lang='lat' dir='ltr'><strong>circa</strong></span> <span class='ocrx_word' id='word_1_264' title='bbox 762 4050 859 4133; x_wconf 90' lang='lat' dir='ltr'><strong>polos</strong></span> <span class='ocrx_word' id='word_1_265' title='bbox 888 4052 951 4115; x_wconf 92' lang='lat' dir='ltr'><strong>erit</strong></span> <span class='ocrx_word' id='word_1_266' title='bbox 986 4051 1202 4134; x_wconf 83' lang='lat' dir='ltr'><strong>congregatio</strong></span> <span class='ocrx_word' id='word_1_267' title='bbox 1239 4050 1396 4113; x_wconf 85' lang='lat' dir='ltr'><strong>naturalis</strong></span> 
     </span>
     <span class='ocr_line' id='line_1_34' title="bbox 245 4154 1396 4240; baseline -0.004 -19"><span class='ocrx_word' id='word_1_268' title='bbox 245 4176 417 4240; x_wconf 90' lang='lat' dir='ltr'><strong>aquarum,</strong></span> <span class='ocrx_word' id='word_1_269' title='bbox 447 4166 481 4219; x_wconf 90' lang='lat' dir='ltr'><strong>et</strong></span> <span class='ocrx_word' id='word_1_270' title='bbox 512 4156 545 4218; x_wconf 91' lang='lat' dir='ltr'><strong>in</strong></span> <span class='ocrx_word' id='word_1_271' title='bbox 576 4154 767 4238; x_wconf 88' lang='lat' dir='ltr'><strong>regionibus</strong></span> <span class='ocrx_word' id='word_1_272' title='bbox 799 4175 886 4237; x_wconf 90' lang='lat' dir='ltr'><strong>quae</strong></span> <span class='ocrx_word' id='word_1_273' title='bbox 916 4166 994 4219; x_wconf 90' lang='lat' dir='ltr'><strong>sunt</strong></span> <span class='ocrx_word' id='word_1_274' title='bbox 1017 4176 1131 4238; x_wconf 86' lang='lat' dir='ltr'><strong>prope.</strong></span> <span class='ocrx_word' id='word_1_275' title='bbox 1178 4154 1224 4217; x_wconf 88' lang='lat' dir='ltr'><strong>Et</strong></span> <span class='ocrx_word' id='word_1_276' title='bbox 1255 4155 1329 4218; x_wconf 90' lang='lat' dir='ltr'><strong>ideo</strong></span> <span class='ocrx_word' id='word_1_277' title='bbox 1362 4154 1396 4216; x_wconf 89' lang='lat' dir='ltr'><strong>in</strong></span> 
     </span>
     <span class='ocr_line' id='line_1_35' title="bbox 245 4257 1396 4343; baseline -0.005 -18"><span class='ocrx_word' id='word_1_278' title='bbox 245 4260 349 4326; x_wconf 90' lang='lat' dir='ltr'><strong>altera</strong></span> <span class='ocrx_word' id='word_1_279' title='bbox 368 4269 487 4343; x_wconf 86' lang='lat' dir='ltr'><strong>quarta</strong></span> <span class='ocrx_word' id='word_1_280' title='bbox 507 4259 594 4323; x_wconf 85' lang='lat' dir='ltr'><strong>ultra</strong></span> <span class='ocrx_word' id='word_1_281' title='bbox 613 4257 888 4340; x_wconf 87' lang='lat' dir='ltr'><strong>aequinoctialem</strong></span> <span class='ocrx_word' id='word_1_282' title='bbox 909 4259 1092 4324; x_wconf 89' lang='lat' dir='ltr'><strong>secundum</strong></span> <span class='ocrx_word' id='word_1_283' title='bbox 1116 4259 1179 4324; x_wconf 92' lang='lat' dir='ltr'><strong>hoc</strong></span> <span class='ocrx_word' id='word_1_284' title='bbox 1200 4259 1301 4321; x_wconf 90' lang='lat' dir='ltr'><strong>debet</strong></span> <span class='ocrx_word' id='word_1_285' title='bbox 1323 4277 1396 4320; x_wconf 91' lang='lat' dir='ltr'><strong>esse</strong></span> 
     </span>
     <span class='ocr_line' id='line_1_36' title="bbox 247 4362 1395 4446; baseline -0.007 -15"><span class='ocrx_word' id='word_1_286' title='bbox 247 4365 388 4431; x_wconf 91' lang='lat' dir='ltr'><strong>multum</strong></span> <span class='ocrx_word' id='word_1_287' title='bbox 403 4363 609 4441; x_wconf 89' lang='lat' dir='ltr'><strong>habitabile;</strong></span> <span class='ocrx_word' id='word_1_288' title='bbox 632 4362 751 4428; x_wconf 89' lang='lat' dir='ltr'><strong>saltem</strong></span> <span class='ocrx_word' id='word_1_289' title='bbox 768 4365 931 4445; x_wconf 85' lang='lat' dir='ltr'><strong>usquead</strong></span> <span class='ocrx_word' id='word_1_290' title='bbox 949 4364 1101 4446; x_wconf 82' lang='lat' dir='ltr'><strong>regiones</strong></span> <span class='ocrx_word' id='word_1_291' title='bbox 1119 4382 1260 4445; x_wconf 91' lang='lat' dir='ltr'><strong>quarum</strong></span> <span class='ocrx_word' id='word_1_292' title='bbox 1283 4362 1395 4425; x_wconf 90' lang='lat' dir='ltr'><strong>latitu-</strong></span> 
     </span>
     <span class='ocr_line' id='line_1_37' title="bbox 245 4466 990 4551; baseline -0.005 -16"><span class='ocrx_word' id='word_1_293' title='bbox 245 4472 339 4535; x_wconf 92' lang='lat' dir='ltr'><strong>dines</strong></span> <span class='ocrx_word' id='word_1_294' title='bbox 353 4476 430 4533; x_wconf 89' lang='lat' dir='ltr'><strong>sunt</strong></span> <span class='ocrx_word' id='word_1_295' title='bbox 446 4486 549 4551; x_wconf 85' lang='lat' dir='ltr'><strong>usque</strong></span> <span class='ocrx_word' id='word_1_296' title='bbox 564 4467 607 4530; x_wconf 86' lang='lat' dir='ltr'><strong>ad</strong></span> <span class='ocrx_word' id='word_1_297' title='bbox 623 4466 666 4529; x_wconf 89' lang='lat'><strong>66</strong></span> <span class='ocrx_word' id='word_1_298' title='bbox 680 4468 811 4551; x_wconf 87' lang='lat' dir='ltr'><strong>gradus,</strong></span> <span class='ocrx_word' id='word_1_299' title='bbox 828 4466 911 4531; x_wconf 88' lang='lat' dir='ltr'><strong>sicut</strong></span> <span class='ocrx_word' id='word_1_300' title='bbox 927 4467 990 4531; x_wconf 88' lang='lat' dir='ltr'><strong>hic.</strong></span> 
     </span>
     <span class='ocr_line' id='line_1_38' title="bbox 290 4566 1513 4657; baseline -0.002 -18"><span class='ocrx_word' id='word_1_301' title='bbox 290 4574 467 4639; x_wconf 87' lang='lat' dir='ltr'><strong>Caeterum</strong></span> <span class='ocrx_word' id='word_1_302' title='bbox 497 4582 608 4656; x_wconf 90' lang='lat' dir='ltr'><strong>potest</strong></span> <span class='ocrx_word' id='word_1_303' title='bbox 644 4573 737 4657; x_wconf 86' lang='lat' dir='ltr'><strong>argui</strong></span> <span class='ocrx_word' id='word_1_304' title='bbox 775 4573 959 4637; x_wconf 88' lang='lat' dir='ltr'><strong>secundum</strong></span> <span class='ocrx_word' id='word_1_305' title='bbox 997 4571 1251 4636; x_wconf 87' lang='lat' dir='ltr'><strong>mathematicos</strong></span> <span class='ocrx_word' id='word_1_306' title='bbox 1288 4566 1395 4652; x_wconf 89' lang='lat' dir='ltr'><strong>major</strong></span> <span class='ocrx_word' id='word_1_307' title='bbox 1407 4580 1513 4637; x_wconf 76' lang='lat' dir='ltr'><strong>Theee</strong></span> 
     </span>
    </p>
   </div>
   <div class='ocr_carea' id='block_1_4' title="bbox 245 4651 1567 4769">
    <p class='ocr_par' dir='ltr' id='par_1_9' title="bbox 245 4651 1567 4769">
     <span class='ocr_line' id='line_1_39' title="bbox 245 4651 1567 4769; baseline -0.006 -26"><span class='ocrx_word' id='word_1_308' title='bbox 245 4678 409 4744; x_wconf 88' lang='lat' dir='ltr'><strong>habitatio</strong></span> <span class='ocrx_word' id='word_1_309' title='bbox 438 4698 482 4741; x_wconf 88' lang='lat' dir='ltr'><strong>ex</strong></span> <span class='ocrx_word' id='word_1_310' title='bbox 512 4676 643 4743; x_wconf 85' lang='lat' dir='ltr'><strong>delectu</strong></span> <span class='ocrx_word' id='word_1_311' title='bbox 681 4696 787 4759; x_wconf 86' lang='lat' dir='ltr'><strong>aquae</strong></span> <span class='ocrx_word' id='word_1_312' title='bbox 826 4675 870 4739; x_wconf 94' lang='lat' dir='ltr'><strong>ibi</strong></span> <span class='ocrx_word' id='word_1_313' title='bbox 908 4696 1009 4759; x_wconf 88' lang='lat' dir='ltr'><strong>quam</strong></span> <span class='ocrx_word' id='word_1_314' title='bbox 1048 4676 1082 4739; x_wconf 92' lang='lat' dir='ltr'><strong>in</strong></span> <span class='ocrx_word' id='word_1_315' title='bbox 1121 4684 1241 4757; x_wconf 90' lang='lat' dir='ltr'><strong>quarta</strong></span> <span class='ocrx_word' id='word_1_316' title='bbox 1271 4686 1394 4755; x_wconf 88' lang='lat' dir='ltr'><strong>nostra,</strong></span> <span class='ocrx_word' id='word_1_317' title='bbox 1407 4651 1567 4769; x_wconf 50' lang='lat' dir='ltr'><strong>ffiff&#39;ghr</strong></span> 
     </span>
    </p>
   </div>
   <div class='ocr_carea' id='block_1_5' title="bbox 1151 1825 1265 1874">
    <p class='ocr_par' dir='ltr' id='par_1_10' title="bbox 1151 1825 1265 1874">
     <span class='ocr_line' id='line_1_40' title="bbox 1151 1825 1265 1874; baseline 0.009 -1"><span class='ocrx_word' id='word_1_318' title='bbox 1151 1825 1213 1874; x_wconf 79' lang='lat' dir='ltr'><strong>Fre.</strong></span> <span class='ocrx_word' id='word_1_319' title='bbox 1227 1838 1265 1874; x_wconf 82' lang='lat'><strong>22.</strong></span> 
     </span>
    </p>
   </div>
   <div class='ocr_carea' id='block_1_6' title="bbox 0 0 1796 5375">
    <p class='ocr_par' dir='ltr' id='par_1_11' title="bbox 0 0 1796 5375">
     <span class='ocr_line' id='line_1_41' title="bbox 0 0 1796 5375; baseline 0 0"><span class='ocrx_word' id='word_1_320' title='bbox 0 0 1796 5375; x_wconf 95' lang='lat' dir='ltr'><strong> </strong></span> 
     </span>
    </p>
   </div>
  </div>
 </body>
</html>
