3575 5375
389 639 447 698 190
620 627 776 687 OPERIS
799 628 988 698 MAJORIS
1013 629 1128 687 PARS
1152 627 1336 702 QUARTA.

386 787 555 853 Christum
580 810 646 853 non
668 791 776 856 solum
799 792 833 856 in
855 812 995 871 summa,
1016 792 1075 857 sed
1099 811 1158 874 per
1180 791 1327 873 singulas
1350 798 1477 854 aetates
1499 808 1537 854 ac

385 892 504 960 secula.

429 997 594 1081 Secundo,
625 1022 802 1086 possumus
834 1005 1033 1087 persuadere
1067 1005 1108 1068 de
1141 1002 1283 1066 utilitate
1316 999 1538 1064 astronomiae

384 1112 521 1187 propter
535 1106 693 1189 temporis
709 1107 906 1192 principium
928 1109 1193 1185 determinatum,
1210 1105 1334 1169 scilicet
1351 1123 1394 1168 an
1410 1124 1430 1167 a
1445 1102 1537 1166 luna-

384 1209 475 1272 tione
493 1209 650 1275 Octobris
672 1232 729 1277 seu
753 1213 963 1296 aequinoctio
981 1210 1173 1289 autumnali,
1188 1221 1247 1275 aut
1266 1211 1310 1273 ab
1328 1208 1539 1291 aequinoctio

384 1312 516 1376 vernali.
563 1315 652 1378 Nam
680 1314 777 1380 multi
800 1317 976 1380 voluerunt
1006 1316 1187 1380 secundum
1215 1313 1414 1378 sententiam
1437 1310 1537 1395 vulgi,

384 1419 473 1497 quod
489 1421 630 1482 mundus
645 1419 739 1484 fuerit
754 1432 883 1485 creatus
898 1421 1024 1485 circiter
1039 1418 1284 1502 aequinoctium
1299 1416 1453 1493 vemale;
1477 1416 1538 1478 sed

383 1520 438 1584 alii
453 1524 543 1606 apud
559 1526 803 1606 aequinoctium
823 1524 1035 1603 autumnale;
1057 1524 1136 1607 quia
1152 1525 1184 1586 in
1199 1523 1338 1586 veritate
1353 1522 1537 1584 secundum

386 1626 587 1692 Hebraicam
613 1631 796 1709 veritatem,
823 1650 938 1709 annus,
960 1639 1123 1713 quantum
1154 1628 1198 1691 ad
1228 1627 1346 1691 seriem
1377 1623 1538 1706 temporis

384 1732 580 1810 naturalem,
603 1733 716 1815 incipit
739 1734 866 1798 circiter
886 1733 1129 1818 aequinoctium
1154 1731 1356 1797 autumnale.
1403 1729 1451 1792 Et
1473 1728 1536 1792 hoc

384 1836 557 1902 manifeste
577 1847 688 1918 potest
703 1839 837 1918 probari
856 1859 916 1920 per
936 1849 1068 1903 textum
1085 1838 1208 1916 Exodi,
1224 1835 1281 1900 ubi
1300 1835 1430 1915 dicitur,
1446 1834 1537 1916 quod

383 1943 582 2023 scenopegia
608 1941 791 2006 celebretur
817 1943 849 2006 in
876 1944 970 2006 exitu
999 1943 1095 2021 anni;
1128 1943 1161 2005 id
1189 1952 1240 2005 est
1266 1941 1298 2003 in
1325 1959 1438 2003 mense
1460 1949 1537 2021 post

383 2045 511 2108 exitum
542 2047 625 2110 anni.
673 2047 760 2110 Nam
786 2065 826 2131 23
852 2047 995 2110 habetur
1016 2047 1072 2126 sic,
1093 2045 1379 2110 ‘Sollemnitatem
1403 2061 1538 2125 quoque

383 2147 414 2211 in
438 2150 531 2213 exitu
558 2152 643 2228 anni,
658 2154 791 2233 quando
816 2151 1065 2234 congregaveris
1091 2170 1206 2213 omnes
1232 2148 1342 2230 fruges
1368 2148 1410 2210 de
1435 2143 1536 2228 agro!

383 2253 475 2335 Ergo
491 2265 569 2335 post
584 2257 781 2338 principium
797 2255 872 2318 novi
883 2255 960 2320 anni
975 2264 1056 2318 tunc
1070 2254 1193 2337 incipit.
1239 2253 1285 2316 Et
1302 2270 1344 2336 34
1358 2253 1402 2315 de
1416 2251 1537 2314 eodem

383 2358 513 2437 dicitur,
530 2360 664 2424 ‘Facies
679 2359 947 2440 sollemnitatem,
964 2361 1097 2441 quando
1114 2358 1271 2422 redeunte
1293 2356 1369 2420 anni
1386 2365 1537 2437 tempore

334 2497 336 2502 ,
383 2472 501 2525 cuncta
516 2462 720 2528 conduntur.’
769 2464 815 2526 Et
831 2465 863 2527 in
881 2463 992 2546 glossa
1009 2462 1207 2544 Hieronymi
1225 2459 1410 2524 Ezechielis
1425 2459 1536 2542 primo

383 2564 536 2644 habetur,
550 2569 640 2648 quod
668 2567 817 2632 October
839 2577 889 2632 est
914 2568 1040 2650 primus
1063 2568 1184 2630 mensis
1209 2567 1285 2629 anni
1309 2573 1343 2628 et
1361 2562 1537 2645 Januarius

383 2680 434 2733 est
448 2682 594 2753 quartus.
641 2673 686 2735 Et
711 2672 896 2736 Nehemiae
917 2672 1034 2755 primo,
1058 2671 1122 2735 ‘Et
1145 2670 1268 2735 sactum
1292 2678 1342 2734 est
1366 2670 1399 2732 in
1422 2685 1537 2731 mense

384 2773 514 2850 Casleu‚
531 2775 564 2838 id
588 2786 638 2839 est
655 2777 831 2841 Decembri
852 2798 940 2841 anno
954 2773 1148 2851 vicesimo‘3
1170 2786 1205 2839 et
1224 2774 1377 2852 secundo,
1394 2773 1536 2836 Factum

383 2887 435 2941 est
457 2880 489 2940 in
506 2882 637 2943 ‘mense
660 2880 764 2944 Nisan
788 2902 875 2945 anno
897 2878 1076 2945 vicesimo’
1122 2879 1159 2944 Si
1182 2880 1270 2943 enim
1295 2878 1411 2953 Nisan,
1427 2878 1460 2941 id
1485 2887 1537 2939 est

381 2980 517 3063 Apulia,
542 2992 628 3047 esset
654 2995 755 3067 caput
784 2985 859 3047 anni
890 3005 956 3049 non
982 2986 1147 3049 diceretur
1176 3004 1265 3047 anno
1289 2981 1446 3047 vicesimo
1476 2981 1537 3044 sed

380 3105 468 3148 anno
495 3088 601 3168 primo
625 3098 658 3151 et
684 3087 850 3166 vicesimo,
871 3097 909 3152 ut
933 3100 1037 3171 patet.
1081 3088 1177 3165 Item,
1204 3108 1263 3170 per
1288 3094 1468 3169 praecepta
1493 3086 1538 3148 de

380 3190 578 3254 seminandis
601 3200 634 3254 et
664 3192 826 3255 metendis
849 3194 937 3274 agris
959 3203 1096 3275 propter
1118 3193 1263 3275 quietem
1288 3189 1422 3272 septimi
1449 3189 1537 3252 anni.

380 3294 470 3356 Nam
499 3295 527 3358 si
559 3294 674 3375 Nisan,
705 3297 738 3358 id
773 3306 823 3360 est
852 3296 990 3379 Aprilis,
1020 3297 1064 3360 sit
1097 3305 1196 3378 caput
1230 3296 1316 3369 anni,
1347 3304 1426 3358 tunc
1458 3313 1536 3356 cum

379 3400 560 3462 seminatur
582 3402 614 3463 in
640 3398 829 3482 Septembri
850 3401 903 3464 vel
927 3402 1065 3466 Octobri
1093 3402 1181 3464 sexti
1204 3400 1292 3478 anni,
1315 3420 1382 3461 non
1411 3398 1537 3480 poterit

380 3502 460 3565 meti
493 3504 525 3565 in
556 3505 698 3586 septimo
728 3525 827 3584 anno,
853 3507 931 3587 quia
960 3505 1079 3568 ferialis
1115 3514 1167 3568 est
1201 3506 1383 3569 secundum
1416 3503 1537 3584 legem,

380 3615 413 3668 et
436 3607 482 3669 sic
509 3608 630 3689 peribit
656 3629 759 3691 seges.
808 3610 893 3672 ltem
922 3629 997 3672 cum
1025 3618 1116 3673 totus
1143 3628 1247 3671 annus
1275 3608 1438 3689 septimus
1460 3606 1536 3667 feri-

380 3707 441 3771 alis
473 3720 532 3788 est,
555 3720 633 3774 tunc
665 3713 692 3775 si
719 3712 894 3793 incipiatur
923 3734 1028 3776 annus
1052 3714 1095 3776 ab
1113 3712 1222 3794 Aprili
1251 3732 1355 3793 usque
1379 3710 1423 3774 ad
1449 3708 1535 3793 Sep-

380 3812 544 3875 tembrem
573 3834 638 3876 non
661 3815 822 3879 haberent
845 3819 934 3897 quod
962 3817 1182 3893 comederent,
1203 3817 1282 3898 quia
1309 3814 1421 3896 fruges
1445 3813 1536 3877 sexti

380 3914 456 3977 anni
478 3936 544 3978 non
569 3920 784 3983 abundabunt
811 3921 873 3983 nisi
902 3941 962 4001 pro
985 3920 1129 4003 septimo
1152 3941 1239 3983 anno
1262 3928 1297 3982 et
1324 3940 1386 4002 pro
1413 3927 1537 3980 octavo

380 4025 415 4080 et
444 4037 504 4097 pro
533 4022 656 4083 semine
686 4024 803 4098 octavi,
826 4032 863 4084 ut
893 4024 975 4086 dicit
1004 4022 1179 4105 Josephus,
1202 4033 1236 4085 et
1263 4043 1330 4086 non
1356 4042 1418 4103 pro
1446 4042 1537 4084 nono

379 4139 475 4182 ann0.
522 4120 608 4185 Item
633 4146 691 4206 per
716 4126 958 4207 Hieronymum
981 4127 1014 4188 in
1036 4127 1177 4207 epistola
1199 4128 1242 4190 de
1264 4125 1536 4189 solemnitatibus

380 4222 460 4286 illud
485 4224 571 4289 idem
595 4238 695 4309 patet.
743 4229 830 4292 Nam
854 4230 936 4292 dicit
958 4230 1012 4310 sic,
1030 4230 1089 4292 ‘In
1113 4228 1178 4293 fine
1200 4232 1278 4294 anni
1301 4229 1420 4295 solaris
1443 4230 1536 4310 apud

382 4325 555 4391 Hebraeos
581 4330 614 4392 in
643 4332 787 4413 septimo
819 4352 943 4411 mense,
973 4333 1106 4414 quando
1132 4345 1378 4417 congregantur
1408 4332 1539 4396 fructus

380 4429 412 4491 in
449 4430 566 4495 horrea
600 4433 668 4496 sive
704 4436 737 4496 in
767 4434 908 4513 cellaria,
937 4447 1016 4499 tunc
1046 4436 1218 4501 sollemnia
1253 4438 1422 4502 celebrare
1461 4436 1539 4521 lege

379 4544 590 4616 praeceptum
621 4547 682 4613 est,
712 4537 817 4617 prima
846 4540 900 4602 die
929 4540 1093 4620 tubarum,
1115 4542 1245 4606 decima
1279 4542 1334 4605 die
1365 4542 1538 4623 expiatio-

380 4654 459 4698 num
489 4638 644 4703 celebrari
680 4640 801 4703 debere
832 4642 982 4706 sabbata.
1037 4644 1083 4708 Et
1112 4665 1133 4708 a
1162 4647 1279 4729 quinto
1310 4646 1447 4710 decimo
1480 4647 1541 4709 die
