3575 5375
381 621 439 683 132
592 607 748 667 OPERIS
772 609 963 680 MAJORIS
987 610 1102 669 PARS
1127 609 1311 683 QUARTA.

377 770 467 852 quod
490 791 546 835 aer
569 781 620 835 est
642 769 775 856 gravis¹
799 772 996 857 insphaera
1016 793 1085 849 sua,
1105 786 1139 838 et
1161 777 1311 857 sequitur
1335 774 1531 841 naturaliter

377 873 583 957 superficiem
614 897 720 958 aquae
750 896 816 939 non
847 878 953 958 ignis;
991 898 1068 941 nam
1098 879 1127 942 si
1158 880 1243 962 ignis
1273 884 1466 945 ascenderet
1496 881 1531 942 in

377 979 519 1062 sphaera
546 1001 613 1057 sua,
639 1001 697 1043 aer
722 1001 788 1044 non
819 993 1018 1063 sequeretur,
1046 993 1084 1047 ut
1111 984 1200 1048 dicit.
1227 985 1304 1065 quia
1335 1005 1409 1049 cum
1441 1005 1532 1068 aqua

377 1085 557 1160 descendit,
572 1105 628 1149 aer
650 1086 799 1167 sequitur
819 1085 890 1168 ejus
914 1086 1134 1170 superficiem,
1153 1099 1189 1152 ut
1212 1090 1364 1152 videmus
1386 1090 1429 1153 ad
1452 1109 1531 1153 ocu·

377 1188 456 1253 lum.
496 1188 711 1272 Quapropter
725 1210 792 1253 non
808 1199 904 1254 erunt
919 1210 1021 1254 unum
1032 1212 1152 1275 eorpus
1167 1214 1223 1257 aer
1234 1204 1268 1257 et
1284 1195 1387 1277 ignis3
1411 1203 1445 1258 et
1457 1203 1532 1259 tota

377 1294 542 1358 dubitatio
557 1293 695 1357 solvitur
711 1314 771 1375 per
786 1293 892 1376 legem
912 1295 1090 1368 fractionis.
1136 1297 1224 1361 Nam
1241 1298 1304 1360 tria
1321 1299 1533 1380 requiruntur

378 1399 421 1461 ad
448 1398 513 1462 hoc
540 1407 576 1460 ut
602 1397 645 1460 sit
671 1397 798 1473 fractio,
826 1399 952 1462 scilicet
978 1411 1016 1464 ut
1045 1420 1167 1481 corpus
1195 1403 1377 1465 secundum
1408 1403 1531 1467 habeat

379 1502 585 1585 superficiem
603 1501 794 1565 distinctam
814 1523 835 1566 a
857 1503 975 1585 primo,
992 1515 1026 1568 et
1046 1505 1137 1587 quod
1158 1506 1200 1569 sit
1222 1506 1357 1570 alterius
1379 1506 1532 1583 raritatis,

379 1607 503 1670 scilicet
534 1607 637 1689 magis
668 1627 777 1669 rarum
808 1607 860 1669 vel
892 1607 1009 1686 minus,
1039 1618 1072 1672 et
1102 1611 1192 1692 quod
1224 1612 1306 1674 radii
1336 1612 1457 1674 cadant
1486 1613 1532 1676 ad

378 1711 520 1792 angulos
542 1710 704 1792 obliquos.
751 1710 851 1793 Quod
873 1713 901 1776 si
925 1712 1050 1795 aliquid
1072 1714 1208 1777 istorum
1229 1715 1372 1791 deficiat,
1391 1736 1459 1778 non
1479 1725 1531 1779 est

381 1814 498 1879 fractio
521 1816 695 1898 possibilis.
742 1817 881 1899 Propter
908 1817 1051 1900 primum
1077 1821 1162 1882 enim
1191 1840 1257 1883 non
1281 1832 1331 1885 est
1354 1819 1471 1885 fractio
1496 1822 1530 1883 in

380 1921 499 1985 eodem
521 1940 665 2002 corpore,
684 1920 762 1984 licet
781 1920 905 1986 habeat
926 1932 1057 2004 partem
1079 1943 1179 1988 unam
1200 1925 1354 1988 rariorem
1376 1936 1411 1989 et
1431 1926 1531 1989 aliam

380 2027 487 2091 minus
508 2046 625 2105 raram,
640 2027 724 2091 sicut
742 2047 799 2090 aer
814 2037 864 2092 est
886 2028 990 2091 rarior
1008 2029 1158 2111 superius
1174 2050 1276 2112 quam
1297 2031 1439 2094 inferius.
1485 2031 1533 2096 Et

379 2143 514 2215 propter
534 2133 716 2196 secundum
738 2142 873 2195 nonest
892 2133 1009 2196 fractio
1029 2133 1061 2195 in
1077 2134 1212 2198 orbibus
1230 2134 1437 2212 coelestibus,
1452 2124 1535 2218 quia

378 2247 455 2300 sunt
484 2235 633 2319 ejusdem
664 2237 816 2310 raritatis,
845 2247 1007 2318 quantum
1042 2239 1085 2301 ad
1114 2259 1248 2302 sensum
1279 2250 1439 2304 nostrum.
1485 2239 1533 2303 Et

379 2348 513 2422 propter
533 2340 597 2404 hoc
621 2340 708 2404 idem
732 2360 798 2402 non
822 2350 873 2405 est
896 2342 1012 2405 fractio
1035 2341 1067 2404 in
1091 2343 1233 2424 sphaera
1256 2345 1350 2421 aeris,
1374 2344 1451 2426 quia
1475 2365 1534 2408 aer

377 2445 542 2528 gradatIm
564 2443 752 2508 subtiliatur
773 2465 944 2528 usquequo
960 2447 992 2509 in
1008 2467 1068 2510 sua
1085 2458 1179 2530 parte
1197 2468 1354 2530 suprema
1368 2459 1533 2530 aequetur

378 2549 552 2612 subtilitati
577 2549 661 2630 ignis
683 2549 715 2612 in
739 2559 832 2631 parte
855 2550 1006 2627 inferiori,
1022 2560 1056 2615 et
1078 2551 1154 2616 ideo
1176 2572 1241 2616 non
1265 2564 1316 2617 est
1339 2553 1385 2616 ibi
1405 2553 1532 2617 fractio

380 2651 547 2735 Quoniam
574 2663 686 2717 autem
714 2652 830 2717 fractio
856 2653 938 2718 haec
964 2663 1015 2719 est
1041 2655 1127 2719 inter
1152 2657 1314 2722 incessum
1342 2666 1468 2722 rectum
1496 2667 1533 2722 et

379 2757 681 2841 perpendicularem
708 2760 894 2823 ducendam
922 2780 942 2823 a
971 2760 1047 2825 loco
1076 2762 1256 2840 fractionis,
1282 2772 1320 2825 ut
1346 2763 1468 2827 docent
1494 2763 1531 2826 hi

379 2873 520 2941 autores,
543 2873 577 2926 et
604 2864 674 2945 ipsa
700 2865 913 2947 experientia,
938 2866 1013 2931 ideo
1039 2868 1187 2949 sequitur
1213 2868 1304 2950 quod
1332 2888 1452 2949 corpus
1479 2889 1534 2932 se·

378 2969 524 3031 cundum
551 2977 601 3031 est
624 2968 757 3031 densius
784 2968 882 3049 priori
905 2981 938 3033 et
963 2971 1040 3034 ideo
1064 2992 1182 3054 corpus
1207 2973 1270 3035 sub
1293 2972 1374 3035 orbe
1395 2972 1533 3037 coelesti

378 3082 428 3137 est
455 3073 588 3136 densius
614 3092 715 3155 quam
745 3071 834 3135 orbis
865 3075 956 3137 coeli.
1002 3075 1216 3159 Quapropter
1245 3086 1378 3158 oportet
1408 3096 1534 3158 ponere

378 3176 512 3262 plenam
537 3178 760 3242 diversitatem
786 3197 962 3261 corporum
989 3181 1102 3244 mundi
1128 3200 1229 3262 penes
1252 3180 1383 3243 coelum
1405 3191 1440 3244 et
1465 3179 1535 3243 ele-

378 3291 538 3345 mentum.
585 3282 631 3347 Et
653 3285 790 3364 quando
814 3282 1027 3347 habuerimus
1051 3283 1144 3358 haec,
1166 3294 1243 3347 tunc
1268 3304 1329 3365 per
1352 3284 1473 3361 radios,
1497 3295 1534 3348 et

378 3388 567 3470 pyramides
598 3386 780 3450 luminosas
811 3384 981 3450 stellarum
1007 3388 1211 3451 venientium
1239 3389 1282 3452 ad
1313 3389 1535 3453 instrumenta

377 3490 631 3555 certificabimus
643 3492 754 3555 omnia
766 3511 852 3575 quae
864 3501 940 3554 sunt
953 3493 984 3554 in
997 3492 1206 3569 coelestibus,
1218 3493 1344 3556 scilicet
1356 3513 1532 3557 numerum

376 3593 554 3669 coelorum,
583 3602 619 3657 et
647 3596 817 3659 stellarum
849 3596 1112 3677 magnitudinem
1142 3606 1176 3659 et
1206 3596 1465 3680 spissitudinem,
1497 3608 1534 3661 et

377 3698 490 3761 omnia
505 3717 591 3779 quae
607 3708 685 3761 sunt
701 3701 733 3762 in
748 3700 858 3764 coelis.

796 3906 1023 3972 Carraununr
1050 3907 1114 3970 111.

422 4042 460 4105 In
481 4062 549 4123 quo
568 4063 629 4126 per
649 4043 943 4126 multiplicationes
965 4045 1151 4127 praedictas
1174 4046 1416 4130 investigantur
1439 4066 1536 4109 com-

376 4145 548 4229 plexiones
564 4147 712 4210 locorum
729 4148 844 4211 mundi
861 4148 948 4212 circa
964 4148 1062 4230 polos
1077 4148 1158 4232 ejus.

425 4324 588 4387 Posthaec
604 4324 845 4389 descendemus
861 4326 904 4389 ad
920 4326 1078 4407 sphaeras
1093 4323 1333 4389 elementorum
1350 4334 1384 4389 et
1400 4325 1536 4389 investi·

378 4429 532 4511 gabimus
547 4448 662 4492 omnes
675 4428 926 4512 complexiones
938 4450 1050 4493 eorum
1064 4430 1246 4493 secundum
1260 4429 1406 4512 singulas
1423 4440 1539 4511 partes

411 4558 420 4587 ¹
437 4560 476 4608 De
489 4560 569 4620 Coelo,
583 4560 614 4609 iv.
627 4576 651 4623 4,
668 4564 680 4619 5
693 4574 708 4621 5
726 4560 753 4609 lv
769 4560 801 4623 τῇ
817 4558 893 4608 abror]
908 4557 956 4622 γὰρ
975 4558 1043 4623 χώρᾳ
1058 4558 1137 4607 πάντα
1151 4560 1224 4624 βάρος
1240 4558 1293 4623 ἔχει
1313 4560 1377 4622 πλὴν
1396 4560 1478 4624 πυρός,
1493 4562 1539 4611 καὶ

378 4637 458 4699 ὀάἡρ.
