<?xml version="1.0" encoding="UTF-8"?>
<!DOCTYPE html PUBLIC "-//W3C//DTD XHTML 1.0 Transitional//EN"
    "http://www.w3.org/TR/xhtml1/DTD/xhtml1-transitional.dtd">
<html xmlns="http://www.w3.org/1999/xhtml" xml:lang="en" lang="en">
 <head>
  <title>
</title>
<meta http-equiv="Content-Type" content="text/html;charset=utf-8" />
  <meta name='ocr-system' content='tesseract 3.04.00' />
  <meta name='ocr-capabilities' content='ocr_page ocr_carea ocr_par ocr_line ocrx_word'/>
</head>
<body>
  <div class='ocr_page' id='page_1' title='image "./opusmajusrogerb01bridgoog/opusmajusrogerb01bridgoog_0319.png"; bbox 0 0 3575 5375; ppageno 0'>
   <div class='ocr_carea' id='block_1_1' title="bbox 367 647 1295 722">
    <p class='ocr_par' dir='ltr' id='par_1_1' title="bbox 367 647 1295 722">
     <span class='ocr_line' id='line_1_1' title="bbox 367 647 1295 722; baseline 0 -14"><span class='ocrx_word' id='word_1_1' title='bbox 367 661 424 710; x_wconf 74' lang='lat'>1²2</span> <span class='ocrx_word' id='word_1_2' title='bbox 577 649 734 710; x_wconf 85' lang='lat' dir='ltr'><em>OPERIS</em></span> <span class='ocrx_word' id='word_1_3' title='bbox 758 649 946 720; x_wconf 84' lang='lat' dir='ltr'><em>MAJORIS</em></span> <span class='ocrx_word' id='word_1_4' title='bbox 970 648 1086 708; x_wconf 81' lang='lat' dir='ltr'><strong><em>PARS</em></strong></span> <span class='ocrx_word' id='word_1_5' title='bbox 1111 647 1295 722; x_wconf 77' lang='lat' dir='ltr'><em>QUARTA.</em></span> 
     </span>
    </p>
   </div>
   <div class='ocr_carea' id='block_1_2' title="bbox 363 808 1535 3599">
    <p class='ocr_par' dir='ltr' id='par_1_2' title="bbox 363 808 1535 3496">
     <span class='ocr_line' id='line_1_2' title="bbox 363 808 1518 896; baseline -0.002 -22"><span class='ocrx_word' id='word_1_6' title='bbox 363 808 612 896; x_wconf 83' lang='lat' dir='ltr'>intelligendum</span> <span class='ocrx_word' id='word_1_7' title='bbox 642 823 694 878; x_wconf 80' lang='lat' dir='ltr'>est</span> <span class='ocrx_word' id='word_1_8' title='bbox 724 815 767 879; x_wconf 93' lang='lat' dir='ltr'>de</span> <span class='ocrx_word' id='word_1_9' title='bbox 794 813 955 878; x_wconf 82' lang='lat' dir='ltr'>fractione</span> <span class='ocrx_word' id='word_1_10' title='bbox 979 821 1013 876; x_wconf 90' lang='lat' dir='ltr'>et</span> <span class='ocrx_word' id='word_1_11' title='bbox 1035 811 1216 877; x_wconf 88' lang='lat' dir='ltr'>reflexione</span> <span class='ocrx_word' id='word_1_12' title='bbox 1236 812 1419 877; x_wconf 84' lang='lat' dir='ltr'>secundum</span> <span class='ocrx_word' id='word_1_13' title='bbox 1442 829 1518 891; x_wconf 90' lang='lat' dir='ltr'>pro·</span> 
     </span>
     <span class='ocr_line' id='line_1_3' title="bbox 365 915 1518 1000; baseline -0.001 -22"><span class='ocrx_word' id='word_1_14' title='bbox 365 915 540 1000; x_wconf 82' lang='lat' dir='ltr'><strong>prietatem</strong></span> <span class='ocrx_word' id='word_1_15' title='bbox 560 917 705 983; x_wconf 83' lang='lat' dir='ltr'>incessus</span> <span class='ocrx_word' id='word_1_16' title='bbox 728 919 760 981; x_wconf 93' lang='lat' dir='ltr'>in</span> <span class='ocrx_word' id='word_1_17' title='bbox 785 919 840 982; x_wconf 91' lang='lat' dir='ltr'>eis.</span> <span class='ocrx_word' id='word_1_18' title='bbox 888 918 924 983; x_wconf 92' lang='lat' dir='ltr'>Si</span> <span class='ocrx_word' id='word_1_19' title='bbox 948 927 1059 981; x_wconf 84' lang='lat' dir='ltr'>tamen</span> <span class='ocrx_word' id='word_1_20' title='bbox 1083 919 1337 992; x_wconf 77' lang='lat' dir='ltr'>consideremuS,</span> <span class='ocrx_word' id='word_1_21' title='bbox 1354 916 1445 997; x_wconf 92' lang='lat' dir='ltr'>quod</span> <span class='ocrx_word' id='word_1_22' title='bbox 1467 924 1518 978; x_wconf 85' lang='lat' dir='ltr'>est</span> 
     </span>
     <span class='ocr_line' id='line_1_4' title="bbox 365 1017 1518 1102; baseline -0.003 -18"><span class='ocrx_word' id='word_1_23' title='bbox 365 1017 504 1086; x_wconf 87' lang='lat' dir='ltr'>reflexio</span> <span class='ocrx_word' id='word_1_24' title='bbox 524 1021 555 1086; x_wconf 91' lang='lat' dir='ltr'>in</span> <span class='ocrx_word' id='word_1_25' title='bbox 575 1021 694 1086; x_wconf 90' lang='lat' dir='ltr'>eodem</span> <span class='ocrx_word' id='word_1_26' title='bbox 719 1023 840 1102; x_wconf 89' lang='lat' dir='ltr'>medio,</span> <span class='ocrx_word' id='word_1_27' title='bbox 856 1031 889 1086; x_wconf 92' lang='lat' dir='ltr'>et</span> <span class='ocrx_word' id='word_1_28' title='bbox 914 1022 1030 1086; x_wconf 85' lang='lat' dir='ltr'>fractio</span> <span class='ocrx_word' id='word_1_29' title='bbox 1052 1022 1085 1085; x_wconf 93' lang='lat' dir='ltr'>in</span> <span class='ocrx_word' id='word_1_30' title='bbox 1109 1023 1256 1097; x_wconf 90' lang='lat' dir='ltr'>diversis,</span> <span class='ocrx_word' id='word_1_31' title='bbox 1272 1029 1406 1102; x_wconf 87' lang='lat' dir='ltr'>oportet</span> <span class='ocrx_word' id='word_1_32' title='bbox 1428 1018 1518 1101; x_wconf 90' lang='lat' dir='ltr'>quod</span> 
     </span>
     <span class='ocr_line' id='line_1_5' title="bbox 364 1121 1519 1212; baseline -0.006 -20"><span class='ocrx_word' id='word_1_33' title='bbox 364 1121 490 1210; x_wconf 83' lang='lat' dir='ltr'>duplex</span> <span class='ocrx_word' id='word_1_34' title='bbox 510 1127 654 1192; x_wconf 89' lang='lat' dir='ltr'>medium</span> <span class='ocrx_word' id='word_1_35' title='bbox 678 1129 784 1212; x_wconf 88' lang='lat' dir='ltr'>magis</span> <span class='ocrx_word' id='word_1_36' title='bbox 807 1128 968 1212; x_wconf 85' lang='lat' dir='ltr'>impediat</span> <span class='ocrx_word' id='word_1_37' title='bbox 993 1147 1093 1209; x_wconf 91' lang='lat' dir='ltr'>quam</span> <span class='ocrx_word' id='word_1_38' title='bbox 1117 1147 1228 1200; x_wconf 89' lang='lat' dir='ltr'>unum,</span> <span class='ocrx_word' id='word_1_39' title='bbox 1255 1136 1289 1189; x_wconf 90' lang='lat' dir='ltr'>et</span> <span class='ocrx_word' id='word_1_40' title='bbox 1312 1125 1376 1188; x_wconf 94' lang='lat' dir='ltr'>hoc</span> <span class='ocrx_word' id='word_1_41' title='bbox 1400 1124 1519 1186; x_wconf 87' lang='lat' dir='ltr'>saltem</span> 
     </span>
     <span class='ocr_line' id='line_1_6' title="bbox 365 1228 1520 1314; baseline -0.005 -19"><span class='ocrx_word' id='word_1_42' title='bbox 365 1230 501 1314; x_wconf 82' lang='lat' dir='ltr'>quando</span> <span class='ocrx_word' id='word_1_43' title='bbox 516 1230 653 1296; x_wconf 84' lang='lat' dir='ltr'>reflexio</span> <span class='ocrx_word' id='word_1_44' title='bbox 674 1231 711 1296; x_wconf 90' lang='lat' dir='ltr'>lit</span> <span class='ocrx_word' id='word_1_45' title='bbox 726 1233 758 1296; x_wconf 92' lang='lat' dir='ltr'>in</span> <span class='ocrx_word' id='word_1_46' title='bbox 781 1233 891 1297; x_wconf 92' lang='lat' dir='ltr'>medio</span> <span class='ocrx_word' id='word_1_47' title='bbox 912 1231 1034 1308; x_wconf 85' lang='lat' dir='ltr'>subtili,</span> <span class='ocrx_word' id='word_1_48' title='bbox 1050 1244 1084 1296; x_wconf 88' lang='lat' dir='ltr'>et</span> <span class='ocrx_word' id='word_1_49' title='bbox 1104 1230 1162 1295; x_wconf 85' lang='lat' dir='ltr'>liat</span> <span class='ocrx_word' id='word_1_50' title='bbox 1181 1230 1297 1294; x_wconf 86' lang='lat' dir='ltr'>fractio</span> <span class='ocrx_word' id='word_1_51' title='bbox 1319 1230 1352 1292; x_wconf 91' lang='lat' dir='ltr'>in</span> <span class='ocrx_word' id='word_1_52' title='bbox 1374 1228 1520 1291; x_wconf 87' lang='lat' dir='ltr'>secundo</span> 
     </span>
     <span class='ocr_line' id='line_1_7' title="bbox 364 1330 1521 1417; baseline -0.007 -17"><span class='ocrx_word' id='word_1_53' title='bbox 364 1333 515 1414; x_wconf 82' lang='lat' dir='ltr'>densiori,</span> <span class='ocrx_word' id='word_1_54' title='bbox 540 1345 577 1401; x_wconf 89' lang='lat' dir='ltr'>ut</span> <span class='ocrx_word' id='word_1_55' title='bbox 607 1347 656 1402; x_wconf 86' lang='lat' dir='ltr'>est</span> <span class='ocrx_word' id='word_1_56' title='bbox 684 1337 715 1400; x_wconf 94' lang='lat' dir='ltr'>in</span> <span class='ocrx_word' id='word_1_57' title='bbox 743 1359 822 1402; x_wconf 87' lang='lat' dir='ltr'>vase</span> <span class='ocrx_word' id='word_1_58' title='bbox 843 1338 956 1402; x_wconf 88' lang='lat' dir='ltr'>vitreo.</span> <span class='ocrx_word' id='word_1_59' title='bbox 1009 1336 1099 1399; x_wconf 89' lang='lat' dir='ltr'>Nam</span> <span class='ocrx_word' id='word_1_60' title='bbox 1123 1337 1150 1400; x_wconf 91' lang='lat' dir='ltr'>si</span> <span class='ocrx_word' id='word_1_61' title='bbox 1176 1342 1417 1417; x_wconf 82' lang='lat' dir='ltr'>congregentur</span> <span class='ocrx_word' id='word_1_62' title='bbox 1439 1330 1521 1394; x_wconf 90' lang='lat' dir='ltr'>radii</span> 
     </span>
     <span class='ocr_line' id='line_1_8' title="bbox 366 1439 1522 1524; baseline -0.005 -20"><span class='ocrx_word' id='word_1_63' title='bbox 366 1459 386 1504; x_wconf 84' lang='lat' dir='ltr'>a</span> <span class='ocrx_word' id='word_1_64' title='bbox 402 1439 537 1522; x_wconf 85' lang='lat' dir='ltr'>speculo</span> <span class='ocrx_word' id='word_1_65' title='bbox 553 1443 777 1520; x_wconf 88' lang='lat' dir='ltr'>comburente,</span> <span class='ocrx_word' id='word_1_66' title='bbox 794 1453 827 1506; x_wconf 88' lang='lat' dir='ltr'>et</span> <span class='ocrx_word' id='word_1_67' title='bbox 844 1453 919 1523; x_wconf 89' lang='lat' dir='ltr'>post</span> <span class='ocrx_word' id='word_1_68' title='bbox 936 1441 1147 1524; x_wconf 86' lang='lat' dir='ltr'>perspicuum</span> <span class='ocrx_word' id='word_1_69' title='bbox 1163 1441 1373 1514; x_wconf 88' lang='lat' dir='ltr'>comburens,</span> <span class='ocrx_word' id='word_1_70' title='bbox 1388 1444 1522 1519; x_wconf 84' lang='lat' dir='ltr'>oportet</span> 
     </span>
     <span class='ocr_line' id='line_1_9' title="bbox 367 1541 1521 1626; baseline -0.007 -19"><span class='ocrx_word' id='word_1_71' title='bbox 367 1544 458 1626; x_wconf 90' lang='lat' dir='ltr'>quod</span> <span class='ocrx_word' id='word_1_72' title='bbox 476 1544 581 1626; x_wconf 84' lang='lat' dir='ltr'>major</span> <span class='ocrx_word' id='word_1_73' title='bbox 595 1545 638 1611; x_wconf 90' lang='lat' dir='ltr'>sit</span> <span class='ocrx_word' id='word_1_74' title='bbox 654 1546 850 1621; x_wconf 90' lang='lat' dir='ltr'>combustio,</span> <span class='ocrx_word' id='word_1_75' title='bbox 862 1547 947 1610; x_wconf 90' lang='lat' dir='ltr'>sicut</span> <span class='ocrx_word' id='word_1_76' title='bbox 962 1544 1095 1609; x_wconf 87' lang='lat' dir='ltr'>inferius</span> <span class='ocrx_word' id='word_1_77' title='bbox 1111 1544 1179 1607; x_wconf 89' lang='lat' dir='ltr'>suis</span> <span class='ocrx_word' id='word_1_78' title='bbox 1193 1543 1275 1606; x_wconf 89' lang='lat' dir='ltr'>locis</span> <span class='ocrx_word' id='word_1_79' title='bbox 1290 1541 1521 1623; x_wconf 85' lang='lat' dir='ltr'>explicabitur.</span> 
     </span>
     <span class='ocr_line' id='line_1_10' title="bbox 369 1645 1522 1733; baseline -0.005 -23"><span class='ocrx_word' id='word_1_80' title='bbox 369 1645 500 1712; x_wconf 83' lang='lat' dir='ltr'>Fractio</span> <span class='ocrx_word' id='word_1_81' title='bbox 529 1669 607 1712; x_wconf 89' lang='lat' dir='ltr'>vero</span> <span class='ocrx_word' id='word_1_82' title='bbox 633 1670 720 1733; x_wconf 82' lang='lat' dir='ltr'>quae</span> <span class='ocrx_word' id='word_1_83' title='bbox 751 1661 802 1714; x_wconf 85' lang='lat' dir='ltr'>est</span> <span class='ocrx_word' id='word_1_84' title='bbox 832 1651 864 1714; x_wconf 93' lang='lat' dir='ltr'>in</span> <span class='ocrx_word' id='word_1_85' title='bbox 897 1670 1035 1733; x_wconf 90' lang='lat' dir='ltr'>corpore</span> <span class='ocrx_word' id='word_1_86' title='bbox 1061 1648 1208 1713; x_wconf 89' lang='lat' dir='ltr'>secundo</span> <span class='ocrx_word' id='word_1_87' title='bbox 1237 1646 1381 1711; x_wconf 86' lang='lat' dir='ltr'>densiori</span> <span class='ocrx_word' id='word_1_88' title='bbox 1413 1645 1522 1706; x_wconf 89' lang='lat' dir='ltr'>minus</span> 
     </span>
     <span class='ocr_line' id='line_1_11' title="bbox 368 1747 1522 1836; baseline -0.007 -18"><span class='ocrx_word' id='word_1_89' title='bbox 368 1749 531 1832; x_wconf 82' lang='lat' dir='ltr'>debilitat,</span> <span class='ocrx_word' id='word_1_90' title='bbox 542 1773 642 1836; x_wconf 82' lang='lat' dir='ltr'>quam</span> <span class='ocrx_word' id='word_1_91' title='bbox 657 1774 696 1817; x_wconf 89' lang='lat' dir='ltr'>ea</span> <span class='ocrx_word' id='word_1_92' title='bbox 713 1773 798 1836; x_wconf 88' lang='lat' dir='ltr'>quae</span> <span class='ocrx_word' id='word_1_93' title='bbox 814 1765 863 1818; x_wconf 86' lang='lat' dir='ltr'>est</span> <span class='ocrx_word' id='word_1_94' title='bbox 875 1755 908 1817; x_wconf 94' lang='lat' dir='ltr'>in</span> <span class='ocrx_word' id='word_1_95' title='bbox 921 1773 1059 1836; x_wconf 87' lang='lat' dir='ltr'>corpore</span> <span class='ocrx_word' id='word_1_96' title='bbox 1069 1753 1214 1818; x_wconf 87' lang='lat' dir='ltr'>secundo</span> <span class='ocrx_word' id='word_1_97' title='bbox 1225 1750 1394 1814; x_wconf 87' lang='lat' dir='ltr'>subtiliori.</span> <span class='ocrx_word' id='word_1_98' title='bbox 1433 1747 1522 1811; x_wconf 90' lang='lat' dir='ltr'>Nam</span> 
     </span>
     <span class='ocr_line' id='line_1_12' title="bbox 369 1852 1524 1940; baseline -0.003 -21"><span class='ocrx_word' id='word_1_99' title='bbox 369 1853 514 1920; x_wconf 82' lang='lat' dir='ltr'>incessus</span> <span class='ocrx_word' id='word_1_100' title='bbox 541 1857 816 1940; x_wconf 85' lang='lat' dir='ltr'>perpendicularis</span> <span class='ocrx_word' id='word_1_101' title='bbox 842 1870 894 1923; x_wconf 88' lang='lat' dir='ltr'>est</span> <span class='ocrx_word' id='word_1_102' title='bbox 919 1859 1124 1934; x_wconf 81' lang='lat' dir='ltr'>fortissimus,</span> <span class='ocrx_word' id='word_1_103' title='bbox 1148 1869 1183 1921; x_wconf 90' lang='lat' dir='ltr'>et</span> <span class='ocrx_word' id='word_1_104' title='bbox 1206 1857 1282 1921; x_wconf 92' lang='lat' dir='ltr'>ideo</span> <span class='ocrx_word' id='word_1_105' title='bbox 1306 1874 1393 1937; x_wconf 91' lang='lat' dir='ltr'>quae</span> <span class='ocrx_word' id='word_1_106' title='bbox 1415 1852 1524 1933; x_wconf 87' lang='lat' dir='ltr'>magis</span> 
     </span>
     <span class='ocr_line' id='line_1_13' title="bbox 370 1957 1526 2045; baseline -0.005 -21"><span class='ocrx_word' id='word_1_107' title='bbox 370 1957 499 2024; x_wconf 84' lang='lat' dir='ltr'>accedit</span> <span class='ocrx_word' id='word_1_108' title='bbox 518 1962 561 2025; x_wconf 88' lang='lat' dir='ltr'>ad</span> <span class='ocrx_word' id='word_1_109' title='bbox 581 1962 893 2044; x_wconf 84' lang='lat' dir='ltr'>perpendicularem,</span> <span class='ocrx_word' id='word_1_110' title='bbox 916 1963 1023 2045; x_wconf 86' lang='lat' dir='ltr'>magis</span> <span class='ocrx_word' id='word_1_111' title='bbox 1043 1973 1094 2026; x_wconf 87' lang='lat' dir='ltr'>est</span> <span class='ocrx_word' id='word_1_112' title='bbox 1114 1961 1217 2025; x_wconf 81' lang='lat' dir='ltr'>sortis.</span> <span class='ocrx_word' id='word_1_113' title='bbox 1263 1960 1331 2024; x_wconf 87' lang='lat' dir='ltr'>Sed</span> <span class='ocrx_word' id='word_1_114' title='bbox 1353 1959 1470 2022; x_wconf 84' lang='lat' dir='ltr'>fractio</span> <span class='ocrx_word' id='word_1_115' title='bbox 1492 1957 1526 2019; x_wconf 93' lang='lat' dir='ltr'>in</span> 
     </span>
     <span class='ocr_line' id='line_1_14' title="bbox 370 2064 1527 2148; baseline -0.003 -21"><span class='ocrx_word' id='word_1_116' title='bbox 370 2083 507 2148; x_wconf 85' lang='lat' dir='ltr'>corpore</span> <span class='ocrx_word' id='word_1_117' title='bbox 522 2067 668 2130; x_wconf 88' lang='lat' dir='ltr'>secundo</span> <span class='ocrx_word' id='word_1_118' title='bbox 680 2067 821 2131; x_wconf 87' lang='lat' dir='ltr'>densiori</span> <span class='ocrx_word' id='word_1_119' title='bbox 833 2067 976 2132; x_wconf 86' lang='lat' dir='ltr'>declinat</span> <span class='ocrx_word' id='word_1_120' title='bbox 984 2086 1098 2129; x_wconf 87' lang='lat' dir='ltr'>versus</span> <span class='ocrx_word' id='word_1_121' title='bbox 1109 2064 1428 2148; x_wconf 85' lang='lat' dir='ltr'>perpendicularem,</span> <span class='ocrx_word' id='word_1_122' title='bbox 1437 2079 1527 2145; x_wconf 87' lang='lat' dir='ltr'>quae</span> 
     </span>
     <span class='ocr_line' id='line_1_15' title="bbox 370 2165 1526 2253; baseline -0.004 -21"><span class='ocrx_word' id='word_1_123' title='bbox 370 2169 413 2232; x_wconf 85' lang='lat' dir='ltr'>ab</span> <span class='ocrx_word' id='word_1_124' title='bbox 441 2169 560 2234; x_wconf 84' lang='lat' dir='ltr'>eodem</span> <span class='ocrx_word' id='word_1_125' title='bbox 586 2179 710 2252; x_wconf 88' lang='lat' dir='ltr'>puncto</span> <span class='ocrx_word' id='word_1_126' title='bbox 740 2171 810 2236; x_wconf 86' lang='lat' dir='ltr'>exit</span> <span class='ocrx_word' id='word_1_127' title='bbox 836 2193 856 2234; x_wconf 84' lang='lat' dir='ltr'>a</span> <span class='ocrx_word' id='word_1_128' title='bbox 881 2191 950 2253; x_wconf 90' lang='lat' dir='ltr'>quo</span> <span class='ocrx_word' id='word_1_129' title='bbox 975 2170 1100 2249; x_wconf 79' lang='lat' dir='ltr'>fractio,</span> <span class='ocrx_word' id='word_1_130' title='bbox 1121 2179 1159 2234; x_wconf 93' lang='lat' dir='ltr'>ut</span> <span class='ocrx_word' id='word_1_131' title='bbox 1189 2178 1282 2251; x_wconf 89' lang='lat' dir='ltr'>patet</span> <span class='ocrx_word' id='word_1_132' title='bbox 1312 2167 1463 2251; x_wconf 88' lang='lat' dir='ltr'>superius</span> <span class='ocrx_word' id='word_1_133' title='bbox 1492 2165 1526 2227; x_wconf 91' lang='lat' dir='ltr'>in</span> 
     </span>
     <span class='ocr_line' id='line_1_16' title="bbox 370 2269 1528 2357; baseline -0.003 -23"><span class='ocrx_word' id='word_1_134' title='bbox 370 2269 487 2354; x_wconf 75' lang='lat' dir='ltr'>figura,</span> <span class='ocrx_word' id='word_1_135' title='bbox 506 2283 576 2337; x_wconf 85' lang='lat' dir='ltr'>tam</span> <span class='ocrx_word' id='word_1_136' title='bbox 597 2273 629 2336; x_wconf 93' lang='lat' dir='ltr'>in</span> <span class='ocrx_word' id='word_1_137' title='bbox 651 2273 765 2356; x_wconf 87' lang='lat' dir='ltr'>planis,</span> <span class='ocrx_word' id='word_1_138' title='bbox 781 2294 882 2357; x_wconf 88' lang='lat' dir='ltr'>quam</span> <span class='ocrx_word' id='word_1_139' title='bbox 902 2275 935 2336; x_wconf 93' lang='lat' dir='ltr'>in</span> <span class='ocrx_word' id='word_1_140' title='bbox 956 2273 1142 2355; x_wconf 82' lang='lat' dir='ltr'>sphaericis,</span> <span class='ocrx_word' id='word_1_141' title='bbox 1156 2283 1191 2337; x_wconf 91' lang='lat' dir='ltr'>et</span> <span class='ocrx_word' id='word_1_142' title='bbox 1210 2273 1286 2336; x_wconf 90' lang='lat' dir='ltr'>ideo</span> <span class='ocrx_word' id='word_1_143' title='bbox 1305 2270 1397 2334; x_wconf 88' lang='lat' dir='ltr'>nulla</span> <span class='ocrx_word' id='word_1_144' title='bbox 1418 2269 1528 2332; x_wconf 88' lang='lat' dir='ltr'>minus</span> 
     </span>
     <span class='ocr_line' id='line_1_17' title="bbox 370 2372 1528 2460; baseline -0.005 -18"><span class='ocrx_word' id='word_1_145' title='bbox 370 2375 531 2442; x_wconf 79' lang='lat' dir='ltr'>debilitat.</span> <span class='ocrx_word' id='word_1_146' title='bbox 578 2377 632 2442; x_wconf 89' lang='lat' dir='ltr'>De</span> <span class='ocrx_word' id='word_1_147' title='bbox 646 2377 826 2442; x_wconf 85' lang='lat' dir='ltr'>reflexione</span> <span class='ocrx_word' id='word_1_148' title='bbox 840 2398 920 2442; x_wconf 90' lang='lat' dir='ltr'>vero</span> <span class='ocrx_word' id='word_1_149' title='bbox 934 2398 1019 2460; x_wconf 88' lang='lat' dir='ltr'>quae</span> <span class='ocrx_word' id='word_1_150' title='bbox 1034 2388 1086 2441; x_wconf 85' lang='lat' dir='ltr'>est</span> <span class='ocrx_word' id='word_1_151' title='bbox 1101 2378 1142 2440; x_wconf 91' lang='lat' dir='ltr'>ad</span> <span class='ocrx_word' id='word_1_152' title='bbox 1160 2375 1300 2458; x_wconf 85' lang='lat' dir='ltr'>angulos</span> <span class='ocrx_word' id='word_1_153' title='bbox 1316 2385 1436 2450; x_wconf 89' lang='lat' dir='ltr'>rectos,</span> <span class='ocrx_word' id='word_1_154' title='bbox 1448 2372 1528 2436; x_wconf 91' lang='lat' dir='ltr'>licet</span> 
     </span>
     <span class='ocr_line' id='line_1_18' title="bbox 371 2479 1529 2564; baseline -0.005 -20"><span class='ocrx_word' id='word_1_155' title='bbox 371 2481 558 2564; x_wconf 81' lang='lat' dir='ltr'>geminetur</span> <span class='ocrx_word' id='word_1_156' title='bbox 580 2481 690 2546; x_wconf 88' lang='lat' dir='ltr'>radius</span> <span class='ocrx_word' id='word_1_157' title='bbox 707 2481 961 2558; x_wconf 86' lang='lat' dir='ltr'>accidentaliter,</span> <span class='ocrx_word' id='word_1_158' title='bbox 976 2492 1011 2546; x_wconf 90' lang='lat' dir='ltr'>et</span> <span class='ocrx_word' id='word_1_159' title='bbox 1032 2481 1080 2544; x_wconf 90' lang='lat' dir='ltr'>sic</span> <span class='ocrx_word' id='word_1_160' title='bbox 1102 2480 1140 2545; x_wconf 87' lang='lat' dir='ltr'>fit</span> <span class='ocrx_word' id='word_1_161' title='bbox 1163 2480 1278 2545; x_wconf 79' lang='lat' dir='ltr'>sortior</span> <span class='ocrx_word' id='word_1_162' title='bbox 1299 2479 1398 2552; x_wconf 89' lang='lat' dir='ltr'>actio,</span> <span class='ocrx_word' id='word_1_163' title='bbox 1412 2487 1529 2541; x_wconf 86' lang='lat' dir='ltr'>tamen</span> 
     </span>
     <span class='ocr_line' id='line_1_19' title="bbox 371 2581 1530 2668; baseline -0.004 -20"><span class='ocrx_word' id='word_1_164' title='bbox 371 2583 415 2648; x_wconf 89' lang='lat' dir='ltr'>de</span> <span class='ocrx_word' id='word_1_165' title='bbox 445 2593 563 2648; x_wconf 85' lang='lat' dir='ltr'>natura</span> <span class='ocrx_word' id='word_1_166' title='bbox 587 2584 672 2650; x_wconf 86' lang='lat' dir='ltr'>illius</span> <span class='ocrx_word' id='word_1_167' title='bbox 696 2585 885 2650; x_wconf 84' lang='lat' dir='ltr'>reflexionis</span> <span class='ocrx_word' id='word_1_168' title='bbox 912 2595 973 2663; x_wconf 89' lang='lat' dir='ltr'>est,</span> <span class='ocrx_word' id='word_1_169' title='bbox 995 2585 1087 2668; x_wconf 89' lang='lat' dir='ltr'>quod</span> <span class='ocrx_word' id='word_1_170' title='bbox 1113 2603 1232 2668; x_wconf 87' lang='lat' dir='ltr'>perse</span> <span class='ocrx_word' id='word_1_171' title='bbox 1258 2583 1428 2666; x_wconf 86' lang='lat' dir='ltr'>loquendo</span> <span class='ocrx_word' id='word_1_172' title='bbox 1450 2581 1530 2664; x_wconf 88' lang='lat' dir='ltr'>plus</span> 
     </span>
     <span class='ocr_line' id='line_1_20' title="bbox 372 2685 1530 2772; baseline -0.006 -19"><span class='ocrx_word' id='word_1_173' title='bbox 372 2685 526 2755; x_wconf 88' lang='lat' dir='ltr'>debilitat</span> <span class='ocrx_word' id='word_1_174' title='bbox 551 2690 715 2772; x_wconf 78' lang='lat' dir='ltr'>speciem3</span> <span class='ocrx_word' id='word_1_175' title='bbox 746 2710 824 2754; x_wconf 85' lang='lat' dir='ltr'>nam</span> <span class='ocrx_word' id='word_1_176' title='bbox 851 2690 989 2753; x_wconf 90' lang='lat' dir='ltr'>omnino</span> <span class='ocrx_word' id='word_1_177' title='bbox 1018 2701 1071 2754; x_wconf 87' lang='lat' dir='ltr'>est</span> <span class='ocrx_word' id='word_1_178' title='bbox 1100 2690 1133 2753; x_wconf 90' lang='lat' dir='ltr'>in</span> <span class='ocrx_word' id='word_1_179' title='bbox 1160 2689 1361 2754; x_wconf 82' lang='lat' dir='ltr'>contrarium</span> <span class='ocrx_word' id='word_1_180' title='bbox 1387 2695 1530 2751; x_wconf 88' lang='lat' dir='ltr'>conatus</span> 
     </span>
     <span class='ocr_line' id='line_1_21' title="bbox 373 2788 1531 2875; baseline -0.003 -22"><span class='ocrx_word' id='word_1_181' title='bbox 373 2790 531 2855; x_wconf 82' lang='lat' dir='ltr'>naturalis</span> <span class='ocrx_word' id='word_1_182' title='bbox 562 2790 663 2874; x_wconf 84' lang='lat' dir='ltr'>ipsius</span> <span class='ocrx_word' id='word_1_183' title='bbox 692 2792 820 2875; x_wconf 86' lang='lat' dir='ltr'>speciei,</span> <span class='ocrx_word' id='word_1_184' title='bbox 844 2792 1002 2875; x_wconf 84' lang='lat' dir='ltr'>quoniam</span> <span class='ocrx_word' id='word_1_185' title='bbox 1031 2812 1092 2875; x_wconf 88' lang='lat' dir='ltr'>per</span> <span class='ocrx_word' id='word_1_186' title='bbox 1120 2792 1261 2855; x_wconf 87' lang='lat' dir='ltr'>eandem</span> <span class='ocrx_word' id='word_1_187' title='bbox 1291 2790 1411 2853; x_wconf 86' lang='lat' dir='ltr'>lineam</span> <span class='ocrx_word' id='word_1_188' title='bbox 1443 2788 1531 2851; x_wconf 92' lang='lat' dir='ltr'>redit</span> 
     </span>
     <span class='ocr_line' id='line_1_22' title="bbox 373 2889 1532 2977; baseline -0.004 -20"><span class='ocrx_word' id='word_1_189' title='bbox 373 2892 499 2977; x_wconf 82' lang='lat' dir='ltr'>species</span> <span class='ocrx_word' id='word_1_190' title='bbox 530 2914 631 2975; x_wconf 81' lang='lat' dir='ltr'>super</span> <span class='ocrx_word' id='word_1_191' title='bbox 665 2914 767 2977; x_wconf 85' lang='lat' dir='ltr'>quam</span> <span class='ocrx_word' id='word_1_192' title='bbox 797 2894 896 2957; x_wconf 87' lang='lat' dir='ltr'>venit.</span> <span class='ocrx_word' id='word_1_193' title='bbox 955 2893 1024 2958; x_wconf 91' lang='lat' dir='ltr'>Sed</span> <span class='ocrx_word' id='word_1_194' title='bbox 1053 2895 1190 2976; x_wconf 88' lang='lat' dir='ltr'>quando</span> <span class='ocrx_word' id='word_1_195' title='bbox 1223 2904 1276 2958; x_wconf 87' lang='lat' dir='ltr'>est</span> <span class='ocrx_word' id='word_1_196' title='bbox 1304 2893 1350 2956; x_wconf 89' lang='lat' dir='ltr'>ad</span> <span class='ocrx_word' id='word_1_197' title='bbox 1385 2889 1532 2975; x_wconf 81' lang='lat' dir='ltr'>angulos</span> 
     </span>
     <span class='ocr_line' id='line_1_23' title="bbox 374 2996 1530 3081; baseline -0.003 -20"><span class='ocrx_word' id='word_1_198' title='bbox 374 2996 537 3081; x_wconf 76' lang='lat' dir='ltr'>obliquos.</span> <span class='ocrx_word' id='word_1_199' title='bbox 553 3018 620 3062; x_wconf 89' lang='lat' dir='ltr'>non</span> <span class='ocrx_word' id='word_1_200' title='bbox 639 3010 691 3063; x_wconf 77' lang='lat' dir='ltr'>eet</span> <span class='ocrx_word' id='word_1_201' title='bbox 712 2998 848 3063; x_wconf 90' lang='lat' dir='ltr'>omnino</span> <span class='ocrx_word' id='word_1_202' title='bbox 864 2998 899 3061; x_wconf 88' lang='lat' dir='ltr'>in</span> <span class='ocrx_word' id='word_1_203' title='bbox 919 3000 1116 3063; x_wconf 85' lang='lat' dir='ltr'>contrariam</span> <span class='ocrx_word' id='word_1_204' title='bbox 1139 3010 1278 3080; x_wconf 81' lang='lat' dir='ltr'>partem,</span> <span class='ocrx_word' id='word_1_205' title='bbox 1292 2998 1354 3060; x_wconf 85' lang='lat' dir='ltr'>sed</span> <span class='ocrx_word' id='word_1_206' title='bbox 1372 3018 1394 3059; x_wconf 90' lang='lat' dir='ltr'>a</span> <span class='ocrx_word' id='word_1_207' title='bbox 1413 2996 1530 3066; x_wconf 87' lang='lat' dir='ltr'>latere,</span> 
     </span>
     <span class='ocr_line' id='line_1_24' title="bbox 375 3099 1531 3182; baseline -0.003 -17"><span class='ocrx_word' id='word_1_208' title='bbox 375 3114 409 3166; x_wconf 87' lang='lat' dir='ltr'>ct</span> <span class='ocrx_word' id='word_1_209' title='bbox 425 3100 501 3166; x_wconf 89' lang='lat' dir='ltr'>ideo</span> <span class='ocrx_word' id='word_1_210' title='bbox 511 3120 579 3171; x_wconf 84' lang='lat' dir='ltr'>non</span> <span class='ocrx_word' id='word_1_211' title='bbox 591 3112 720 3167; x_wconf 84' lang='lat' dir='ltr'>tantum</span> <span class='ocrx_word' id='word_1_212' title='bbox 732 3102 883 3166; x_wconf 87' lang='lat' dir='ltr'>debilitat</span> <span class='ocrx_word' id='word_1_213' title='bbox 898 3101 1228 3177; x_wconf 85' lang='lat' dir='ltr'>haecreflexio‚sicut</span> <span class='ocrx_word' id='word_1_214' title='bbox 1239 3102 1314 3165; x_wconf 87' lang='lat' dir='ltr'>alia.</span> <span class='ocrx_word' id='word_1_215' title='bbox 1352 3099 1531 3182; x_wconf 86' lang='lat' dir='ltr'>Quantum</span> 
     </span>
     <span class='ocr_line' id='line_1_25' title="bbox 375 3205 1532 3289; baseline -0.005 -18"><span class='ocrx_word' id='word_1_216' title='bbox 375 3218 429 3271; x_wconf 80' lang='lat' dir='ltr'>est</span> <span class='ocrx_word' id='word_1_217' title='bbox 457 3206 501 3271; x_wconf 86' lang='lat' dir='ltr'>dc</span> <span class='ocrx_word' id='word_1_218' title='bbox 536 3216 655 3271; x_wconf 85' lang='lat' dir='ltr'>natura</span> <span class='ocrx_word' id='word_1_219' title='bbox 687 3205 877 3271; x_wconf 79' lang='lat' dir='ltr'>reflexionis</span> <span class='ocrx_word' id='word_1_220' title='bbox 906 3206 992 3281; x_wconf 84' lang='lat' dir='ltr'>dico,</span> <span class='ocrx_word' id='word_1_221' title='bbox 1017 3208 1076 3271; x_wconf 82' lang='lat' dir='ltr'>scd</span> <span class='ocrx_word' id='word_1_222' title='bbox 1105 3215 1243 3289; x_wconf 90' lang='lat' dir='ltr'>propter</span> <span class='ocrx_word' id='word_1_223' title='bbox 1270 3205 1532 3287; x_wconf 80' lang='lat' dir='ltr'>geminationem</span> 
     </span>
     <span class='ocr_line' id='line_1_26' title="bbox 376 3306 1535 3392; baseline -0.006 -18"><span class='ocrx_word' id='word_1_224' title='bbox 376 3308 508 3374; x_wconf 72' lang='lat' dir='ltr'>uirtutis</span> <span class='ocrx_word' id='word_1_225' title='bbox 531 3308 564 3372; x_wconf 89' lang='lat' dir='ltr'>in</span> <span class='ocrx_word' id='word_1_226' title='bbox 587 3310 707 3373; x_wconf 86' lang='lat' dir='ltr'>eodem</span> <span class='ocrx_word' id='word_1_227' title='bbox 734 3309 820 3375; x_wconf 81' lang='lat' dir='ltr'>loco.</span> <span class='ocrx_word' id='word_1_228' title='bbox 840 3318 875 3373; x_wconf 87' lang='lat' dir='ltr'>et</span> <span class='ocrx_word' id='word_1_229' title='bbox 901 3320 1038 3392; x_wconf 87' lang='lat' dir='ltr'>propter</span> <span class='ocrx_word' id='word_1_230' title='bbox 1058 3310 1294 3390; x_wconf 84' lang='lat' dir='ltr'>aequalitatem</span> <span class='ocrx_word' id='word_1_231' title='bbox 1319 3306 1535 3388; x_wconf 84' lang='lat' dir='ltr'>angulorum,</span> 
     </span>
     <span class='ocr_line' id='line_1_27' title="bbox 376 3411 1267 3496; baseline -0.003 -17"><span class='ocrx_word' id='word_1_232' title='bbox 376 3424 412 3479; x_wconf 86' lang='lat' dir='ltr'>ct</span> <span class='ocrx_word' id='word_1_233' title='bbox 435 3414 640 3479; x_wconf 81' lang='lat' dir='ltr'>conditiones</span> <span class='ocrx_word' id='word_1_234' title='bbox 662 3411 950 3496; x_wconf 67' lang='lat' dir='ltr'>perpendicularis»,</span> <span class='ocrx_word' id='word_1_235' title='bbox 964 3411 1079 3476; x_wconf 79' lang='lat' dir='ltr'>sortior</span> <span class='ocrx_word' id='word_1_236' title='bbox 1096 3424 1148 3476; x_wconf 75' lang='lat' dir='ltr'>eet</span> <span class='ocrx_word' id='word_1_237' title='bbox 1169 3413 1267 3476; x_wconf 89' lang='lat' dir='ltr'>actio.</span> 
     </span>
    </p>

    <p class='ocr_par' dir='ltr' id='par_1_3' title="bbox 425 3515 1534 3599">
     <span class='ocr_line' id='line_1_28' title="bbox 425 3515 1534 3599; baseline -0.003 -17"><span class='ocrx_word' id='word_1_238' title='bbox 425 3518 471 3583; x_wconf 83' lang='lat' dir='ltr'>Et</span> <span class='ocrx_word' id='word_1_239' title='bbox 486 3528 599 3582; x_wconf 83' lang='lat' dir='ltr'>tamen</span> <span class='ocrx_word' id='word_1_240' title='bbox 615 3520 890 3583; x_wconf 85' lang='lat' dir='ltr'>considerandum</span> <span class='ocrx_word' id='word_1_241' title='bbox 906 3518 971 3591; x_wconf 88' lang='lat' dir='ltr'>hic,</span> <span class='ocrx_word' id='word_1_242' title='bbox 984 3518 1076 3599; x_wconf 90' lang='lat' dir='ltr'>quod</span> <span class='ocrx_word' id='word_1_243' title='bbox 1090 3536 1153 3598; x_wconf 86' lang='lat' dir='ltr'>per</span> <span class='ocrx_word' id='word_1_244' title='bbox 1170 3537 1284 3579; x_wconf 85' lang='lat' dir='ltr'>casum</span> <span class='ocrx_word' id='word_1_245' title='bbox 1304 3516 1472 3579; x_wconf 86' lang='lat' dir='ltr'>radiorum</span> <span class='ocrx_word' id='word_1_246' title='bbox 1487 3515 1534 3579; x_wconf 93' lang='lat' dir='ltr'>ad</span> 
     </span>
    </p>
   </div>
   <div class='ocr_carea' id='block_1_3' title="bbox 247 3620 1538 3705">
    <p class='ocr_par' dir='ltr' id='par_1_4' title="bbox 247 3620 1538 3705">
     <span class='ocr_line' id='line_1_29' title="bbox 247 3620 1538 3705; baseline -0.005 -17"><span class='ocrx_word' id='word_1_247' title='bbox 247 3674 264 3704; x_wconf 33' lang='grc' dir='ltr'>ς</span> <span class='ocrx_word' id='word_1_248' title='bbox 379 3624 521 3705; x_wconf 73' lang='lat' dir='ltr'>angulos</span> <span class='ocrx_word' id='word_1_249' title='bbox 535 3622 689 3705; x_wconf 81' lang='lat' dir='ltr'>obliquos</span> <span class='ocrx_word' id='word_1_250' title='bbox 703 3634 843 3704; x_wconf 60' lang='lat' dir='ltr'>peccunt</span> <span class='ocrx_word' id='word_1_251' title='bbox 857 3620 972 3702; x_wconf 89' lang='lat' dir='ltr'>plures</span> <span class='ocrx_word' id='word_1_252' title='bbox 990 3621 1070 3683; x_wconf 86' lang='lat' dir='ltr'>radii</span> <span class='ocrx_word' id='word_1_253' title='bbox 1089 3621 1282 3703; x_wconf 81' lang='lat' dir='ltr'>congregari</span> <span class='ocrx_word' id='word_1_254' title='bbox 1300 3640 1362 3701; x_wconf 87' lang='lat' dir='ltr'>per</span> <span class='ocrx_word' id='word_1_255' title='bbox 1379 3620 1538 3681; x_wconf 74' lang='lat' dir='ltr'>intersec-</span> 
     </span>
    </p>
   </div>
   <div class='ocr_carea' id='block_1_4' title="bbox 380 3723 1537 3808">
    <p class='ocr_par' dir='ltr' id='par_1_5' title="bbox 380 3723 1537 3808">
     <span class='ocr_line' id='line_1_30' title="bbox 380 3723 1537 3808; baseline -0.007 -17"><span class='ocrx_word' id='word_1_256' title='bbox 380 3728 514 3795; x_wconf 81' lang='lat' dir='ltr'>tionem.</span> <span class='ocrx_word' id='word_1_257' title='bbox 523 3746 624 3808; x_wconf 85' lang='lat' dir='ltr'>quarn</span> <span class='ocrx_word' id='word_1_258' title='bbox 640 3746 700 3807; x_wconf 89' lang='lat' dir='ltr'>per</span> <span class='ocrx_word' id='word_1_259' title='bbox 715 3728 825 3789; x_wconf 86' lang='lat' dir='ltr'>radios</span> <span class='ocrx_word' id='word_1_260' title='bbox 834 3726 993 3788; x_wconf 77' lang='lat' dir='ltr'>cadentes</span> <span class='ocrx_word' id='word_1_261' title='bbox 1002 3724 1048 3787; x_wconf 89' lang='lat' dir='ltr'>ad</span> <span class='ocrx_word' id='word_1_262' title='bbox 1058 3726 1201 3805; x_wconf 80' lang='lat' dir='ltr'>angulos</span> <span class='ocrx_word' id='word_1_263' title='bbox 1209 3738 1408 3790; x_wconf 66' lang='lat' dir='ltr'>recreanon</span> <span class='ocrx_word' id='word_1_264' title='bbox 1421 3723 1537 3786; x_wconf 86' lang='lat' dir='ltr'>solum</span> 
     </span>
    </p>
   </div>
   <div class='ocr_carea' id='block_1_5' title="bbox 207 3804 1538 3915">
    <p class='ocr_par' dir='ltr' id='par_1_6' title="bbox 207 3804 1538 3915">
     <span class='ocr_line' id='line_1_31' title="bbox 207 3804 1538 3915; baseline -0.008 -15"><span class='ocrx_word' id='word_1_265' title='bbox 207 3804 221 3900; x_wconf 51' lang='lat' dir='ltr'>l</span> <span class='ocrx_word' id='word_1_266' title='bbox 232 3804 248 3865; x_wconf 38' lang='grc' dir='ltr'>ἱ·</span> <span class='ocrx_word' id='word_1_267' title='bbox 268 3868 275 3880; x_wconf 81' lang='lat'><em>-</em></span> <span class='ocrx_word' id='word_1_268' title='bbox 380 3850 425 3894; x_wconf 79' lang='lat' dir='ltr'>cx</span> <span class='ocrx_word' id='word_1_269' title='bbox 448 3830 650 3915; x_wconf 78' lang='lat' dir='ltr'>proprietate</span> <span class='ocrx_word' id='word_1_270' title='bbox 670 3829 892 3910; x_wconf 79' lang='lat' dir='ltr'>speculorum.</span> <span class='ocrx_word' id='word_1_271' title='bbox 910 3839 948 3891; x_wconf 90' lang='lat' dir='ltr'>ut</span> <span class='ocrx_word' id='word_1_272' title='bbox 967 3829 1093 3891; x_wconf 87' lang='lat' dir='ltr'>dictum</span> <span class='ocrx_word' id='word_1_273' title='bbox 1109 3838 1171 3894; x_wconf 71' lang='lat' dir='ltr'>eet</span> <span class='ocrx_word' id='word_1_274' title='bbox 1186 3829 1247 3892; x_wconf 77' lang='lat' dir='ltr'>sed</span> <span class='ocrx_word' id='word_1_275' title='bbox 1269 3840 1407 3909; x_wconf 82' lang='lat' dir='ltr'>propter</span> <span class='ocrx_word' id='word_1_276' title='bbox 1423 3827 1538 3890; x_wconf 77' lang='lat' dir='ltr'>radios</span> 
     </span>
    </p>
   </div>
   <div class='ocr_carea' id='block_1_6' title="bbox 377 3930 1543 4741">
    <p class='ocr_par' dir='ltr' id='par_1_7' title="bbox 377 3930 1543 4741">
     <span class='ocr_line' id='line_1_32' title="bbox 379 3930 1537 4014; baseline -0.004 -15"><span class='ocrx_word' id='word_1_277' title='bbox 379 3947 591 3999; x_wconf 53' lang='lat' dir='ltr'>(accurrentes</span> <span class='ocrx_word' id='word_1_278' title='bbox 603 3934 664 3996; x_wconf 88' lang='lat' dir='ltr'>sibi</span> <span class='ocrx_word' id='word_1_279' title='bbox 685 3932 840 3995; x_wconf 82' lang='lat' dir='ltr'>intinitics</span> <span class='ocrx_word' id='word_1_280' title='bbox 853 3952 900 3994; x_wconf 85' lang='lat' dir='ltr'>ex</span> <span class='ocrx_word' id='word_1_281' title='bbox 920 3930 995 4014; x_wconf 78' lang='lat' dir='ltr'>lege</span> <span class='ocrx_word' id='word_1_282' title='bbox 1011 3932 1209 3995; x_wconf 83' lang='lat' dir='ltr'>incidentiae</span> <span class='ocrx_word' id='word_1_283' title='bbox 1227 3942 1262 3994; x_wconf 88' lang='lat' dir='ltr'>et</span> <span class='ocrx_word' id='word_1_284' title='bbox 1281 3930 1471 3994; x_wconf 70' lang='lat' dir='ltr'>reflerdonis</span> <span class='ocrx_word' id='word_1_285' title='bbox 1489 3931 1537 3994; x_wconf 85' lang='lat' dir='ltr'>ad</span> 
     </span>
     <span class='ocr_line' id='line_1_33' title="bbox 377 4036 1539 4122; baseline -0.004 -21"><span class='ocrx_word' id='word_1_286' title='bbox 377 4038 519 4122; x_wconf 53' lang='lat' dir='ltr'>rufulos</span> <span class='ocrx_word' id='word_1_287' title='bbox 533 4036 696 4119; x_wconf 79' lang='lat' dir='ltr'>obliquos.</span> <span class='ocrx_word' id='word_1_288' title='bbox 711 4036 796 4099; x_wconf 71' lang='lat' dir='ltr'>sicut</span> <span class='ocrx_word' id='word_1_289' title='bbox 816 4036 937 4098; x_wconf 86' lang='lat' dir='ltr'>aocidit</span> <span class='ocrx_word' id='word_1_290' title='bbox 955 4036 988 4097; x_wconf 84' lang='lat' dir='ltr'>in</span> <span class='ocrx_word' id='word_1_291' title='bbox 1006 4055 1093 4112; x_wconf 82' lang='lat' dir='ltr'>aere,</span> <span class='ocrx_word' id='word_1_292' title='bbox 1106 4037 1241 4118; x_wconf 87' lang='lat' dir='ltr'>quando</span> <span class='ocrx_word' id='word_1_293' title='bbox 1259 4048 1400 4118; x_wconf 82' lang='lat' dir='ltr'>propter</span> <span class='ocrx_word' id='word_1_294' title='bbox 1418 4054 1539 4098; x_wconf 73' lang='lat' dir='ltr'>oscum</span> 
     </span>
     <span class='ocr_line' id='line_1_34' title="bbox 378 4138 1539 4224; baseline -0.005 -17"><span class='ocrx_word' id='word_1_295' title='bbox 378 4141 567 4224; x_wconf 54' lang='lat' dir='ltr'>nujuuncdi</span> <span class='ocrx_word' id='word_1_296' title='bbox 600 4154 634 4203; x_wconf 81' lang='lat' dir='ltr'>ct</span> <span class='ocrx_word' id='word_1_297' title='bbox 667 4138 881 4202; x_wconf 80' lang='lat' dir='ltr'>rctlcxiouem</span> <span class='ocrx_word' id='word_1_298' title='bbox 913 4139 1111 4203; x_wconf 69' lang='lat' dir='ltr'>nitamur</span> <span class='ocrx_word' id='word_1_299' title='bbox 1141 4160 1180 4201; x_wconf 80' lang='lat' dir='ltr'>se</span> <span class='ocrx_word' id='word_1_300' title='bbox 1210 4140 1292 4203; x_wconf 88' lang='lat' dir='ltr'>radii</span> <span class='ocrx_word' id='word_1_301' title='bbox 1321 4141 1354 4201; x_wconf 84' lang='lat' dir='ltr'>ie</span> <span class='ocrx_word' id='word_1_302' title='bbox 1383 4139 1539 4220; x_wconf 79' lang='lat' dir='ltr'>quolibet</span> 
     </span>
     <span class='ocr_line' id='line_1_35' title="bbox 379 4242 1541 4330; baseline -0.004 -21"><span class='ocrx_word' id='word_1_303' title='bbox 379 4260 507 4330; x_wconf 83' lang='lat' dir='ltr'>puncto</span> <span class='ocrx_word' id='word_1_304' title='bbox 532 4242 695 4309; x_wconf 64' lang='lat' dir='ltr'>intinitica</span> <span class='ocrx_word' id='word_1_305' title='bbox 719 4256 755 4306; x_wconf 87' lang='lat' dir='ltr'>et</span> <span class='ocrx_word' id='word_1_306' title='bbox 783 4242 822 4305; x_wconf 81' lang='lat' dir='ltr'>lit</span> <span class='ocrx_word' id='word_1_307' title='bbox 846 4243 945 4305; x_wconf 78' lang='lat' dir='ltr'>calor.</span> <span class='ocrx_word' id='word_1_308' title='bbox 1002 4242 1091 4304; x_wconf 76' lang='lat' dir='ltr'>Nam</span> <span class='ocrx_word' id='word_1_309' title='bbox 1120 4244 1216 4323; x_wconf 84' lang='lat' dir='ltr'>pauci</span> <span class='ocrx_word' id='word_1_310' title='bbox 1245 4254 1324 4305; x_wconf 75' lang='lat' dir='ltr'>suut</span> <span class='ocrx_word' id='word_1_311' title='bbox 1352 4243 1541 4305; x_wconf 81' lang='lat' dir='ltr'>inddcntes</span> 
     </span>
     <span class='ocr_line' id='line_1_36' title="bbox 379 4346 1541 4435; baseline -0.003 -24"><span class='ocrx_word' id='word_1_312' title='bbox 379 4348 693 4435; x_wconf 46' lang='lat' dir='ltr'>perpendiculariter</span> <span class='ocrx_word' id='word_1_313' title='bbox 720 4367 822 4427; x_wconf 76' lang='lat' dir='ltr'>super</span> <span class='ocrx_word' id='word_1_314' title='bbox 848 4346 995 4427; x_wconf 80' lang='lat' dir='ltr'>aliquam</span> <span class='ocrx_word' id='word_1_315' title='bbox 1024 4366 1106 4414; x_wconf 67' lang='lat' dir='ltr'>rma.</span> <span class='ocrx_word' id='word_1_316' title='bbox 1126 4348 1205 4426; x_wconf 81' lang='lat' dir='ltr'>quia</span> <span class='ocrx_word' id='word_1_317' title='bbox 1227 4367 1296 4409; x_wconf 84' lang='lat' dir='ltr'>non</span> <span class='ocrx_word' id='word_1_318' title='bbox 1317 4347 1378 4409; x_wconf 80' lang='lat' dir='ltr'>nisi</span> <span class='ocrx_word' id='word_1_319' title='bbox 1399 4346 1447 4409; x_wconf 82' lang='lat' dir='ltr'>ab</span> <span class='ocrx_word' id='word_1_320' title='bbox 1467 4366 1541 4409; x_wconf 80' lang='lat' dir='ltr'>uno</span> 
     </span>
     <span class='ocr_line' id='line_1_37' title="bbox 379 4450 1541 4539; baseline -0.005 -20"><span class='ocrx_word' id='word_1_321' title='bbox 379 4470 505 4539; x_wconf 71' lang='lat' dir='ltr'>punc-to</span> <span class='ocrx_word' id='word_1_322' title='bbox 523 4450 653 4534; x_wconf 44' lang='lat' dir='ltr'>gerentis</span> <span class='ocrx_word' id='word_1_323' title='bbox 671 4452 760 4515; x_wconf 80' lang='lat' dir='ltr'>radit</span> <span class='ocrx_word' id='word_1_324' title='bbox 781 4470 868 4512; x_wconf 76' lang='lat' dir='ltr'>unias</span> <span class='ocrx_word' id='word_1_325' title='bbox 886 4451 1166 4531; x_wconf 63' lang='lat' dir='ltr'>perpendicularis</span> <span class='ocrx_word' id='word_1_326' title='bbox 1181 4451 1228 4513; x_wconf 81' lang='lat' dir='ltr'>ad</span> <span class='ocrx_word' id='word_1_327' title='bbox 1247 4470 1351 4512; x_wconf 86' lang='lat' dir='ltr'>unum</span> <span class='ocrx_word' id='word_1_328' title='bbox 1372 4463 1541 4533; x_wconf 83' lang='lat' dir='ltr'>punctum</span> 
     </span>
     <span class='ocr_line' id='line_1_38' title="bbox 380 4551 1543 4643; baseline -0.006 -22"><span class='ocrx_word' id='word_1_329' title='bbox 380 4558 547 4643; x_wconf 51' lang='lat' dir='ltr'>prienam.</span> <span class='ocrx_word' id='word_1_330' title='bbox 559 4572 595 4619; x_wconf 84' lang='lat' dir='ltr'>et</span> <span class='ocrx_word' id='word_1_331' title='bbox 610 4556 686 4619; x_wconf 82' lang='lat' dir='ltr'>ideo</span> <span class='ocrx_word' id='word_1_332' title='bbox 699 4568 778 4617; x_wconf 78' lang='lat' dir='ltr'>sum</span> <span class='ocrx_word' id='word_1_333' title='bbox 792 4555 891 4635; x_wconf 82' lang='lat' dir='ltr'>pauci</span> <span class='ocrx_word' id='word_1_334' title='bbox 910 4552 1036 4615; x_wconf 70' lang='lat' dir='ltr'>reflexi.</span> <span class='ocrx_word' id='word_1_335' title='bbox 1079 4551 1149 4616; x_wconf 77' lang='lat' dir='ltr'>Sed</span> <span class='ocrx_word' id='word_1_336' title='bbox 1171 4552 1287 4615; x_wconf 79' lang='lat' dir='ltr'>infiniti</span> <span class='ocrx_word' id='word_1_337' title='bbox 1307 4574 1374 4615; x_wconf 82' lang='lat' dir='ltr'>noo</span> <span class='ocrx_word' id='word_1_338' title='bbox 1393 4574 1543 4636; x_wconf 77' lang='lat' dir='ltr'>perpen-</span> 
     </span>
     <span class='ocr_line' id='line_1_39' title="bbox 381 4656 1543 4741; baseline -0.004 -14"><span class='ocrx_word' id='word_1_339' title='bbox 381 4662 546 4729; x_wconf 63' lang='lat' dir='ltr'>cicutam</span> <span class='ocrx_word' id='word_1_340' title='bbox 568 4674 696 4725; x_wconf 63' lang='lat' dir='ltr'>exuam</span> <span class='ocrx_word' id='word_1_341' title='bbox 717 4678 739 4721; x_wconf 93' lang='lat' dir='ltr'>a</span> <span class='ocrx_word' id='word_1_342' title='bbox 759 4658 910 4741; x_wconf 63' lang='lat' dir='ltr'>quorun</span> <span class='ocrx_word' id='word_1_343' title='bbox 928 4672 1055 4737; x_wconf 65' lang='lat' dir='ltr'>pundo</span> <span class='ocrx_word' id='word_1_344' title='bbox 1072 4659 1213 4739; x_wconf 72' lang='lat' dir='ltr'>agentis,</span> <span class='ocrx_word' id='word_1_345' title='bbox 1229 4671 1265 4722; x_wconf 84' lang='lat' dir='ltr'>ct</span> <span class='ocrx_word' id='word_1_346' title='bbox 1284 4656 1403 4721; x_wconf 68' lang='lat' dir='ltr'>innam</span> <span class='ocrx_word' id='word_1_347' title='bbox 1420 4657 1543 4722; x_wconf 72' lang='lat' dir='ltr'>reflexi</span> 
     </span>
    </p>
   </div>
   <div class='ocr_carea' id='block_1_7' title="bbox 0 0 1821 5375">
    <p class='ocr_par' dir='ltr' id='par_1_8' title="bbox 0 0 1821 5375">
     <span class='ocr_line' id='line_1_40' title="bbox 0 0 1821 5375; baseline 0 0"><span class='ocrx_word' id='word_1_348' title='bbox 0 0 1821 5375; x_wconf 95' lang='lat' dir='ltr'> </span> 
     </span>
    </p>
   </div>
  </div>
 </body>
</html>
