3575 5375
592 622 853 682 LINGUARUM
875 622 1086 682 COGNITIO.
1375 640 1417 702 93

265 786 457 861 salutamus,
474 787 630 862 dicentes,
645 785 722 849 Ave
739 786 846 849 Maria
863 786 971 869 gratia
994 785 1092 868 plena
1113 786 1279 851 Dominus
1293 798 1415 865 tecum,

268 892 408 955 multum
424 903 512 957 esset
527 891 746 955 necessarium
761 890 804 956 ad
819 890 1024 955 intellectum
1047 911 1196 955 veracem
1219 902 1253 957 et
1268 893 1414 957 intellec·

266 1007 340 1060 tum
354 1007 392 1060 ut
407 997 546 1080 quilibet
562 996 725 1061 litteratus
738 996 836 1060 sciret
851 1016 984 1060 sensum
996 996 1167 1073 vocabuli;
1191 1006 1224 1061 et
1240 998 1415 1079 praecipue

266 1121 342 1165 cum
359 1102 454 1165 multi
470 1103 683 1166 aestimantes
699 1102 782 1165 scire
797 1101 831 1163 in
846 1099 911 1164 hoc
932 1102 1096 1165 oberrent.
1142 1101 1265 1165 Mirum
1282 1102 1416 1184 quidem

266 1206 464 1270 vocabulum
495 1215 547 1270 est
575 1205 712 1283 Maron,
742 1213 777 1269 et
806 1204 974 1287 siguificat
1000 1204 1168 1269 dominum
1194 1226 1214 1269 a
1236 1226 1304 1288 quo
1327 1207 1416 1271 venit

268 1310 396 1387 Maria,
411 1320 445 1374 et
459 1311 549 1375 idem
565 1322 615 1374 est
635 1311 726 1392 quod
747 1310 964 1389 dominatrix,
980 1322 1017 1373 ut
1031 1310 1113 1373 dicit
1134 1310 1361 1392 Hieronymus
1383 1312 1415 1373 in

268 1414 604 1497 interpretationibus.
650 1414 696 1478 Et
705 1413 768 1478 hoc
778 1412 876 1477 valde
885 1414 1047 1497 competit
1058 1414 1267 1478 beatissimae
1276 1415 1415 1499 Virgini,

268 1539 354 1601 quae
369 1519 560 1584 dominatur
574 1539 674 1601 supra
688 1538 823 1583 omnem
839 1518 1085 1581 immunditiam
1102 1518 1228 1599 peccati
1244 1520 1416 1601 expellen-

268 1623 347 1688 dam
370 1645 390 1686 a
411 1624 509 1688 nobis
531 1634 566 1688 et
587 1622 772 1687 diabolicae
794 1622 919 1687 fraudis
935 1633 968 1686 et
984 1622 1160 1705 nequitiae,
1175 1625 1253 1706 quia
1273 1624 1346 1707 ipsa
1366 1634 1417 1688 est

269 1728 423 1791 terribilis
439 1737 578 1809 peccato
593 1737 628 1791 et
643 1727 685 1791 de
698 1728 844 1791 moribus
854 1727 941 1791 sicut
952 1738 1134 1791 castrorum
1151 1730 1237 1793 acies
1253 1728 1416 1792 ordinata.

270 1831 365 1896 Haec
393 1852 473 1897 vero
501 1832 732 1914 interpretatio
761 1842 813 1896 est
841 1832 1040 1913 peritissima
1079 1840 1112 1895 et
1141 1833 1211 1896 sine
1241 1833 1417 1897 calumnia.

271 1935 360 2000 Dicit
371 1946 483 2000 autem
497 1937 723 2018 Hieronymus
732 1936 822 2019 quod
833 1935 928 1999 multi
942 1936 1200 2001 aestimaverunt
1210 1938 1417 2020 interpretari

270 2086 279 2103 .
301 2087 309 2101 .
333 2088 342 2104 .
365 2088 373 2103 .
395 2041 485 2123 quod
511 2040 582 2123 ipse
606 2061 673 2105 non
691 2041 807 2122 recipit
828 2050 862 2104 et
884 2040 967 2104 dicit
985 2042 1076 2122 quod
1098 2041 1198 2103 debet
1220 2041 1285 2104 dici
1312 2040 1419 2106 Stella

270 2144 384 2215 Maris.
416 2145 469 2208 vel
499 2165 648 2209 amarum
678 2165 768 2209 mare
790 2144 972 2208 secundum
998 2144 1200 2209 Hebraicam
1224 2146 1418 2228 interpreta-

269 2250 404 2312 tionem.
450 2248 497 2313 Et
526 2270 603 2313 vere
638 2250 759 2314 dicitur
787 2248 895 2313 Stella
926 2248 1030 2312 Maris
1060 2258 1097 2311 ut
1127 2269 1187 2311 nos
1216 2249 1339 2331 dirigat
1375 2249 1417 2313 ad

270 2364 404 2436 portum
419 2353 545 2427 salutis,
562 2366 596 2417 et
610 2352 776 2417 Amarum
800 2354 895 2416 Mare
915 2354 993 2435 quia
1009 2352 1042 2415 in
1060 2353 1151 2417 omni
1168 2363 1363 2436 paupertate
1381 2363 1415 2417 et

269 2458 489 2522 amaritudine
502 2458 678 2541 temporali
702 2457 788 2521 vixit
809 2458 842 2521 in
862 2456 927 2521 hoc
946 2458 1081 2531 mundo,
1097 2467 1130 2522 et
1151 2458 1253 2540 ipsius
1273 2458 1416 2521 animam

270 2563 482 2644 pertransivit
496 2562 608 2645 gladio
624 2564 656 2626 in
672 2573 780 2626 morte
796 2561 880 2637 Filii,
893 2572 930 2626 ut
945 2562 989 2626 sit
1004 2562 1099 2626 nobis
1109 2562 1299 2645 exemplum
1310 2564 1418 2627 omnis

270 2666 452 2750 patientiae
481 2676 516 2732 et
546 2665 752 2732 consolatrix
787 2667 820 2731 in
851 2668 1005 2731 omnibus
1035 2666 1290 2734 adversitatibus
1318 2666 1417 2751 hujus

272 2771 397 2836 mundi.
444 2772 589 2836 Necesse
611 2783 662 2837 est
695 2793 775 2856 ergo
807 2772 905 2836 nobis
938 2772 970 2835 in
992 2772 1146 2837 omnibus
1168 2771 1360 2855 psalmodiis
1381 2783 1418 2837 et

270 2876 551 2941 obsecrationibus
572 2877 693 2940 nostris
714 2885 752 2940 ut
773 2876 916 2941 sciamus
937 2887 1026 2941 recte
1042 2897 1226 2960 proponere
1247 2887 1281 2941 et
1297 2877 1417 2942 intelli-

269 3001 348 3064 gere
377 3001 590 3064 quaecunque
620 2990 654 3044 et
687 2981 788 3063 juxta
817 2983 993 3045 verborum
1029 2983 1265 3066 proprietatem
1295 2985 1414 3048 devote

271 3095 400 3149 nostras
421 3085 598 3168 petitiones
620 3106 746 3162 sonare,
769 3094 807 3148 ut
827 3086 920 3168 quod
945 3096 1033 3150 recte
1059 3095 1093 3151 et
1115 3087 1236 3152 devote
1264 3089 1419 3169 petimus,

272 3188 337 3252 Dei
359 3198 394 3253 et
415 3198 604 3255 sanctorum
626 3190 784 3272 pietatem
807 3200 841 3254 et
863 3190 982 3254 merita
998 3189 1154 3255 ecclesiae
1169 3210 1418 3273 consequamur.

273 3291 339 3358 Sed
356 3293 420 3358 hoc
434 3313 501 3356 non
516 3313 693 3377 possumus
703 3293 808 3358 facere
823 3293 895 3357 sine
907 3295 1025 3358 notitia
1036 3295 1274 3359 vocabulorum
1286 3294 1419 3359 alterius

271 3396 412 3482 linguae.
458 3396 505 3462 Et
521 3399 596 3463 ideo
619 3398 761 3462 multum
782 3399 922 3481 expedit
944 3407 979 3461 et
1002 3397 1222 3462 necessarium
1238 3407 1287 3461 est
1304 3408 1341 3462 ut
1356 3398 1418 3462 hoc

271 3501 423 3567 sciamus

317 3605 472 3671 Secunda
494 3625 592 3670 causa
613 3608 776 3690 estquod
801 3605 972 3670 Ecclesiae
996 3605 1177 3671 necessaria
1201 3615 1252 3672 est
1273 3606 1421 3690 cognitio
1435 3627 1474 3690 (ι)
1488 3627 1578 3676 sorex-

272 3709 460 3792 linguarum
506 3720 643 3794 propter
679 3719 887 3775 sacramenta
924 3722 959 3775 et
995 3711 1271 3777 consecrationes.
1330 3713 1418 3776 Nam
1434 3694 1564 3810 fflfflff

272 3814 414 3879 intentio
443 3815 624 3879 necessaria
654 3825 706 3879 est
735 3825 952 3892 sacramento,
974 3825 1012 3880 ut
1041 3814 1189 3901 theologi
1212 3817 1328 3881 sciunt.
1376 3817 1421 3882 Et
1435 3834 1515 3875 ments
1526 3824 1575 3872 and

273 3918 492 3983 intentionem
521 3917 689 4000 praecedit
723 3917 909 3984 intellectus
938 3928 973 3983 et
1007 3920 1127 3984 notitia
1162 3921 1208 3984 rei
1241 3921 1420 3986 faciendae.
1434 3907 1561 4018 ffim'

273 4022 320 4086 Et
335 4023 411 4086 ideo
426 4041 634 4104 peromnem
650 4023 786 4086 modum
804 4024 979 4107 expediret
995 4023 1165 4089 Ecclesiae
1179 4035 1216 4089 ut
1231 4027 1420 4092 sacerdotes

273 4136 308 4191 et
322 4125 461 4210 praelati
480 4126 593 4190 omnia
607 4125 769 4191 vocabula
787 4125 1021 4191 sacrificiorum
1036 4137 1071 4192 et
1091 4140 1370 4195 sacramentorum
1385 4142 1419 4195 et

273 4233 556 4296 consecrationum
590 4231 710 4295 scirent
744 4241 833 4296 recte
866 4230 1012 4315 prolerre
1046 4244 1081 4298 et
1111 4233 1303 4316 intelligere,
1336 4235 1420 4300 sicut

273 4354 294 4398 a
329 4336 492 4418 principio
529 4335 612 4399 sacri
650 4345 684 4399 et
717 4337 839 4399 summi
873 4336 1048 4418 pontifices
1084 4347 1118 4401 et
1161 4358 1278 4402 omnes
1314 4340 1419 4403 sancti

273 4449 386 4523 patres
409 4449 443 4503 et
461 4439 666 4505 institutores
687 4440 844 4504 ordinum
865 4441 1159 4506 ecclesiasticorum
1179 4443 1423 4508 constituerunt

273 4552 307 4606 et
328 4544 494 4607 sciverunt
514 4543 657 4626 qualiter
672 4545 706 4607 in
723 4545 832 4610 verbis
853 4556 888 4610 et
908 4547 1059 4611 sensibus
1079 4547 1236 4628 mysteria
1258 4545 1321 4608 Dei
1343 4566 1422 4609 con·

215 4649 218 4655 '
273 4646 437 4714 sisterent
482 4647 583 4713 Unde
613 4648 800 4732 incipiendo
830 4670 852 4713 a
881 4650 995 4733 primis
1023 4660 1060 4714 ut
1087 4649 1131 4714 ab
1163 4649 1357 4714 exorcismis
1388 4661 1421 4716 et
