3575 5375
367 615 425 677 194
586 603 741 661 opanrs
765 603 828 662 MA
826 603 953 674 Jonrs
977 604 1092 662 Pras
1117 602 1300 677 Qunam.

364 764 556 830 abbreviata
580 777 630 831 est
651 767 720 831 vita
742 766 884 832 hominis
904 778 940 832 ut
958 767 1002 831 ad
1020 768 1164 850 aliquem
1187 765 1366 831 terminum
1389 760 1515 827 veniret

364 868 452 934 ultra
481 890 580 953 quem
612 891 678 934 non
709 871 885 954 contingat
915 873 1073 949 transire3
1108 870 1187 953 quia
1216 869 1364 934 omniurn
1396 876 1517 929 natura

366 975 587 1038 constantium
611 984 661 1038 est
683 975 768 1039 ratio
791 985 825 1040 et
845 975 1014 1052 terminus,
1035 984 1073 1038 ut
1094 973 1296 1038 Aristoteles
1315 970 1396 1044 vult,
1414 987 1516 1051 quem

364 1079 542 1142 terminum
565 1079 661 1162 ponit
684 1079 843 1161 scriptura
866 1079 997 1143 circiter
1016 1079 1188 1162 octoginta
1210 1097 1316 1142 annos
1338 1077 1372 1138 in
1392 1074 1516 1155 vigore,

365 1183 423 1246 sed
450 1181 594 1265 amplius
616 1192 667 1247 est
689 1183 783 1247 labor
806 1195 841 1247 et
862 1183 968 1248 dolor.
1014 1183 1081 1248 Sed
1102 1183 1173 1265 jam
1194 1189 1323 1246 tactum
1350 1187 1411 1251 est,
1433 1195 1516 1258 quo·

365 1287 469 1350 modo
498 1297 612 1352 contra
645 1285 727 1351 haec
757 1287 918 1370 objiciunt
950 1288 1005 1351 alii
1037 1286 1272 1351 mathematici.
1319 1284 1366 1346 Et
1396 1300 1517 1363 magna

364 1390 544 1472 disputatio
560 1402 610 1455 est
626 1390 700 1468 hic;
725 1402 759 1455 et
775 1391 884 1454 forsan
901 1393 1084 1456 invenietur
1098 1393 1188 1474 quod
1205 1386 1382 1455 declinatio
1397 1383 1518 1449 aetatis

364 1514 430 1558 non
448 1506 499 1558 est
513 1515 571 1577 per
587 1515 751 1560 recessum
766 1517 787 1559 a
802 1495 890 1559 bona
914 1497 1027 1558 mundi
1051 1495 1268 1577 dispositione
1289 1494 1322 1556 in
1344 1487 1516 1575 principio,

364 1597 423 1662 sed
456 1599 501 1661 ob
525 1598 607 1662 alias
630 1619 746 1664 causas
770 1600 1015 1677 determinatas,
1040 1609 1077 1662 ut
1104 1620 1165 1663 suo
1191 1598 1266 1662 loco
1292 1595 1428 1660 inferius
1456 1612 1518 1655 ex·

365 1712 515 1784 ponetur.

199 1801 304 1852 1'2200f
411 1805 457 1869 Et
480 1816 599 1889 quarto
622 1828 753 1871 necesse
778 1818 828 1872 est
855 1807 1053 1891 principium
1080 1808 1157 1871 anni
1184 1803 1355 1871 certificari
1381 1808 1519 1885 propter

198 1868 295 1930 ueluge.
367 1909 537 1974 diluvium.
569 1910 667 1990 Nam,
684 1922 719 1976 ut
734 1913 815 1977 dicit
830 1912 1007 1996 Josephus,
1021 1912 1183 1977 diluvium
1198 1911 1261 1974 luit
1275 1911 1309 1972 in
1323 1903 1520 1971 Novembri.

369 2013 459 2079 Dicit
485 2015 573 2078 enim
604 2015 685 2080 haec
715 2018 824 2092 verba,
852 2017 1024 2099 ‘Contigit
1055 2027 1167 2081 autem
1193 2016 1276 2080 haec
1301 2013 1413 2098 passio
1439 2027 1520 2073 sex·

367 2119 547 2183 centesimo
562 2141 649 2184 anno
670 2121 851 2186 nativitatis
867 2122 974 2198 Noae,
992 2141 1104 2186 mense
1121 2121 1277 2198 secundo,
1292 2117 1350 2201 qui
1371 2136 1392 2179 a
1408 2114 1520 2177 Mace

367 2221 508 2287 donibus
539 2222 622 2287 Dios
653 2235 868 2308 nuncupatur,
902 2226 945 2289 ab
977 2225 1143 2289 Hebraeis
1172 2234 1285 2287 autem
1318 2212 1520 2283 Maresvan.'

368 2325 435 2390 Sed
452 2327 546 2404 Dios,
562 2339 599 2392 ut
621 2329 700 2393 dicit
723 2329 816 2393 Beda
838 2329 923 2394 libro
946 2340 1146 2413 temporum,
1162 2339 1213 2393 est
1232 2324 1436 2399 November,
1451 2339 1521 2384 non

368 2429 489 2509 Maius,
510 2441 547 2494 ut
576 2432 695 2516 vulgus
725 2435 880 2498 aestimat
905 2433 1150 2516 theologorum,
1172 2442 1206 2497 et
1238 2432 1314 2495 ideo
1342 2429 1522 2492 Maresvan

368 2543 417 2597 est
431 2533 631 2611 November,
642 2537 726 2600 sicut
742 2537 830 2600 idem
844 2537 936 2602 Beda
946 2538 1038 2600 dicit.
1072 2537 1119 2600 Et
1135 2545 1187 2599 est
1201 2535 1370 2599 secundus
1385 2529 1523 2606 mensis,

367 2637 443 2720 quia
461 2635 610 2702 October
628 2648 680 2703 est
697 2640 822 2722 primus
842 2641 877 2704 in
898 2640 1039 2705 naturali
1056 2641 1173 2705 ordine
1188 2637 1358 2721 temporis,
1375 2646 1412 2699 ut
1429 2634 1522 2717 prius

368 2740 543 2822 probatum
560 2752 619 2805 est.
652 2743 751 2807 Unde
767 2745 858 2809 Beda
871 2745 960 2821 dicit,
971 2746 1097 2809 Tisseri
1112 2746 1210 2820 enim,
1222 2744 1281 2826 qui
1296 2753 1348 2807 est
1361 2740 1523 2815 October,

369 2843 427 2924 qui
443 2843 617 2907 Maresvan
638 2848 812 2929 praecedit,
828 2861 963 2931 propter
981 2850 1211 2914 collectionem
1233 2848 1367 2929 frugum
1382 2854 1417 2908 et
1433 2842 1523 2906 cele·

368 2944 528 3009 berrimas
544 2945 746 3027 festivitates,
762 2961 795 3014 et
811 2952 898 3016 hunc
914 2953 1036 3019 Tisseri
1055 2972 1179 3020 novum
1200 2971 1328 3016 annum
1346 2946 1524 3032 appellant

371 3046 526 3115 Hebraei.
572 3049 627 3115 Sic
660 3054 749 3115 enim
781 3054 944 3139 Aegypto
978 3058 1011 3120 in
1045 3077 1168 3120 annum
1198 3055 1454 3125 constituerunt,
1484 3058 1525 3113 ut

369 3152 501 3231 Tisseri,
523 3155 556 3218 id
594 3166 644 3219 est
675 3156 831 3237 October,
861 3168 948 3223 esset
987 3161 1184 3243 principium
1221 3160 1308 3223 anni.
1365 3157 1412 3220 Et
1446 3154 1525 3218 ideo

371 3256 528 3338 magister
542 3259 575 3321 in
591 3258 754 3324 historiis¹
771 3271 805 3326 et
817 3262 953 3343 quidam
969 3263 1172 3346 glossatores
1192 3282 1262 3326 non
1280 3260 1526 3325 intellexeruut

369 3358 562 3442 josephum,
588 3382 663 3425 cum
693 3366 871 3429 credebant
898 3368 989 3448 quod
1017 3367 1102 3430 Dios
1132 3377 1166 3431 et
1198 3367 1380 3430 Maresvau
1411 3371 1526 3426 essent

369 3460 486 3527 Maius.
531 3464 578 3528 Et
600 3467 674 3529 ideo
700 3487 814 3531 omnes
839 3481 1014 3551 sequentes
1038 3491 1098 3535 eos
1119 3470 1253 3553 decepti
1279 3478 1358 3533 sunt
1386 3475 1527 3551 propter

371 3562 498 3627 Graeca
526 3575 560 3629 et
587 3567 750 3633 Hebraica
772 3572 934 3634 vocabula
960 3574 1125 3636 mensium
1154 3573 1364 3637 Graecorum
1390 3580 1425 3634 et
1450 3569 1527 3632 He·

370 3665 553 3740 braeorum,
566 3689 651 3749 quae
665 3691 731 3734 non
744 3673 984 3748 intellexerunt,
998 3684 1036 3739 ut
1048 3676 1264 3740 manifestum
1278 3687 1330 3740 est
1343 3673 1529 3757 inquirenti

371 3785 484 3830 eorum
500 3770 699 3852 opinionem,
709 3776 765 3855 qui
780 3777 923 3856 probant
939 3779 1134 3861 principium
1150 3781 1227 3844 anni
1244 3790 1279 3843 et
1291 3778 1408 3842 mundi
1424 3778 1530 3839 fuisse

371 3869 496 3933 circiter
523 3875 766 3954 aequinoctium
796 3880 871 3942 anni
901 3881 1103 3946 autumnale.
1148 3884 1195 3947 Et
1231 3883 1309 3946 ideo
1341 3882 1398 3945 hic
1435 3880 1531 3945 cadit

371 3973 486 4035 eadem
502 3976 714 4057 perplexitas,
729 4000 813 4062 quae
829 3984 929 4064 prius.
963 3984 1065 4049 Unde
1080 4005 1215 4049 necesse
1230 3997 1293 4063 est,
1308 3995 1346 4049 ut
1361 3984 1531 4048 diluvium

371 4072 467 4137 luerit
489 4076 521 4138 in
545 4077 735 4159 Novembri,
759 4087 939 4149 secundum
967 4089 1057 4169 quod
1083 4090 1266 4172 probatum
1293 4100 1347 4152 est
1373 4089 1534 4171 superius

370 4184 502 4261 tempus
529 4182 717 4247 naturaliter
743 4186 885 4270 incipere
910 4191 954 4253 ab
987 4191 1136 4256 Octobri.
1183 4192 1231 4256 Et
1261 4192 1436 4275 Josephus
1462 4191 1534 4256 hoc

404 4342 411 4371 ¹
427 4343 489 4393 This
506 4346 528 4395 ia
545 4346 623 4395 Peter
638 4348 774 4399 comestor
792 4354 846 4415 (the
864 4355 992 4404 devourer
1007 4358 1037 4407 ol
1056 4360 1162 4423 books),
1179 4362 1276 4410 author
1294 4362 1325 4409 of
1346 4362 1394 4410 the
1411 4360 1537 4409 Historia
1688 4326 1690 4409 l

371 4418 527 4481 suntuna,
536 4425 586 4471 and
595 4428 738 4488 commonly
747 4429 828 4477 called
837 4430 1144 4493 MaguurHetonamm.
1166 4436 1226 4488 The
1234 4440 1353 4488 Histania
1362 4439 1538 4498 Scholoeh'ca,
1688 4410 1689 4456 l

372 4498 496 4557 compiled
508 4500 533 4547 in
542 4501 586 4548 the
598 4503 674 4551 latter
684 4504 739 4552 hall
747 4506 776 4553 oi
784 4507 829 4554 the
840 4508 940 4557 nvelnh
951 4520 1069 4578 century,
1079 4514 1186 4565 hemme
1198 4517 1244 4566 the
1256 4517 1381 4568 clmical
1390 4518 1538 4567 text-book

372 4570 411 4620 lor
423 4572 527 4623 Biblical
539 4578 662 4633 studente.
