3575 5375
389 636 740 696 MATHEMATICAE
762 638 814 696 IN
835 638 1038 699 PHYSICIS
1065 639 1273 700 UTILITAS.
1349 656 1404 700 101

254 813 378 880 debent
396 836 469 879 esse
489 814 646 880 sublimes
665 826 699 881 et
719 817 840 893 decori,
857 826 892 884 et
914 818 990 883 ideo
1010 839 1085 883 cum
1107 829 1225 883 ornatu
1246 819 1407 903 prosaico,

255 930 289 982 et
312 920 461 996 metrico,
479 929 513 983 et
536 921 725 1003 rhythmico
747 923 903 1006 insigniti,
927 923 1108 988 secundum
1133 926 1224 1006 quod
1248 924 1408 1005 competit

255 1021 330 1087 loco
345 1033 378 1086 et
394 1024 537 1106 tempori
557 1036 590 1090 et
611 1026 761 1108 personis
781 1036 815 1090 et
836 1028 995 1091 materiae
1015 1028 1058 1091 de
1077 1048 1144 1110 qua
1165 1028 1208 1092 sit
1230 1030 1406 1110 persuasio,

256 1127 303 1190 Et
318 1127 364 1192 sic
384 1129 498 1193 docuit
513 1127 713 1195 Aristoteles
733 1132 767 1193 in
789 1131 873 1195 libro
896 1152 958 1196 suo
980 1131 1022 1195 de
1045 1132 1178 1214 poetico
1201 1142 1408 1217 argumento,

256 1252 356 1314 quem
366 1251 432 1297 non
443 1254 543 1298 ausus
554 1234 617 1300 suit
626 1236 786 1317 interpres
798 1235 1010 1299 Hermannus
1022 1236 1196 1301 transferre
1206 1236 1238 1299 in
1250 1237 1407 1300 Latinum

255 1346 392 1418 propter
416 1347 595 1403 metrorum
618 1338 854 1418 difficultatem,
873 1360 974 1423 quam
999 1360 1064 1404 non
1086 1340 1262 1418 intellexit,
1279 1349 1315 1404 ut
1337 1340 1408 1424 ipse

257 1441 336 1504 dicit
351 1442 383 1503 in
400 1442 540 1526 prologo
551 1444 777 1507 commentarii
794 1443 949 1508 Averrois
964 1464 1064 1527 super
1078 1444 1170 1508 illum
1187 1444 1316 1508 librum.
1363 1444 1409 1507 Et

257 1544 333 1607 ideo
348 1544 421 1608 finis
437 1546 563 1629 logicae
574 1550 696 1631 pendet
709 1570 753 1611 ex
765 1549 898 1612 musica.
945 1547 1012 1613 Sed
1025 1546 1097 1611 finis
1108 1556 1159 1612 est
1172 1548 1408 1613 nobilissimum

257 1648 290 1711 in
313 1670 357 1719 re.
375 1659 408 1713 et
431 1651 571 1734 imponit
587 1653 813 1716 necessitatem
829 1653 875 1717 eis
896 1672 982 1736 quae
997 1663 1073 1717 sunt
1088 1654 1131 1717 ad
1155 1651 1317 1731 tinemut
1332 1650 1408 1715 Ari-

258 1753 395 1817 stoteles
410 1756 486 1818 dicit
502 1756 535 1818 in
550 1758 695 1820 secundo
711 1757 888 1838 Physicae;
912 1778 972 1821 nec
988 1756 1113 1821 habent
1125 1757 1299 1822 utilitatem
1315 1777 1408 1820 suam

258 1876 398 1940 eaquae
413 1859 606 1923 naturaliter
625 1862 819 1925 ordinantur
833 1863 876 1927 ad
892 1860 1003 1937 finem,
1018 1861 1077 1924 nisi
1093 1862 1228 1944 quando
1248 1861 1290 1924 ad
1309 1859 1408 1924 finem

258 1981 354 2024 suum
370 1974 615 2046 comparantur,
631 1975 668 2028 ut
683 1974 776 2049 patet
790 1966 823 2029 in
844 1966 987 2048 singulis.
1034 1965 1079 2028 Et
1097 1966 1174 2028 ideo
1193 1973 1265 2028 tota
1287 1964 1410 2029 utilitas

259 2064 385 2151 logicae
400 2068 545 2132 nascitur
560 2087 605 2131 ex
620 2071 868 2154 comparatione
879 2068 1066 2152 logicalium
1079 2070 1226 2131 omnium
1239 2068 1281 2132 ad
1298 2067 1410 2151 hujus·

258 2170 350 2234 modi
379 2182 582 2254 argumenta,
613 2182 646 2236 et
675 2175 751 2238 ideo
781 2195 856 2237 cum
888 2174 1096 2256 dependeant
1126 2193 1171 2236 ex
1201 2172 1410 2236 musicalibus

259 2295 392 2340 necesse
406 2287 457 2340 est
478 2276 618 2360 logicam
637 2279 824 2344 mendicare
844 2287 1045 2362 potestatem
1067 2277 1218 2341 musicae.
1264 2275 1309 2341 Et
1327 2276 1409 2339 haec

258 2394 366 2450 Toledo.
382 2396 409 2444 in
429 2396 474 2446 the
491 2397 592 2447 twelsth
613 2406 730 2461 century.
764 2399 794 2447 ln
814 2399 859 2447 the
879 2397 1015 2460 following
1034 2406 1144 2459 century
1165 2396 1331 2446 Hermannus
1350 2394 1411 2445 Ale·

260 2490 370 2525 mannus
391 2476 531 2526 translated
548 2476 697 2527 Aristotle's
713 2478 830 2527 Rheton'c
845 2478 911 2526 irom
929 2478 974 2526 the
991 2476 1094 2539 Arabic,
1113 2477 1165 2526 and
1182 2476 1248 2524 with
1270 2476 1290 2523 it
1313 2475 1409 2525 certain

259 2555 458 2603 commentaries
474 2556 504 2603 oi
515 2556 694 2618 Alpharabius
729 2557 841 2606 ‘Omnia
857 2555 945 2618 enim,'
962 2557 996 2605 he
1013 2571 1083 2617 says,
1100 2554 1140 2603 ‘in
1158 2555 1231 2617 gloss
1247 2568 1327 2615 super
1343 2554 1412 2603 hunc

259 2635 350 2684 librum
371 2634 498 2696 exquisite
518 2634 661 2685 Alianabius
681 2635 862 2699 pertractavit'
898 2635 1031 2685 Hermann
1052 2635 1183 2694 observes,
1201 2634 1332 2690 however,
1357 2633 1412 2682 that

261 2713 420 2762 ‘Aliarabius
439 2715 518 2763 multa
534 2716 653 2778 exempla
665 2716 765 2765 Graeca
780 2723 887 2780 propter
905 2717 1019 2778 ipsorum
1037 2714 1218 2764 obscuritatem
1235 2713 1412 2776 pertransiens

263 2792 434 2854 derelinquit'
478 2793 534 2842 The
550 2793 643 2843 Arabio
660 2795 763 2844 version
782 2795 813 2844 oi
825 2793 973 2844 Aristotle's
990 2793 1085 2842 Poetr'cr
1107 2807 1193 2842 seems
1211 2798 1240 2840 to
1259 2792 1326 2840 have
1343 2791 1411 2840 been

261 2874 335 2920 made
352 2879 399 2920 not
409 2872 444 2933 by
454 2870 599 2922 Aliarabius
616 2872 660 2922 but
676 2875 711 2935 by
726 2873 863 2924 Averroes
899 2873 1033 2923 Hermann
1050 2873 1166 2922 remarks
1182 2887 1216 2920 on
1234 2872 1279 2920 the
1296 2877 1413 2920 extreme

262 2951 386 3012 difficulty
398 2951 427 2998 oi
440 2952 579 3013 rendering
592 2952 642 3001 this
653 2953 759 3001 version
774 2953 829 3001 into
842 2953 927 3012 Latin,
940 2954 1062 3015 ‘propter
1078 2949 1324 3000 disconvenientiam
1343 2948 1413 2997 modi

260 3029 430 3079 metrificandi
439 3029 466 3078 in
476 3029 576 3079 Graeco
587 3045 645 3078 cum
654 3031 731 3079 modo
741 3031 909 3081 metrificandi
922 3032 947 3079 in
958 3031 1075 3089 Arabico,
1083 3037 1110 3078 et
1118 3037 1224 3093 propter
1233 3028 1412 3078 vocabulorum

262 3109 454 3168 obscuritatem,
465 3117 493 3158 et
504 3109 593 3171 plurea
603 3109 667 3158 alias
678 3110 786 3160 causas!

293 3189 466 3252 Alpharabius
477 3188 561 3238 isone
573 3187 604 3236 oi
617 3189 661 3236 the
671 3189 779 3237 authors
790 3187 936 3247 (Aristode,
947 3188 1087 3247 Avicenna,
1099 3187 1150 3235 and
1162 3185 1268 3248 Algazel
1280 3185 1358 3246 being
1369 3184 1413 3232 the

262 3268 362 3331 others)
380 3268 445 3316 t'rom
463 3267 550 3316 whom
569 3265 651 3315 David
669 3267 714 3315 the
729 3267 791 3326 Jew
807 3267 935 3328 compiled
955 3267 1001 3316 the
1018 3265 1091 3314 work
1108 3265 1146 3314 De
1164 3264 1261 3323 Carens,
1280 3262 1312 3312 ol
1326 3263 1414 3311 which

262 3347 384 3396 Albertus
401 3345 512 3406 Magnus
527 3345 600 3406 gives
615 3361 632 3394 a
646 3345 709 3407 long
724 3345 891 3406 description,
905 3346 956 3393 and
972 3345 1058 3393 which
1074 3343 1096 3392 is
1114 3343 1180 3392 cited
1196 3342 1258 3391 both
1274 3342 1311 3403 by
1324 3340 1413 3390 Bacon

263 3425 315 3475 and
342 3425 378 3486 by
404 3423 518 3472 ihomas
543 3423 665 3484 Aquinas
708 3424 761 3473 See
782 3422 918 3484 Jourdain,
941 3438 984 3485 pp.
1007 3437 1061 3482 rra,
1087 3423 1208 3482 138-145.
1233 3421 1326 3481 184—5;
1357 3419 1413 3468 also

261 3502 454 3561 Wuestenfeld,
474 3501 610 3551 Gesclrr‘chte
630 3500 675 3551 der
691 3502 846 3552 Ambr'sclurr
860 3502 953 3549 Aerste
971 3500 1027 3549 und
1043 3499 1235 3560 Natudorscher
1250 3498 1415 3562 (Gottingen,

264 3584 348 3644 1840).

294 3661 351 3710 The
370 3661 446 3709 short
468 3659 581 3722 treatise,
600 3659 639 3708 De
660 3658 782 3719 Sa'entir's,
800 3658 822 3707 is
840 3657 994 3718 interesting
1016 3657 1106 3705 forits
1129 3654 1342 3718 comprehensive
1363 3655 1414 3703 and

261 3738 461 3802 encyclopaedic
471 3752 565 3799 survey
577 3738 607 3786 oi
620 3737 736 3788 Science.
772 3738 796 3786 lt
806 3737 920 3786 consists
931 3736 960 3784 oi
974 3735 1022 3784 five
1040 3735 1167 3797 chapters.
1205 3750 1227 3785 1.
1243 3733 1284 3782 De
1300 3732 1415 3782 Scientia

262 3819 379 3880 Linguae
402 3823 429 3864 et
451 3816 566 3878 partibus
583 3818 647 3878 ejus.
679 3832 703 3866 a.
722 3816 763 3864 De
781 3815 897 3865 Scientia
920 3815 1032 3876 Logicae
1049 3821 1076 3862 et
1094 3813 1209 3875 partibus
1226 3813 1290 3874 eius.
1324 3825 1348 3873 3.
1373 3812 1414 3860 De

262 3897 385 3948 Scientiis
402 3895 593 3952 doctrinalibus,
608 3911 675 3956 quae
690 3904 752 3944 sunt
769 3894 927 3952 Geometria,
945 3893 1122 3952 Arithmetica,
1135 3891 1249 3941 Scientia
1267 3892 1300 3941 de
1317 3891 1414 3954 Asper·

262 3976 340 4036 tibus,
352 3973 468 4024 Scientia
483 3974 616 4023 stellarum
634 3973 792 4034 doctrinalis,
807 3972 922 4022 Scientia
934 3971 1058 4030 Musicae,
1071 3970 1186 4021 Scientia
1198 3971 1231 4018 de
1244 3969 1413 4032 Ponderibus,

262 4055 378 4105 Scientia
400 4054 434 4102 de
457 4051 581 4114 ingeniis.
616 4069 640 4114 4
661 4052 702 4101 De
725 4051 841 4102 Scientia
857 4051 967 4100 naturali
985 4059 1012 4100 et
1029 4050 1142 4112 partibus
1160 4050 1232 4110 ejus:
1255 4057 1282 4098 et
1300 4047 1416 4097 Scientia

263 4134 350 4184 divina
367 4139 394 4182 et
409 4131 526 4195 partibus
542 4133 605 4192 ejus.
639 4145 665 4192 5.
683 4129 724 4178 De
739 4130 854 4180 Scientia
868 4129 936 4179 civili
954 4136 980 4178 et
997 4129 1113 4191 partibus
1129 4129 1193 4190 ejus,
1207 4135 1233 4177 et
1250 4127 1283 4176 de
1301 4126 1417 4176 Scientia

259 4213 402 4276 judicandi,
414 4219 441 4261 et
453 4213 486 4260 de
496 4209 610 4261 Scientia
620 4208 766 4272 eloquendi.

298 4292 363 4341 tite
374 4291 472 4354 Bacon,
484 4289 600 4339 Aliarabi
613 4288 730 4337 includes
745 4285 858 4336 rhetoric
871 4285 923 4334 and
939 4284 1024 4347 poetic
1042 4299 1071 4333 as
1081 4291 1152 4346 parts
1165 4283 1194 4332 oi
1207 4283 1294 4345 Logic.
1327 4283 1415 4356 the·

263 4372 346 4421 torica
357 4377 444 4419 movet
454 4370 566 4418 animum
579 4367 704 4417 auditoris
715 4373 743 4415 et
754 4365 861 4414 inclinat
870 4365 903 4412 ad
920 4363 981 4411 illud
995 4363 1064 4425 quod
1079 4363 1198 4422 voluen‘t,
1210 4368 1238 4410 ut
1254 4361 1375 4410 credatur
1389 4360 1417 4409 id

263 4451 333 4511 quod
349 4450 412 4500 dicit
428 4457 456 4499 et
472 4455 582 4511 generet
597 4448 624 4496 in
639 4462 673 4496 eo
686 4445 860 4508 cognitionem
876 4443 1019 4506 proximam
1037 4441 1193 4492 certitudini.
1228 4439 1362 4502 Proprium
1376 4447 1417 4488 ert

262 4537 349 4578 autem
359 4527 483 4578 Poeticae
493 4525 655 4576 sermonibus
669 4539 774 4573 sensum
791 4523 878 4571 iacere
889 4521 1023 4583 imaginari
1035 4521 1148 4582 pulcrum
1165 4518 1261 4580 aliquid
1273 4525 1300 4566 et
1311 4517 1417 4566 dubium

263 4607 333 4668 quod
345 4622 399 4655 non
410 4612 459 4665 est,
472 4605 507 4654 ita
518 4611 547 4653 ut
558 4605 660 4653 auditor
670 4604 760 4653 credat
771 4609 798 4650 et
808 4599 905 4662 aliquid
917 4600 1054 4648 abhorreat
1064 4599 1106 4647 vel
1118 4603 1223 4660 appetat
1234 4632 1241 4646 .
1256 4632 1264 4647 .
1277 4634 1283 4646 .
1295 4595 1417 4658 quoniam

264 4684 416 4748 imaginatio
426 4683 486 4747 plus
497 4691 619 4746 operatur
628 4682 654 4731 in
665 4681 771 4731 homine
782 4694 859 4742 quam
870 4679 979 4728 scientia
989 4677 1031 4728 vel
1042 4673 1172 4740 cognitio!
