3575 5375
704 550 988 610 ASYROLOGIA.
1357 565 1416 627 401

266 713 333 797 regi
353 712 543 792 transmisit,
565 716 656 795 quod
686 714 937 796 quatuordecim
963 713 1065 778 millia
1086 713 1301 777 Tartarorum
1326 713 1417 777 devi-

266 829 380 881 cerunt
399 817 583 882 Soldanum
604 819 756 894 Turkiae,
779 819 835 901 qui
858 817 975 882 habuit
997 838 1109 882 secum
1132 818 1292 881 ducentos
1317 817 1419 881 millia

266 923 415 1003 equitum
447 923 517 985 siue
544 923 719 1004 peditibus.
775 921 840 986 Sed
869 922 933 985 hoc
959 920 1065 985 facere
1089 942 1154 984 non
1179 931 1333 1003 poterant
1360 941 1420 1002 per

267 1027 448 1108 potentiam
462 1026 616 1102 bellandi,
629 1039 665 1089 ut
679 1027 813 1110 planum
825 1038 885 1102 est,
901 1035 934 1090 et
951 1028 1025 1090 ideo
1041 1046 1100 1108 per
1115 1047 1215 1109 opera
1230 1025 1421 1109 sapientiae,

267 1140 300 1192 et
317 1133 462 1194 maxime
478 1152 538 1215 per
559 1131 805 1206 astronomiam,
828 1151 894 1212 qua
919 1129 1117 1213 profitentur
1138 1151 1175 1193 se
1198 1131 1266 1214 regi
1288 1140 1323 1193 et
1345 1130 1419 1193 duci

269 1235 300 1296 in
323 1236 486 1298 omnibus.
533 1235 691 1300 Similiter
708 1235 863 1299 Saraceni
885 1234 1028 1298 multum
1051 1243 1189 1298 utuntur
1208 1233 1421 1310 astronomia,

268 1349 301 1401 et
317 1339 425 1402 sciunt
440 1340 605 1420 sapientes
622 1341 778 1402 intereos
795 1339 901 1403 lacere
915 1339 997 1402 haec
1018 1359 1128 1421 opera.
1174 1338 1220 1400 Et
1235 1338 1420 1400 timendum

269 1455 318 1505 cst
340 1443 439 1507 valde
460 1446 549 1524 quod
574 1444 702 1508 Tartari
726 1453 758 1507 et
783 1442 939 1508 Saraceni
965 1443 999 1504 in
1024 1444 1092 1505 suis
1117 1442 1304 1525 regionibus
1330 1462 1421 1506 com-

269 1559 436 1611 morantes
473 1548 515 1611 ad
554 1547 759 1612 Christianos
798 1550 933 1611 mittant
970 1533 1130 1622 homines,
1163 1547 1284 1627 quibus
1321 1565 1422 1627 opera

268 1651 490 1714 astronomiae
521 1651 695 1716 conficiant
725 1653 768 1716 ad
797 1647 1067 1715 inlor‘tunandum
1099 1662 1133 1714 et
1159 1651 1202 1713 ad
1232 1650 1421 1733 ponendum

264 1755 450 1818 discordias
484 1755 569 1819 inter
602 1757 775 1839 principes,
805 1757 884 1836 quia
922 1756 966 1818 ad
996 1754 1058 1817 hoc
1094 1755 1241 1817 maxime
1275 1753 1424 1816 nituntur

269 1857 389 1921 inimici
407 1857 677 1934 Christianorum,
694 1871 730 1922 ut
747 1871 874 1942 ponant
890 1861 972 1921 inter
987 1879 1044 1922 eos
1059 1858 1146 1921 bella
1163 1867 1196 1920 et
1212 1857 1403 1921 discordias.

312 1962 402 2025 Nam
433 1962 537 2026 multa
563 1963 651 2026 sacta
677 1973 754 2026 sunt
781 1962 982 2045 hujusmodi,
1010 1962 1085 2024 licet
1113 1961 1293 2025 multitudo
1322 1962 1423 2025 stulta
1437 1977 1524 2025 Proots
1536 1976 1565 2022 or

271 2085 337 2129 non
365 2066 551 2128 consideret
577 2067 666 2130 unde
690 2067 853 2130 accidant.
901 2067 1027 2129 Forsan
1050 2066 1179 2129 vidistis
1205 2075 1264 2128 aut
1287 2066 1424 2129 audistis
1436 2041 1592 2157 ffffgef

270 2189 331 2250 pro
349 2179 439 2232 certo
457 2172 546 2251 quod
566 2173 655 2252 pueri
676 2171 718 2234 de
738 2190 841 2253 regno
858 2171 1015 2233 Franciae
1038 2170 1140 2233 semel
1158 2169 1371 2233 occurrebant
1391 2170 1423 2231 in
1438 2174 1555 2234 νηπύτιε·

271 2271 399 2335 infinita
431 2273 642 2337 multitudine
669 2285 745 2356 post
772 2275 940 2357 quendam
967 2274 1149 2356 malignum
1177 2274 1355 2349 hominem,
1378 2275 1426 2336 ita

271 2377 360 2458 quod
387 2397 447 2439 nec
476 2398 497 2440 a
526 2378 674 2460 patribus
705 2397 764 2440 nec
795 2398 816 2440 a
847 2379 1006 2441 matribus
1036 2399 1096 2440 nec
1123 2379 1241 2440 amicis
1271 2386 1426 2459 poterant

272 2481 419 2554 detineri,
442 2491 475 2544 et
501 2481 600 2562 positi
626 2492 702 2545 sunt
729 2483 760 2544 in
793 2483 933 2546 navibus
958 2492 992 2544 et
1017 2481 1189 2546 Saracenis
1212 2481 1358 2556 venditi;
1391 2491 1425 2544 et

273 2603 339 2648 non
364 2594 441 2648 sunt
467 2585 575 2647 adhuc
601 2597 745 2666 quatuor
774 2597 808 2649 et
834 2586 1010 2669 sexaginta
1040 2584 1152 2648 anni¹.
1209 2585 1367 2650 Similiter
1391 2585 1425 2647 in

273 2690 481 2771 temporibus
507 2690 627 2753 nostris
658 2693 815 2775 magister
844 2691 960 2755 Pastor
986 2701 1093 2754 totam
1123 2692 1361 2754 Alemanniam
1392 2700 1426 2753 et

275 2794 449 2856 Franciam
465 2795 654 2891 commgvit,
664 2805 696 2858 et
712 2796 854 2860 cucurrit
869 2807 945 2878 post
961 2816 1036 2859 eum
1054 2795 1233 2859 multitudo
1244 2795 1427 2869 hominurn,

274 2908 309 2961 et
330 2898 473 2980 gratiam
495 2898 612 2962 habuit
635 2920 745 2964 coram
770 2909 843 2964 toto
867 2902 968 2983 vulgo
990 2900 1150 2965 laicorum
1176 2902 1208 2962 in
1231 2909 1427 2982 contemptu

275 3001 352 3065 cleri
376 3012 410 3066 et
431 3002 589 3066 ecclesiae
604 3003 840 3068 confusionem.
892 3004 938 3067 Et
952 3005 1038 3068 dixit
1056 3003 1221 3066 Dominae
1238 3002 1427 3080 Blanchiae,

276 3105 366 3187 quod
388 3105 449 3168 iret
467 3106 510 3168 ad
533 3105 635 3169 filium
657 3128 751 3171 suum
774 3107 861 3171 ultra
877 3128 979 3183 mare,
993 3108 1115 3170 talibus
1130 3107 1238 3171 verbis
1254 3107 1429 3191 sapientis·

277 3212 395 3272 simam
408 3210 575 3272 mulierem
591 3212 768 3294 decipiens.
814 3212 891 3275 Non
907 3213 1062 3275 dubitent
1076 3212 1253 3293 sapientes,
1268 3211 1349 3293 quin
1365 3210 1428 3293 ipsi

278 3312 410 3376 suerunt
425 3314 530 3375 nuntii
543 3314 755 3377 Tartarorum
773 3326 830 3379 aut
842 3314 1093 3392 Saracenorum,
1102 3325 1137 3378 et
1147 3316 1227 3396 quin
1244 3316 1428 3380 habuerunt

278 3417 389 3498 aliqua
415 3437 517 3499 opera
539 3418 626 3481 unde
648 3419 851 3483 fascinabant
875 3419 1018 3502 plebem.
1065 3420 1110 3482 Et
1131 3420 1198 3482 vidi
1222 3440 1297 3483 cum
1324 3418 1429 3482 oculis

280 3521 362 3584 meis
378 3530 510 3602 portare
524 3531 677 3602 patenter
692 3524 723 3585 in
742 3544 840 3587 manu
856 3545 916 3587 sua
927 3525 1085 3605 quiddam
1102 3532 1259 3604 tanquam
1276 3533 1362 3587 esset
1377 3542 1429 3586 res

313 3724 320 3753 ¹
340 3724 462 3775 Matthew
483 3725 555 3774 Paris
571 3726 665 3775 relates
682 3727 735 3776 this
755 3730 839 3776 under
854 3728 899 3776 the
915 3744 979 3789 year
998 3743 1067 3789 1213.
1087 3744 1119 3790 5⁴
1136 3744 1213 3789 years
1231 3728 1319 3777 before
1343 3728 1429 3777 Bacon

281 3808 373 3852 wrote.
406 3802 463 3851 The
481 3804 625 3867 Shepherd,
644 3820 675 3854 or
691 3806 779 3854 leader
795 3805 825 3854 os
838 3805 992 3869 shepherds.
1011 3807 1042 3854 ol
1055 3807 1141 3854 whom
1159 3806 1246 3855 Bacon
1263 3822 1327 3867 goes
1343 3823 1378 3855 on
1401 3814 1430 3855 to

280 3881 361 3943 spealr
372 3896 435 3943 was,
449 3883 589 3944 according
602 3890 631 3933 to
649 3883 774 3933 Matthew
792 3884 871 3947 Paris,
889 3900 905 3932 a
918 3885 1047 3945 renegade
1063 3884 1223 3946 Hungarian,
1236 3885 1308 3946 who,
1323 3884 1350 3933 in
1367 3899 1428 3946 1²51

281 3960 405 4021 gathered
417 3961 499 4009 round
512 3961 564 4009 him
576 3968 665 4023 troops
677 3962 708 4010 ol
714 3961 861 4023 shepherds
871 3962 923 4010 and
940 3962 1015 4009 other
1031 3977 1096 4023 poor
1106 3961 1201 4023 people
1211 3962 1325 4022 offering
1335 3970 1361 4011 to
1372 3963 1430 4011 lead

282 4039 353 4085 rhem
371 4048 398 4086 to
413 4040 458 4087 the
471 4038 543 4101 Holy
556 4039 636 4099 Laud,
648 4039 793 4102 prolessing
810 4047 837 4089 to
855 4041 922 4088 have
937 4055 953 4087 a
969 4041 1089 4088 mandate
1108 4040 1148 4087 lor
1163 4040 1219 4088 that
1236 4055 1349 4102 purpose
1366 4040 1431 4089 from

282 4117 326 4164 the
338 4115 436 4177 Virgin.
474 4118 596 4167 ‘Addidit
610 4118 686 4166 fidem
699 4118 774 4167 dictis
787 4119 841 4167 suis
856 4118 1006 4179 eloquentia
1022 4126 1048 4166 et
1063 4132 1155 4165 manus
1168 4132 1231 4166 suae
1246 4117 1431 4167 indissolubilis

283 4195 407 4255 clausura,
417 4195 442 4242 in
452 4211 502 4257 qua
513 4210 542 4245 se
551 4196 674 4245 mentitus
682 4204 722 4244 est
731 4196 822 4245 beatae
829 4196 944 4257 Virginis
953 4196 1073 4244 habuisse
1081 4196 1221 4244 chartulam
1231 4203 1258 4244 et
1266 4195 1432 4246 mandatum!

284 4273 327 4321 lle
338 4287 424 4321 seems
435 4280 462 4322 to
474 4274 541 4322 have
553 4275 668 4336 imposed
679 4289 750 4336 upon
765 4274 881 4323 Blanche
897 4275 942 4322 the
953 4282 1151 4335 queen-regent,
1170 4272 1234 4321 until
1251 4288 1267 4321 a
1285 4273 1432 4336 disordeny

282 4351 368 4399 attach
384 4352 459 4400 made
474 4352 563 4413 hythe
581 4351 670 4401 leader
686 4352 738 4400 and
755 4352 796 4399 his
813 4351 947 4400 followers
963 4366 1034 4413 upon
1052 4351 1163 4400 Orleans
1179 4350 1338 4400 undeceived
1355 4350 1431 4400 those

283 4431 346 4477 who
357 4430 408 4477 had
421 4430 570 4492 previously
579 4430 679 4478 trusted
690 4430 750 4479 him.
784 4428 849 4478 This
856 4430 982 4491 impostor
990 4430 1040 4477 had
1052 4437 1107 4478 two
1114 4444 1270 4478 successors.
1306 4428 1432 4477 hlattbew

284 4506 358 4556 Paris
373 4508 491 4571 thought,
508 4507 558 4558 like
576 4508 671 4571 Bacon,
686 4508 740 4557 that
758 4508 821 4569 they
835 4522 908 4557 were
925 4508 1071 4557 emissaries
1088 4509 1153 4557 lrom
1170 4509 1215 4557 the
1233 4508 1432 4558 hlahommedan

282 4600 364 4649 camp.

325 4678 405 4730 von
423 4678 446 4730 1.
819 4681 845 4731 u
861 4667 883 4731 d
