3575 5375
382 611 443 692 346
605 616 761 674 OPERIS
787 614 974 686 MAJORIS
999 617 1113 676 PARS
1138 617 1322 690 QUARTA.

383 779 470 844 inter
485 779 650 843 Libanum
670 790 704 844 ct
728 779 912 862 Tripolim3
935 791 969 845 et
988 781 1053 845 alia
1076 781 1148 862 ejus
1171 802 1246 864 pars
1271 778 1462 864 principalis
1485 786 1539 840 est

385 881 482 966 Syria
507 884 673 961 Damasci,
689 905 776 966 quae
798 884 912 950 civitas
936 885 1121 950 Damascus
1142 896 1305 968 quantum
1328 884 1372 948 ad
1395 901 1537 964 regnum

384 988 501 1070 Syriae
517 989 602 1052 inter
615 989 822 1072 Euphratem
838 998 871 1053 et
888 999 1036 1054 montem
1053 989 1217 1053 Libanum
1233 1009 1339 1071 usque
1354 989 1397 1053 ad
1413 998 1540 1051 terram

384 1092 614 1158 Hebraeorum
630 1095 812 1158 vocabatur
827 1103 928 1176 caput
942 1093 1067 1175 Syriae.
1113 1094 1246 1157 Nomen
1259 1093 1348 1156 enim
1366 1092 1487 1174 Syriae
1503 1091 1539 1152 in

383 1206 535 1281 tempore
550 1217 666 1280 regum
684 1197 784 1262 lsrael
801 1199 1045 1262 attribuebatur
1062 1197 1230 1262 Damasco
1249 1208 1284 1260 et
1303 1196 1429 1278 regioni
1455 1195 1538 1276 ejus.

385 1300 481 1365 Haec
525 1303 626 1382 igitur
671 1301 839 1384 provincia
885 1301 1002 1384 Syriae
1047 1303 1221 1366 Phoenicis
1266 1302 1368 1364 habet
1413 1309 1540 1362 terram

386 1404 617 1470 Hebraeorum
640 1427 661 1469 a
684 1407 818 1470 meridie
852 1418 885 1470 ct
919 1416 1042 1471 terram
1067 1406 1337 1480 Philistinorum;
1367 1405 1426 1468 sed
1451 1413 1542 1468 terra

385 1509 633 1574 Philistinorum
657 1509 772 1592 incipit
799 1532 819 1574 a
841 1509 963 1575 finibus
980 1509 1166 1575 Aconensis
1192 1510 1348 1575 territorii
1370 1508 1540 1589 usquead

382 1613 553 1677 turbidum
589 1613 724 1676 fluvium
755 1613 920 1697 Aegypti,
949 1622 983 1676 et
1020 1615 1203 1696 antiquitus
1239 1613 1435 1678 continebat
1472 1612 1543 1675 sere

383 1725 490 1780 totam
507 1725 629 1780 terram
645 1716 848 1796 Judaeorum
863 1719 947 1780 citra
963 1717 1154 1800 Jordanem.

428 1819 516 1903 Quia
538 1830 649 1884 tamen
670 1820 788 1901 ludaei
812 1820 915 1886 multa
937 1822 1146 1904 occupabant
1168 1822 1211 1885 de
1234 1821 1368 1904 regione
1391 1818 1541 1883 Philisti-

384 1944 502 1989 norum
525 1935 559 1988 et
586 1925 800 1989 coarctabant
829 1947 885 1989 eos
916 1927 949 1988 in
980 1927 1168 1989 civitatibus
1197 1925 1382 2003 maritimis,
1413 1923 1541 1987 scilicet

386 2027 558 2107 Caesarea,
573 2028 694 2112 Joppe,
709 2030 887 2109 Ascalone,
903 2040 937 2095 et
961 2029 1063 2109 Gaza,
1078 2040 1113 2093 et
1136 2029 1294 2105 caeteris3
1317 2029 1395 2092 ideo
1418 2029 1542 2092 distin·

384 2133 551 2217 guendum
574 2146 623 2199 est
647 2133 701 2198 hic
731 2136 820 2217 quod
845 2133 928 2198 citra
958 2134 1139 2215 Jordanem
1174 2142 1251 2198 sunt
1286 2143 1354 2196 tres
1385 2132 1541 2214 regiones

384 2237 583 2322 principales
612 2238 821 2319 Judaeorum,
851 2237 973 2303 scilicet
1018 2238 1178 2316 Galilaea,
1209 2237 1375 2314 Samaria,
1406 2235 1541 2318 Judaea

384 2341 572 2424 specialiter
597 2342 697 2418 dicta,
730 2343 912 2406 secundum
945 2345 1035 2426 quod
1066 2343 1127 2404 xix
1158 2341 1323 2405 Matthaei
1353 2341 1477 2404 dicitur
1507 2340 1542 2401 in

381 2446 502 2529 glossa.
542 2448 661 2512 Omnis
676 2447 878 2531 Judaeorum
892 2448 1061 2530 provincia
1076 2449 1119 2511 ad
1134 2446 1383 2511 distinctionem
1399 2445 1541 2508 aliarum

383 2552 532 2634 gentium
555 2552 683 2632 Judaea
710 2553 838 2630 dicitur,
862 2552 920 2616 sed
947 2550 1135 2635 specialiter
1162 2551 1343 2614 meridiana
1372 2550 1483 2631 plaga,
1508 2550 1542 2611 in

383 2674 451 2736 qua
469 2656 713 2739 Hierosolyma,
729 2657 771 2720 ad
795 2655 1016 2721 differentiam
1039 2655 1218 2733 Samariae,
1234 2653 1414 2728 Galilaeae,
1431 2655 1542 2717 Deca-

384 2759 469 2839 polis
495 2769 528 2823 et
560 2772 762 2824 caeterarum
792 2762 964 2844 regionum
995 2760 1145 2842 ejusdem
1178 2760 1379 2844 provinciae.
1442 2758 1542 2821 Hanc

382 2870 495 2927 autem
532 2872 651 2927 terram
682 2864 885 2945 Judaeorum
916 2875 1021 2930 totam
1053 2874 1144 2928 trans
1177 2863 1358 2944 Jordanem
1392 2872 1426 2925 et
1458 2862 1543 2925 citra

382 2966 548 3050 Josephus
564 2968 597 3030 in
613 2968 847 3049 antiquitatum
868 2968 951 3032 libro
965 2969 1140 3050 distinguit
1156 2968 1189 3030 in
1205 2978 1317 3050 partes
1336 2977 1370 3030 et
1386 2966 1520 3030 ordinat
1536 2989 1544 3040 ;

383 3091 482 3153 quem
517 3080 650 3135 secutus
680 3083 730 3135 est
766 3072 979 3155 Hegesippus
1008 3073 1110 3135 tertio
1141 3072 1234 3147 libro,
1263 3082 1298 3134 et
1331 3071 1472 3152 exponit
1502 3090 1544 3134 ea

383 3195 469 3257 quae
499 3177 670 3240 obscurius
696 3177 785 3257 apud
815 3174 1000 3257 Josephum
1031 3176 1246 3257 reperiuntur.
1307 3175 1397 3238 Tota
1427 3183 1543 3238 autem

382 3281 475 3362 regio
502 3291 593 3344 trans
616 3279 797 3360 Jordanem
821 3289 959 3343 vocatur
978 3280 1021 3342 ab
1044 3279 1092 3343 eis
1116 3279 1207 3342 Pera.
1253 3278 1446 3361 Longitudo
1470 3278 1544 3359 ejus

381 3406 402 3449 a
427 3384 642 3447 Macheronte
665 3404 763 3467 super
786 3403 877 3447 mare
901 3382 1074 3446 Mortuum
1097 3382 1266 3464 usquead
1289 3381 1415 3445 Pellam
1436 3401 1544 3465 prope

384 3488 580 3553 Caesaream
593 3486 735 3570 Philippi
747 3496 780 3550 et
797 3496 945 3550 montem
960 3484 1126 3561 Hermon3
1150 3486 1293 3549 latitudo
1305 3486 1379 3567 ejus
1394 3506 1415 3548 a
1432 3487 1544 3548 Phila·

384 3592 518 3673 delphia
541 3592 710 3674 usquead
734 3591 924 3672 Jordanem.
979 3590 1074 3652 Duas
1099 3610 1178 3653 vero
1205 3598 1318 3672 partes
1342 3588 1545 3672 principales

384 3696 568 3757 invenimus
588 3695 621 3757 in
643 3714 705 3769 ea3
735 3715 799 3757 una
823 3703 874 3756 est
899 3693 1076 3774 Decapolis
1099 3694 1192 3773 regio
1218 3694 1395 3757 continens
1424 3694 1543 3759 decem

385 3798 544 3873 civitates,
560 3816 700 3879 quarum
716 3818 780 3860 una
797 3808 847 3861 est
863 3796 964 3873 Pella,
979 3808 1017 3861 ut
1032 3797 1115 3861 dicit
1136 3798 1269 3873 Plinius,
1286 3809 1321 3861 et
1343 3808 1498 3862 caeterae
1513 3799 1545 3861 ei

385 3921 537 3964 annexae
552 3904 595 3966 ad
613 3901 781 3963 meridiem
799 3899 918 3962 Libani
938 3909 972 3963 et
986 3898 1174 3964 Antilibani
1194 3901 1380 3964 secundum
1398 3902 1544 3965 Plinium

385 4024 499 4067 versus
513 4002 786 4084 Philadelphiam,
798 4022 899 4084 quam
916 4004 1064 4086 cingunt,
1075 4012 1112 4065 ut
1128 4004 1216 4081 dicit,
1228 4003 1315 4067 duae
1332 4006 1545 4082 tetrarchiae,

385 4106 510 4170 scilicet
523 4106 649 4170 Paneas
661 4127 718 4170 seu
730 4105 893 4169 Caesarea
907 4106 1048 4189 Philippi
1065 4107 1108 4169 ab
1120 4106 1294 4171 occidente
1305 4118 1341 4171 et
1353 4107 1546 4172 Traconitis

386 4211 479 4294 regio
494 4230 514 4272 a
530 4210 664 4274 meridie
679 4228 779 4291 super
793 4208 984 4292 Jordanem.
1032 4210 1078 4271 Et
1094 4210 1168 4272 ideo
1184 4210 1366 4292 Decapolis
1387 4214 1471 4277 haec
1493 4224 1547 4278 est

386 4336 490 4397 prope
515 4314 679 4377 Libanum
703 4322 737 4376 et
764 4311 961 4376 Caesaream
993 4312 1146 4396 Philippi,
1177 4324 1211 4376 et
1239 4313 1390 4397 jungitur
1421 4315 1547 4380 finibus

387 4417 469 4499 Tyri
492 4427 525 4480 et
545 4415 688 4497 Sidonis,
703 4415 882 4480 secundum
899 4416 988 4495 quod
1006 4416 1111 4478 Marci
1130 4418 1185 4479 viii
1199 4417 1364 4495 habetur;
1393 4420 1548 4486 ‘Exiens

387 4520 484 4601 Jesus
499 4520 542 4583 de
565 4520 685 4583 finibus
703 4518 786 4600 Tyri
805 4517 896 4580 venit
919 4538 978 4599 per
1000 4518 1161 4582 Sidonem
1185 4522 1228 4583 ad
1255 4541 1348 4585 mare
1372 4522 1548 4590 Galilaeae

388 4624 474 4685 inter
499 4624 624 4687 medios
649 4624 730 4687 fines
753 4618 981 4702 Decapoleos.'
1028 4621 1073 4685 Et
1094 4622 1278 4704 posthanc
1300 4626 1344 4689 ad
1368 4627 1546 4693 meridiem
