3575 5375
360 631 417 692 150
574 618 728 676 OPERIS
753 617 942 688 MAJORIS
966 617 1081 676 PARS
1105 613 1289 688 QUARTA.

188 797 339 845 morespaoe
359 796 460 841 unum
480 798 538 860 per
552 800 588 843 se
605 781 759 863 positum,
776 781 853 863 quia
875 790 1000 862 puncto
1023 779 1139 843 addito
1162 786 1285 860 puncto
1307 792 1374 836 non
1393 767 1514 832 crescit

188 847 247 895 Μ
260 863 314 896 ⁰⁰²¹
358 882 534 963 quantitas,
560 895 594 948 et
621 883 696 948 ideo
727 893 866 966 possunt
891 903 1060 947 remanere
1089 882 1219 946 diversa
1248 887 1371 963 puncta
1397 874 1431 936 in
1453 889 1514 934 ex-

357 987 581 1052 tremitatibus
602 989 741 1052 duarum
758 987 918 1052 linearum
939 985 1037 1051 simul
1055 986 1243 1067 junctarum
1264 985 1297 1045 in
1318 974 1515 1060 corporibus

359 1091 490 1153 duobus
520 1092 590 1156 sine
621 1093 742 1171 medi0,
767 1093 921 1174 quamvis
950 1091 993 1154 ad
1023 1110 1125 1153 unum
1157 1096 1317 1171 punctum
1350 1084 1384 1146 iu
1413 1079 1515 1142 tertio

359 1212 497 1277 corpore
518 1196 743 1260 terminentur.
790 1191 856 1261 Sed
879 1195 959 1259 siin
980 1195 1043 1258 illis
1061 1193 1255 1274 corporibus
1275 1188 1373 1252 simul
1391 1181 1517 1268 junctis

361 1297 525 1361 ducantur
540 1300 626 1363 duae
641 1301 748 1363 lineae
760 1301 804 1364 ab
815 1299 878 1363 illis
890 1299 1022 1382 punctis
1038 1298 1124 1362 inira
1135 1315 1276 1378 corpora
1287 1302 1322 1356 et
1333 1287 1519 1355 descendat

362 1422 427 1465 una
441 1401 528 1466 linea
542 1423 641 1486 super
656 1405 885 1469 extremitates
899 1423 1013 1467 earum
1029 1402 1071 1465 ad
1091 1400 1231 1485 angulos
1247 1407 1364 1472 rectos,
1381 1410 1519 1457 necesse

363 1514 413 1568 est
429 1525 488 1588 per
502 1506 560 1568 xiv
577 1507 675 1590 primi
692 1508 941 1572 Elementorum
959 1505 1109 1571 Euclidis
1124 1504 1214 1587 quod
1231 1503 1339 1566 lineae
1354 1508 1519 1562 extensae

364 1610 396 1670 in
406 1611 597 1692 corporibus
609 1610 674 1673 sint
685 1632 749 1675 una
759 1612 845 1675 linea
854 1612 1019 1676 continua.
1062 1609 1153 1690 Ergo
1165 1617 1198 1671 et
1209 1625 1349 1690 corpora
1358 1599 1520 1672 similiter,

364 1732 440 1775 narn
457 1713 532 1775 talis
549 1726 598 1779 est
614 1717 777 1779 sententia
793 1715 881 1778 illius
896 1713 1141 1797 propositionis.

410 1816 455 1879 Et
485 1837 529 1879 ex
565 1817 626 1881 hac
659 1821 884 1901 propositione
921 1819 1080 1899 deceptus
1110 1814 1173 1878 suit
1203 1813 1372 1877 Averroes
1401 1807 1523 1890 quinto

366 1915 535 2000 Physicae‚
546 1932 580 1984 et
591 1941 705 1985 omnes
721 1933 894 2004 sequentes
907 1923 1025 2004 ipsum,
1035 1920 1184 1985 volentes
1195 1917 1287 2000 quod
1300 1935 1365 1978 una
1376 1913 1420 1975 sit
1432 1911 1524 1973 linea

367 2023 608 2100 mathematica,
625 2037 659 2091 et
680 2047 738 2108 per
756 2045 961 2108 consequens
979 2045 1079 2090 unum
1100 2043 1220 2106 corpus
1236 2018 1524 2089 mathematicum,

366 2127 517 2206 quamvis
531 2129 661 2192 diversa
675 2131 740 2194 sint
755 2129 956 2194 naturaliter.
1001 2128 1033 2212 N
1035 2148 1098 2202 am,
1111 2136 1148 2190 ut
1164 2126 1244 2189 dicit
1255 2123 1311 2198 ibi,
1320 2119 1526 2200 contiguitas

367 2230 523 2296 naturalis
538 2234 656 2297 transit
675 2235 707 2297 in
728 2236 979 2299 continuitatem
997 2231 1269 2296 mathematicam
1283 2252 1291 2303 3
1314 2227 1374 2290 sed
1390 2226 1456 2287 hoc
1471 2229 1527 2284 est

367 2333 579 2416 impossibile,
593 2357 668 2400 nam
681 2339 849 2419 quantitas
866 2337 1102 2402 mathematica
1117 2345 1152 2399 et
1164 2333 1324 2398 naturalis
1336 2330 1428 2394 idern
1444 2333 1528 2388 sunt

202 2449 328 2524 unaue
368 2439 549 2501 secundum
561 2459 642 2517 esse,
652 2451 686 2505 et
697 2442 876 2506 secundum
889 2461 967 2521 rem,
977 2441 1034 2504 sed
1046 2435 1325 2503 differuntsolum
1336 2429 1526 2498 secundum

202 2512 311 2626 {iffi
369 2541 672 2622 considerationem,
688 2545 767 2626 quia
789 2557 957 2627 geometer
977 2545 1163 2608 considerat
1186 2540 1307 2604 lineam
1327 2533 1528 2602 naturalem,

204 2643 340 2757 qqqhqqffiql
372 2661 437 2705 non
454 2655 550 2725 prout
568 2656 616 2710 est
634 2649 665 2711 in
683 2649 819 2713 naturali
835 2648 981 2726 materia,
995 2657 1029 2711 ct
1045 2647 1120 2711 ideo
1136 2645 1259 2710 dicitur
1273 2637 1529 2707 mathematica.

205 2774 263 2849 oq,-
276 2774 353 2821 inrue
374 2746 418 2808 Et
442 2746 527 2810 hanc
549 2751 689 2812 eandem
712 2750 831 2814 lineam
850 2751 1036 2815 considerat
1059 2749 1279 2833 philosophus
1301 2742 1476 2818 naturalis,
1490 2748 1531 2803 ut

206 2839 316 2951 1³:22¹&
372 2858 423 2910 est
448 2850 480 2912 in
503 2854 639 2914 materia
662 2855 808 2931 naturali,
827 2855 911 2920 sicut
934 2856 1083 2931 inferro,
1106 2853 1160 2916 vel
1182 2852 1303 2935 lapide,
1325 2848 1381 2912 vel
1403 2845 1472 2910 alia
1495 2864 1533 2906 re

374 2952 523 3015 naturali.
570 2954 615 3017 Et
630 2957 707 3038 quia
723 2958 838 3021 eadem
855 2980 907 3021 res
921 2969 972 3023 est
986 2959 1169 3022 secundum
1191 2976 1272 3031 esse,
1289 2962 1324 3017 et
1339 2944 1532 3016 secundum

373 3055 546 3119 veritatem
561 3060 734 3137 existendi,
750 3062 905 3125 naturalis
920 3071 954 3125 et
969 3060 1216 3137 mathematica,
1230 3059 1307 3122 ideo
1323 3057 1350 3119 si
1367 3055 1424 3118 hic
1440 3061 1535 3117 esset

374 3157 462 3221 linea
484 3180 549 3223 una
567 3163 617 3225 vel
642 3183 759 3246 corpus
783 3183 885 3227 unum
911 3165 1154 3238 mathematice,
1171 3175 1252 3227 tunc
1278 3162 1401 3225 eodem
1427 3156 1536 3219 modo

375 3271 463 3325 esset
483 3263 681 3329 naturaliter.
727 3268 811 3332 Dico
832 3289 911 3351 ergo
932 3271 1022 3351 quod
1043 3269 1097 3331 hic
1115 3278 1193 3331 sunt
1214 3266 1322 3329 lineae
1343 3260 1537 3325 secundum

375 3366 546 3427 veritatem
576 3368 724 3432 diversae
754 3382 787 3434 et
817 3393 955 3456 corpora
984 3372 1146 3446 similiter,
1176 3390 1237 3433 nec
1269 3370 1334 3432 hoc
1364 3371 1539 3449 repugnat

365 3466 549 3531 'intentioni
577 3468 734 3536 Euclidis.
780 3474 867 3537 Nam
894 3495 959 3538 non
980 3474 1053 3537 vult
1075 3476 1166 3558 quod
1193 3474 1237 3538 sit
1265 3492 1333 3535 una
1360 3470 1540 3543 continua,

378 3568 435 3629 sed
454 3570 543 3649 quod
562 3583 721 3651 quantum
745 3578 786 3637 ad
806 3577 945 3660 angulos
969 3589 1075 3643 rectos
1097 3577 1268 3641 faciendos
1290 3576 1381 3638 duae
1400 3581 1541 3636 tantum

380 3668 503 3732 iaciunt
526 3685 686 3753 quantum
714 3698 788 3751 una,
812 3690 988 3762 postquam
1012 3682 1088 3744 illae
1109 3683 1197 3745 duae
1217 3679 1333 3762 jacent
1356 3678 1391 3741 in
1414 3677 1543 3740 eadem

380 3771 561 3835 directione
583 3773 796 3857 longitudinis
818 3801 856 3844 ac
878 3785 906 3846 si
930 3784 974 3847 ibi
1001 3794 1111 3848 essent
1134 3785 1221 3848 duae
1243 3794 1358 3865 partes
1381 3780 1543 3861 ejusdem

381 3870 486 3934 lineae
508 3878 716 3942 continuatae
728 3903 735 3957 ;
757 3893 790 3945 et
808 3886 855 3947 sic
877 3886 1020 3951 intendit
1043 3888 1075 3950 in
1099 3886 1251 3969 pluribus
1273 3886 1348 3948 aliis
1371 3883 1457 3947 locis
1483 3881 1544 3944 ubi

382 3973 502 4055 accipit
518 3994 614 4037 unam
631 3998 690 4059 pro
706 3984 841 4058 duabus,
851 4006 927 4048 curn
940 3988 1029 4050 idern
1042 3990 1140 4052 saciat
1152 3990 1195 4051 ad
1208 4008 1307 4051 suum
1322 3986 1545 4070 propositum

384 4093 449 4136 una
472 4075 555 4138 sicut
581 4079 674 4143 duae.
727 4083 773 4146 Et
796 4086 858 4149 hoc
885 4099 936 4153 est
959 4093 1093 4171 quando
1119 4090 1270 4173 loquitur
1293 4091 1338 4154 de
1364 4089 1548 4154 communi

385 4174 566 4241 differentia
596 4182 835 4263 superficierum
866 4191 918 4253 vel
950 4194 1118 4256 communi
1148 4196 1308 4271 sectione,
1339 4213 1418 4257 eam
1452 4193 1549 4255 enim

385 4287 481 4338 vocat
497 4298 594 4342 unam
610 4282 737 4356 lineam,
754 4306 827 4350 cum
844 4299 955 4355 tamen
972 4294 1005 4357 in
1021 4296 1161 4360 veritate
1176 4297 1242 4360 sint
1259 4299 1368 4361 duae:
1392 4298 1454 4360 sed
1477 4315 1552 4358 una

386 4378 512 4441 obtinet
535 4401 645 4443 earum
667 4395 874 4465 potestatem,
892 4404 926 4456 et
949 4395 1025 4457 ideo
1047 4397 1174 4461 facilius
1197 4398 1372 4481 loquimur
1395 4402 1442 4464 de
1466 4419 1552 4475 uua,

387 4499 485 4558 quarn
499 4481 541 4545 de
556 4482 692 4547 duabus.

433 4581 468 4644 Si
491 4592 600 4647 tamen
623 4587 828 4670 objiceretur,
847 4597 936 4675 quod
962 4599 990 4661 si
1016 4602 1090 4682 quis
1115 4615 1221 4684 ponat
1248 4605 1489 4671 diversitatem
1516 4608 1555 4670 in
