3575 5375
198 3312 278 3362 Cities
290 3311 318 3360 oi

197 3377 281 3427 North

199 3442 329 3493 l’ulestine.

356 551 418 616 342
579 536 735 596 OPERIS
759 535 950 608 MAJORIS
974 535 1089 594 PARS
1113 533 1298 609 QUARTA.

356 709 448 764 trans
474 719 565 763 mare
582 698 751 764 Galilaeae
772 699 863 782 quod
883 709 934 762 <st
950 698 1146 773 Tiberiadis,
1166 709 1201 763 et
1224 698 1346 763 deinde
1367 698 1455 762 venit
1477 695 1512 761 in

357 805 524 870 desertum
552 803 751 869 Bethsaidae
776 805 958 868 seeundum
983 803 1130 879 Lucam3
1155 813 1188 866 et
1212 813 1329 887 postea
1349 813 1513 867 venerunt

357 907 509 991 discipuli
527 907 752 986 Bethsaidam,
765 907 948 972 secundum
963 907 1113 972 Marcum
1126 933 1135 985 ;
1160 907 1282 972 deinde
1290 909 1513 971 ascenderunt

359 1033 449 1076 mare
466 1023 502 1076 ut
514 1011 597 1076 irent
610 1012 853 1095 Capharnaum,
866 1011 1049 1076 secundum
1059 1010 1254 1092 Johannem,
1270 1013 1359 1093 quod
1371 1032 1437 1075 non
1450 1010 1514 1075 erit

359 1117 490 1199 proprie
500 1137 591 1180 mare
603 1116 884 1198 Tiberiadis,quia
897 1116 984 1180 ultra
996 1115 1076 1179 illud
1088 1116 1178 1198 prius
1187 1116 1394 1180 transierant.
1419 1115 1513 1197 Ergo

358 1219 424 1283 hoc
439 1230 489 1284 est
502 1240 593 1284 mare
607 1219 819 1299 Genesareth
832 1229 865 1284 et
878 1220 955 1284 ideo
970 1220 1099 1284 diversa
1115 1230 1203 1298 sunt,
1213 1221 1272 1284 sed
1290 1220 1513 1284 cohaerentia.

361 1323 493 1387 Deinde
525 1343 640 1388 versus
677 1326 949 1407 septentrionem,
970 1323 1102 1388 deserto
1127 1323 1351 1405 interjacente,
1378 1325 1410 1387 in
1444 1343 1513 1404 quo

362 1429 528 1492 Dominus
574 1429 665 1512 pavit
709 1425 852 1511 quinque
902 1428 1005 1491 millia
1058 1429 1231 1491 hominum
1277 1447 1321 1490 ex
1367 1429 1515 1511 quinque

361 1531 502 1615 panibus
524 1532 717 1597 hordeaceis
740 1541 774 1596 et
796 1532 927 1596 duobus
950 1531 1104 1615 piscibus,
1121 1541 1171 1595 est
1195 1530 1376 1597 Bethsaida
1397 1532 1515 1597 civitas

362 1636 519 1718 principis
563 1637 792 1719 apostolorum
831 1645 865 1700 et
902 1635 1060 1700 Andreae
1104 1656 1144 1700 ac
1182 1636 1348 1719 Philippi;
1393 1636 1516 1699 deinde

364 1739 608 1823 Capharnaum.
655 1741 700 1805 Et
712 1742 801 1822 quod
818 1741 872 1805 hic
887 1742 931 1805 sit
946 1741 1029 1804 ordo
1047 1741 1185 1804 istorum
1197 1741 1345 1804 locorum
1361 1749 1454 1823 patet
1469 1760 1515 1803 ex

363 1843 552 1927 evangeliis.
598 1845 687 1908 Nam
703 1854 781 1909 ante
802 1845 996 1909 miraculum
1015 1846 1058 1908 de
1076 1845 1216 1928 panibus
1237 1845 1319 1909 dicit
1334 1843 1516 1926 Johannes‚

363 1948 445 2012 abiit
460 1947 557 2030 Jesus
573 1959 663 2013 trans
678 1971 768 2014 mare
784 1948 954 2013 Galilaeae
968 1950 1058 2032 quod
1077 1957 1128 2012 est
1150 1948 1338 2013 Tiberiadis
1353 1971 1361 2027 ;
1383 1959 1418 2012 et
1432 1959 1515 2012 tunc

363 2053 557 2116 occurrebat
581 2052 760 2119 multitudo
783 2073 884 2136 quam
908 2054 1020 2137 pavit3
1053 2063 1088 2117 et
1118 2061 1194 2136 post
1217 2053 1370 2136 discipuli
1401 2073 1517 2116 ascen-

363 2157 484 2221 derunt
514 2159 545 2220 in
581 2177 709 2231 navem,
733 2167 770 2221 ut
800 2157 1053 2222 transfretarent
1083 2158 1115 2221 in
1148 2157 1394 2240 Capharnaum,
1426 2159 1513 2221 sicut

363 2260 444 2324 dicit
462 2260 651 2341 Johannes3
674 2262 733 2325 sed
749 2273 932 2344 antequam
953 2261 1031 2325 illuc
1051 2261 1264 2340 devenerunt,
1280 2273 1313 2326 et
1334 2272 1516 2343 antequam

364 2365 456 2446 pavit
478 2365 734 2444 multitudinem,
758 2367 848 2431 venit
873 2367 907 2429 in
931 2367 1099 2431 desertum
1124 2366 1244 2445 locum,
1265 2367 1321 2449 qui
1340 2378 1390 2430 est
1413 2365 1517 2431 Beth-

366 2469 466 2545 saida,
490 2489 566 2532 cum
591 2470 761 2554 discipulis
784 2470 860 2544 suis,
884 2480 921 2534 ut
948 2470 1058 2534 Lucas
1079 2469 1188 2546 refert,
1215 2480 1249 2535 et
1277 2471 1410 2534 Marcus
1435 2469 1517 2535 dicit

364 2574 455 2654 quod
489 2586 649 2639 venerunt
686 2576 729 2639 ad
775 2573 1001 2639 Bethsaidam.
1070 2574 1283 2658 Quapropter
1320 2577 1427 2658 primo
1465 2585 1517 2639 est

366 2677 525 2751 Tiberias,
547 2679 666 2743 deinde
691 2679 776 2743 ultra
804 2700 896 2743 mare
914 2679 1099 2744 Tiberiadis
1122 2702 1233 2744 versus
1256 2682 1517 2764 septentrionem

367 2789 416 2845 est
430 2782 597 2846 desertum
609 2782 815 2860 Bethsaidae,
832 2794 865 2847 et
878 2784 977 2865 juxta
993 2783 1073 2848 illud
1087 2795 1137 2848 est
1154 2783 1342 2861 Bethsaida,
1355 2795 1389 2848 et
1401 2794 1519 2868 postea

367 2886 457 2949 lacus
474 2884 677 2951 Genesareth
694 2898 727 2951 et
749 2888 887 2952 tandem
905 2888 1139 2970 Capharnaum
1162 2910 1261 2972 super
1280 2908 1373 2952 oram
1389 2889 1468 2970 ejus,
1484 2899 1518 2953 et

367 2990 448 3053 haec
469 2990 582 3054 omnia
602 2990 763 3056 docentur
782 2992 815 3054 in
836 2992 947 3074 glossa
966 3013 1087 3076 magna
1108 3004 1208 3057 sexto
1225 2993 1338 3057 Marci.
1385 2993 1519 3057 Deinde

366 3103 442 3176 post
464 3093 696 3177 Caphamaum
719 3104 771 3159 est
789 3096 894 3177 Julias
916 3097 1078 3178 oppidum
1101 3098 1143 3160 de
1166 3118 1232 3181 quo
1254 3116 1376 3179 supra3
1399 3098 1520 3161 deinde

368 3199 530 3263 Caesarea
546 3200 689 3283 Philippi
705 3202 747 3263 ad
766 3200 891 3264 radices
904 3201 1027 3264 montis
1045 3200 1174 3264 Libani.

410 3303 566 3386 Amplius
581 3306 624 3368 ab
640 3304 739 3369 Acon
754 3304 787 3367 in
808 3305 970 3369 orientem
988 3326 1102 3368 versus
1125 3307 1385 3388 septentrionem
1413 3306 1518 3388 magis

367 3428 467 3491 quam
495 3408 661 3473 Nazareth
684 3418 735 3473 est
751 3407 845 3473 Cana
861 3407 1040 3483 Galilaeae,
1056 3409 1089 3472 in
1105 3429 1172 3491 qua
1189 3409 1355 3473 Dominus
1377 3410 1519 3472 mutavit

366 3534 489 3595 aquam
512 3513 545 3576 in
570 3513 693 3578 vinum.
754 3514 800 3577 Et
830 3513 933 3577 distat
964 3513 1056 3577 Cana
1086 3515 1129 3577 ab
1160 3513 1259 3578 Acon
1286 3534 1345 3595 per
1374 3515 1519 3597 quinque

367 3616 484 3682 leucas.
546 3617 593 3680 Et
630 3618 715 3683 inter
746 3617 873 3681 Canam
904 3627 939 3681 et
969 3618 1140 3681 Nazareth
1169 3627 1247 3682 sunt
1278 3617 1365 3680 duae
1395 3619 1519 3681 leucae.

368 3721 455 3786 Item
476 3721 520 3784 ab
539 3720 636 3784 Acon
657 3722 688 3783 in
706 3722 815 3784 oriens
835 3721 1095 3803 septentrionale
1118 3742 1177 3804 per
1196 3740 1316 3785 novem
1335 3721 1446 3785 leucas
1467 3730 1520 3784 est

369 3824 520 3906 Sapheth
543 3823 660 3887 civitas
684 3824 814 3888 Tobiae
837 3825 925 3888 ultra
942 3824 1035 3888 Cana
1051 3827 1146 3908 quasi
1161 3846 1220 3907 per
1235 3825 1381 3907 quinque
1397 3825 1519 3888 leucas.

369 3929 500 3992 Deinde
516 3948 574 4009 per
588 3928 716 3991 leucam
734 3938 768 3993 et
783 3929 956 3992 dimidiam
980 3939 1030 3993 est
1047 3929 1222 3994 Corazaim
1245 3931 1370 4006 civitas,
1386 3941 1420 3994 et
1435 3930 1523 3993 inter

368 4031 541 4097 Corazaim
557 4043 592 4097 et
606 4032 819 4095 Tiberiadem
835 4044 914 4097 sunt
934 4032 1048 4096 leucae
1071 4034 1199 4097 circiter
1214 4034 1310 4096 duae.
1357 4033 1403 4096 Et
1419 4033 1453 4095 in
1468 4032 1521 4096 his

369 4136 448 4200 locis
469 4135 592 4200 scilicet
624 4135 810 4212 Tiberiade,
839 4135 1029 4213 Bethsaida,
1060 4135 1246 4215 Corazaim,
1276 4135 1521 4219 Capharnaum,

369 4241 469 4318 Cana,
480 4240 659 4318 Nazareth,
670 4241 835 4305 Dominus
849 4241 996 4305 maxime
1005 4252 1220 4305 conversatus
1232 4250 1284 4304 est
1295 4241 1521 4324 praedicando

368 4357 403 4411 et
412 4346 562 4411 faciendo
573 4345 828 4423 miracula,sicut
839 4346 1011 4428 evangelia
1021 4343 1174 4410 referunt.
1198 4344 1299 4407 Mons
1309 4365 1388 4408 vero
1400 4345 1522 4408 Libani

369 4451 559 4515 extenditur
574 4471 594 4513 a
611 4449 764 4513 Paneade
779 4470 836 4512 seu
858 4448 1020 4513 Caesarea
1036 4470 1056 4514 a
1072 4450 1206 4531 regione
1221 4448 1303 4530 Tyri
1322 4460 1356 4512 et
1373 4446 1522 4526 Sidonis,

369 4564 402 4619 et
449 4554 588 4631 Baruch,
627 4563 659 4617 et
703 4552 812 4631 Biblii,
854 4564 888 4619 et
928 4554 1083 4637 Tripolis,
1121 4574 1181 4637 per
1217 4552 1307 4617 mille
1350 4553 1522 4637 quingenti
