3575 5375
408 638 450 701 50
614 623 770 683 OPERIS
794 622 984 694 MAJORIS
1007 622 1124 681 PARS
1148 621 1356 682 SECUNDA.

408 787 478 865 iste,
494 790 537 852 de
555 808 622 871 quo
642 789 724 854 dicit
742 787 962 871 Augustinus,
978 788 1038 851 luit
1059 785 1144 850 filius
1167 786 1327 860 Latonae,
1350 783 1445 866 cujus
1466 803 1557 848 soror

410 891 529 955 Diana.
576 894 621 957 Et
650 894 795 958 Isidorus
819 894 920 957 tertio
943 891 1030 956 libro
1055 893 1143 956 idem
1168 890 1258 956 dicit.
1304 890 1466 955 Similiter
1490 908 1556 953 non

406 997 538 1061 videtur
559 1017 631 1061 esse
655 997 718 1075 ille,
741 999 784 1062 de
806 1017 874 1079 quo
903 997 1130 1078 Hieronymus
1153 995 1266 1059 scribit
1293 995 1326 1059 in
1350 992 1490 1077 epistola
1511 992 1554 1056 ad

407 1100 591 1177 Paulinum,
620 1122 705 1185 quae
739 1101 849 1167 bibliis
885 1102 1100 1184 praeponitur
1136 1100 1351 1176 Latinorum3
1395 1118 1471 1162 nam
1503 1096 1558 1161 ille

407 1204 567 1268 Hiarcum
585 1206 709 1269 invenit
729 1206 761 1269 in
781 1225 882 1269 aureo
904 1204 1026 1269 throno
1047 1204 1219 1267 sedentem
1240 1214 1273 1267 et
1296 1205 1483 1277 docentem,
1500 1201 1555 1284 qui

407 1308 551 1373 Hiarcus
566 1309 687 1373 dicitur
707 1330 780 1373 esse
796 1306 988 1374 Abrachis1
1003 1318 1224 1384 astronomus,
1244 1308 1300 1389 qui
1322 1316 1397 1390 post
1414 1316 1554 1370 mortem

407 1412 592 1477 Alexandri
617 1414 728 1498 magni
753 1413 824 1489 suit,
844 1414 931 1477 sicut
954 1414 1054 1477 docet
1078 1410 1289 1475 Ptolemaeus
1307 1411 1340 1474 in
1355 1409 1555 1492 Almagesti.

407 1517 453 1580 Et
469 1518 545 1581 ideo
561 1518 742 1581 secundum
761 1518 826 1581 hoc
840 1528 908 1581 tres
929 1516 1061 1580 suerunt
1078 1516 1263 1600 Apollines
1279 1516 1364 1580 sicut
1382 1514 1554 1578 Hercules.

407 1621 537 1685 Deinde
561 1622 623 1685 sub
649 1621 801 1686 Gideone
825 1623 957 1686 luerunt
989 1621 1142 1705 Orpheus
1170 1631 1204 1685 et
1229 1622 1340 1697 Linus,
1371 1621 1553 1684 secundum

405 1727 495 1808 quod
522 1726 615 1790 Beda
644 1728 750 1791 relert.
805 1727 851 1790 Et
880 1727 924 1801 hi,
957 1726 1083 1791 scilicet
1113 1726 1297 1809 Amphion,
1327 1724 1490 1807 Orpheus,
1521 1732 1555 1787 et

405 1829 521 1908 Linus,
551 1850 612 1894 suo
643 1840 794 1915 tempore
820 1832 901 1896 dicti
933 1841 1008 1895 sunt
1040 1841 1158 1913 poetae
1189 1829 1348 1913 theologi,
1374 1829 1554 1894 secundum

404 1937 495 2018 quod
523 1934 734 2019 Augustinus
764 1935 845 1999 dicit
856 1934 880 2009 ²,
903 1955 943 1998 eo
970 1936 1061 2018 quod
1092 1935 1167 1999 Diis
1191 1936 1338 1998 carmina
1367 1934 1554 2009 iaciebant3

403 2039 584 2102 secundum
612 2047 724 2102 autem
751 2037 904 2104 Solinum
933 2038 1140 2104 Nicostrates
1165 2048 1271 2102 mater
1295 2036 1441 2101 Evandri
1469 2038 1555 2119 regis

404 2141 547 2206 Romani
571 2142 661 2205 dicta
684 2152 735 2205 est
757 2163 778 2205 a
799 2142 959 2206 vaticinio
981 2141 1175 2215 Carmentis,
1192 2163 1280 2225 quae
1303 2142 1336 2204 in
1361 2141 1554 2224 Capitolino

404 2255 517 2309 monte
541 2246 671 2309 Romae
692 2246 866 2321 habitavit,
882 2255 917 2310 et
942 2246 1071 2309 Latinis
1092 2247 1200 2329 primo
1224 2247 1335 2310 literas
1358 2246 1461 2310 dedit.
1508 2245 1555 2309 Et

402 2351 494 2425 haec,
511 2361 546 2414 ut
569 2350 661 2415 Beda
682 2350 791 2426 refert,
813 2351 875 2415 iuit
896 2362 1045 2434 ternpore
1061 2350 1265 2432 Jairjudieis
1288 2349 1411 2429 lsrael;
1437 2370 1552 2414 secun-

401 2456 483 2517 dum
514 2465 626 2519 tamen
656 2455 846 2518 chronicam
880 2453 1132 2519 cluniacensem
1160 2455 1222 2519 luit
1253 2466 1403 2538 tempore
1425 2454 1556 2536 Judicis

401 2567 478 2639 post
507 2557 586 2639 Jair,
609 2559 785 2622 transactis
810 2560 1050 2642 septemdecim
1074 2560 1179 2623 annis.
1225 2559 1293 2625 Sed
1322 2562 1364 2624 de
1391 2560 1454 2623 hoe
1485 2580 1553 2623 non

401 2672 453 2726 est
474 2682 552 2726 cura
574 2672 736 2745 quantum
759 2664 803 2728 ad
826 2674 1036 2747 praesentem
1059 2663 1290 2729 intentionem.

234 2785 388 2850 Erythram
448 2766 586 2848 Propter
602 2766 749 2849 Sibyllas
768 2788 847 2831 vero
864 2779 900 2832 et
916 2769 1061 2833 maxime
1078 2769 1308 2851 Erythraeam,
1330 2789 1416 2852 quae
1434 2790 1552 2833 omnes

232 2852 312 2917 Sibyl.

403 2871 592 2953 praedictos
611 2880 644 2934 et
665 2871 850 2953 praedictas
867 2872 1140 2956 philosophantes
1156 2873 1305 2938 infideles
1322 2873 1421 2956 longe
1436 2894 1551 2957 super-

401 2995 514 3056 gressa
547 2985 607 3053 est,
643 2984 776 3057 oportet
814 2975 917 3040 etiam
957 2998 1017 3041 nos
1059 2979 1173 3061 aliqua
1214 2978 1404 3044 certificare.
1461 2977 1553 3040 Nam

401 3078 611 3161 Augustinus
649 3080 747 3144 refert
784 3091 904 3144 octavo
938 3082 1068 3146 decimo
1099 3084 1142 3146 de
1174 3083 1318 3148 Civitate
1351 3082 1427 3160 Dei,
1457 3083 1549 3164 quod

400 3183 496 3247 multi
534 3193 686 3247 auctores
726 3184 927 3268 scripserunt
968 3206 1042 3249 eam
1082 3187 1182 3251 luisse
1219 3197 1371 3269 tempore
1409 3185 1547 3267 Trojani

399 3286 486 3363 belli,
503 3297 537 3352 et
556 3289 612 3351 alii
631 3286 807 3353 voluerunt
828 3309 903 3352 earn
923 3288 1023 3354 luisse
1046 3301 1195 3373 tempore
1216 3291 1361 3369 Romuli,
1377 3300 1411 3355 et
1432 3288 1551 3356 Achaz

398 3389 450 3453 vel
482 3391 647 3456 Ezechiae
678 3393 764 3476 regis
790 3391 908 3473 Judae.
955 3393 1001 3458 Et
1031 3396 1200 3460 excidium
1231 3395 1352 3478 Trojae
1382 3394 1446 3459 luit
1474 3405 1554 3459 ante

400 3494 581 3558 Romulum
605 3517 665 3579 per
686 3497 949 3579 quadringentos
972 3499 1109 3580 triginta
1131 3520 1246 3563 annos
1291 3499 1380 3562 Nam
1413 3498 1550 3563 Solinus

399 3599 520 3680 probat
536 3599 679 3662 Romam
696 3600 796 3664 luisse
818 3602 987 3666 conditam
1007 3604 1209 3686 Olympiade
1228 3604 1371 3687 septima
1393 3603 1550 3686 quadrin-

398 3702 584 3782 gentesimo
617 3703 785 3767 tricesimo
818 3706 918 3768 tertio
950 3727 1037 3770 anno
1074 3719 1152 3790 post
1193 3707 1318 3771 bellum
1356 3707 1549 3788 Trojanum,

356 3887 364 3902 ο
400 3804 485 3867 sicut
509 3804 607 3868 docet
634 3807 803 3870 evidenter
828 3828 887 3890 per
918 3809 1097 3874 Herculem
1125 3823 1159 3876 et
1184 3811 1299 3876 Picum
1320 3810 1424 3874 filium
1452 3831 1550 3874 suurn

400 3916 434 3969 et
457 3927 516 3989 per
537 3907 629 3970 alios.
676 3909 721 3971 Et
744 3914 927 3974 secundum
949 3912 1185 3996 Augustinum,
1206 3927 1325 3980 octavo
1347 3915 1479 3979 decimo
1506 3915 1550 3978 de

401 4007 545 4073 Ciuitate
568 4010 642 4086 Dei,
657 4012 728 4075 vult
751 4016 840 4096 quod
867 4016 969 4098 Troja
995 4029 1093 4101 capta
1114 4020 1157 4082 sit
1178 4019 1348 4102 judicante
1375 4018 1552 4082 Hebraeos
1602 4003 1607 4010 ⁴

398 4113 536 4176 Abdon.
592 4113 724 4179 Deinde
757 4117 927 4182 Hesiodus
957 4121 1176 4205 philosophus
1207 4124 1365 4187 successit
1398 4122 1554 4187 Homero

399 4228 478 4281 ante
494 4218 638 4282 Romam
658 4221 838 4296 conditam,
857 4234 894 4286 ut
917 4225 964 4288 ait
985 4225 1115 4289 Tullius
1138 4228 1172 4289 in
1195 4227 1447 4309 quaestionibus
1463 4227 1554 4292 Tus-

399 4320 534 4385 culanis.
588 4322 634 4385 Et
657 4336 772 4405 postea
795 4325 1025 4404 Archilochus,
1043 4342 1201 4414 regnante
1226 4331 1379 4404 Romulo,
1397 4331 1484 4395 sicut
1505 4332 1555 4395 ibi

399 4426 604 4502 describitur,
619 4437 653 4490 et
675 4437 825 4512 tempore
840 4429 958 4495 Achaz
974 4433 1026 4496 vel
1047 4433 1212 4498 Ezechiae
1232 4435 1318 4517 regis
1338 4434 1458 4516 Judae.
1508 4437 1557 4502 Et

497 4578 505 4607 ¹
521 4579 646 4630 Abrachis
657 4596 687 4628 or
697 4581 808 4631 Abraxis
820 4599 875 4632 was
887 4585 932 4633 the
945 4585 1056 4636 Arabian
1068 4588 1181 4650 spelling
1193 4589 1223 4637 ol
1233 4588 1406 4652 Hipparchus.

496 4656 506 4684 ²
522 4659 561 4706 Dr
572 4659 674 4708 Gurtatr
683 4659 740 4721 Dei,
753 4661 796 4712 lib.
809 4662 880 4712 xviii.
893 4678 949 4725 cap.
962 4677 999 4724 14.
