<?xml version="1.0" encoding="UTF-8"?>
<!DOCTYPE html PUBLIC "-//W3C//DTD XHTML 1.0 Transitional//EN"
    "http://www.w3.org/TR/xhtml1/DTD/xhtml1-transitional.dtd">
<html xmlns="http://www.w3.org/1999/xhtml" xml:lang="en" lang="en">
 <head>
  <title>
</title>
<meta http-equiv="Content-Type" content="text/html;charset=utf-8" />
  <meta name='ocr-system' content='tesseract 3.04.00' />
  <meta name='ocr-capabilities' content='ocr_page ocr_carea ocr_par ocr_line ocrx_word'/>
</head>
<body>
  <div class='ocr_page' id='page_1' title='image "./opusmajusrogerb01bridgoog/opusmajusrogerb01bridgoog_0405.png"; bbox 0 0 3575 5375; ppageno 0'>
   <div class='ocr_carea' id='block_1_1' title="bbox 415 600 1353 683">
    <p class='ocr_par' dir='ltr' id='par_1_1' title="bbox 415 600 1353 683">
     <span class='ocr_line' id='line_1_1' title="bbox 415 600 1353 683; baseline 0.007 -23"><span class='ocrx_word' id='word_1_1' title='bbox 415 600 476 660; x_wconf 84' lang='lat'>208</span> <span class='ocrx_word' id='word_1_2' title='bbox 638 607 793 666; x_wconf 89' lang='lat' dir='ltr'><em>OPERIS</em></span> <span class='ocrx_word' id='word_1_3' title='bbox 818 607 1006 678; x_wconf 78' lang='lat' dir='ltr'><em>MAJORIS</em></span> <span class='ocrx_word' id='word_1_4' title='bbox 1031 609 1146 668; x_wconf 84' lang='lat' dir='ltr'><em>PARS</em></span> <span class='ocrx_word' id='word_1_5' title='bbox 1171 607 1353 683; x_wconf 83' lang='lat' dir='ltr'><em>QUARTA.</em></span> 
     </span>
    </p>
   </div>
   <div class='ocr_carea' id='block_1_2' title="bbox 242 771 1567 4195">
    <p class='ocr_par' dir='ltr' id='par_1_2' title="bbox 242 771 1567 4195">
     <span class='ocr_line' id='line_1_2' title="bbox 415 771 1567 856; baseline 0.005 -27"><span class='ocrx_word' id='word_1_6' title='bbox 415 777 627 850; x_wconf 87' lang='lat' dir='ltr'>praeceptum</span> <span class='ocrx_word' id='word_1_7' title='bbox 644 771 732 834; x_wconf 87' lang='lat' dir='ltr'>cadit</span> <span class='ocrx_word' id='word_1_8' title='bbox 747 792 846 856; x_wconf 89' lang='lat' dir='ltr'>super</span> <span class='ocrx_word' id='word_1_9' title='bbox 861 781 1048 855; x_wconf 91' lang='lat' dir='ltr'>utrumque,</span> <span class='ocrx_word' id='word_1_10' title='bbox 1065 773 1141 837; x_wconf 85' lang='lat' dir='ltr'>licet</span> <span class='ocrx_word' id='word_1_11' title='bbox 1155 774 1333 838; x_wconf 87' lang='lat' dir='ltr'>sabbatum</span> <span class='ocrx_word' id='word_1_12' title='bbox 1352 772 1396 837; x_wconf 89' lang='lat' dir='ltr'>sit</span> <span class='ocrx_word' id='word_1_13' title='bbox 1411 771 1567 837; x_wconf 84' lang='lat' dir='ltr'>sanctius.</span> 
     </span>
     <span class='ocr_line' id='line_1_3' title="bbox 417 872 1567 962; baseline 0.003 -27"><span class='ocrx_word' id='word_1_14' title='bbox 417 872 463 937; x_wconf 91' lang='lat' dir='ltr'>Et</span> <span class='ocrx_word' id='word_1_15' title='bbox 481 873 692 959; x_wconf 87' lang='lat' dir='ltr'>Augustinus</span> <span class='ocrx_word' id='word_1_16' title='bbox 716 879 800 944; x_wconf 93' lang='lat' dir='ltr'>libro</span> <span class='ocrx_word' id='word_1_17' title='bbox 823 881 866 944; x_wconf 95' lang='lat' dir='ltr'>de</span> <span class='ocrx_word' id='word_1_18' title='bbox 888 879 1139 962; x_wconf 81' lang='lat' dir='ltr'>quaestionibus</span> <span class='ocrx_word' id='word_1_19' title='bbox 1162 880 1238 942; x_wconf 90' lang='lat' dir='ltr'>novi</span> <span class='ocrx_word' id='word_1_20' title='bbox 1261 887 1295 942; x_wconf 89' lang='lat' dir='ltr'>et</span> <span class='ocrx_word' id='word_1_21' title='bbox 1317 878 1438 943; x_wconf 85' lang='lat' dir='ltr'>veteris</span> <span class='ocrx_word' id='word_1_22' title='bbox 1464 886 1567 941; x_wconf 88' lang='lat' dir='ltr'>testa·</span> 
     </span>
     <span class='ocr_line' id='line_1_4' title="bbox 415 981 1567 1068; baseline 0.002 -26"><span class='ocrx_word' id='word_1_23' title='bbox 415 981 517 1044; x_wconf 89' lang='lat' dir='ltr'>menti</span> <span class='ocrx_word' id='word_1_24' title='bbox 544 983 633 1062; x_wconf 92' lang='lat' dir='ltr'>dicit,</span> <span class='ocrx_word' id='word_1_25' title='bbox 662 984 752 1067; x_wconf 91' lang='lat' dir='ltr'>quod</span> <span class='ocrx_word' id='word_1_26' title='bbox 780 984 878 1049; x_wconf 83' lang='lat' dir='ltr'>luerit</span> <span class='ocrx_word' id='word_1_27' title='bbox 904 1005 1021 1068; x_wconf 88' lang='lat' dir='ltr'>passus</span> <span class='ocrx_word' id='word_1_28' title='bbox 1046 984 1104 1048; x_wconf 93' lang='lat' dir='ltr'>xiv</span> <span class='ocrx_word' id='word_1_29' title='bbox 1129 982 1215 1047; x_wconf 91' lang='lat' dir='ltr'>luna.</span> <span class='ocrx_word' id='word_1_30' title='bbox 1263 982 1359 1045; x_wconf 89' lang='lat' dir='ltr'>Haec</span> <span class='ocrx_word' id='word_1_31' title='bbox 1389 993 1502 1047; x_wconf 88' lang='lat' dir='ltr'>autem</span> <span class='ocrx_word' id='word_1_32' title='bbox 1532 991 1567 1045; x_wconf 98' lang='lat' dir='ltr'>et</span> 
     </span>
     <span class='ocr_line' id='line_1_5' title="bbox 414 1085 1567 1173; baseline 0.002 -25"><span class='ocrx_word' id='word_1_33' title='bbox 414 1085 519 1150; x_wconf 88' lang='lat' dir='ltr'>multa</span> <span class='ocrx_word' id='word_1_34' title='bbox 535 1087 600 1150; x_wconf 90' lang='lat' dir='ltr'>alia</span> <span class='ocrx_word' id='word_1_35' title='bbox 614 1087 668 1153; x_wconf 93' lang='lat' dir='ltr'>hic</span> <span class='ocrx_word' id='word_1_36' title='bbox 683 1089 802 1153; x_wconf 86' lang='lat' dir='ltr'>adduci</span> <span class='ocrx_word' id='word_1_37' title='bbox 818 1098 957 1173; x_wconf 88' lang='lat' dir='ltr'>possunt</span> <span class='ocrx_word' id='word_1_38' title='bbox 968 1109 1044 1151; x_wconf 92' lang='lat' dir='ltr'>cum</span> <span class='ocrx_word' id='word_1_39' title='bbox 1059 1087 1251 1153; x_wconf 86' lang='lat' dir='ltr'>exclusione</span> <span class='ocrx_word' id='word_1_40' title='bbox 1261 1087 1419 1151; x_wconf 83' lang='lat' dir='ltr'>salsarum</span> <span class='ocrx_word' id='word_1_41' title='bbox 1432 1107 1567 1169; x_wconf 88' lang='lat' dir='ltr'>respou-</span> 
     </span>
     <span class='ocr_line' id='line_1_6' title="bbox 413 1191 553 1255; baseline 0.021 -3"><span class='ocrx_word' id='word_1_42' title='bbox 413 1191 553 1255; x_wconf 88' lang='lat' dir='ltr'>sionum.</span> 
     </span>
     <span class='ocr_line' id='line_1_7' title="bbox 244 1293 1567 1374; baseline 0 -16"><span class='ocrx_word' id='word_1_43' title='bbox 244 1298 320 1374; x_wconf 71' lang='lat' dir='ltr'>From</span> <span class='ocrx_word' id='word_1_44' title='bbox 332 1297 382 1347; x_wconf 78' lang='lat' dir='ltr'>this</span> <span class='ocrx_word' id='word_1_45' title='bbox 457 1293 524 1358; x_wconf 87' lang='lat' dir='ltr'>Sed</span> <span class='ocrx_word' id='word_1_46' title='bbox 548 1295 629 1362; x_wconf 89' lang='lat' dir='ltr'>haec</span> <span class='ocrx_word' id='word_1_47' title='bbox 653 1317 739 1361; x_wconf 89' lang='lat' dir='ltr'>nunc</span> <span class='ocrx_word' id='word_1_48' title='bbox 761 1297 924 1363; x_wconf 87' lang='lat' dir='ltr'>sufficiant</span> <span class='ocrx_word' id='word_1_49' title='bbox 950 1305 987 1360; x_wconf 93' lang='lat' dir='ltr'>ut</span> <span class='ocrx_word' id='word_1_50' title='bbox 1011 1297 1197 1362; x_wconf 87' lang='lat' dir='ltr'>excitemur</span> <span class='ocrx_word' id='word_1_51' title='bbox 1220 1298 1263 1360; x_wconf 88' lang='lat' dir='ltr'>ad</span> <span class='ocrx_word' id='word_1_52' title='bbox 1286 1296 1364 1374; x_wconf 91' lang='lat' dir='ltr'>duo,</span> <span class='ocrx_word' id='word_1_53' title='bbox 1380 1295 1507 1359; x_wconf 89' lang='lat' dir='ltr'>scilicet</span> <span class='ocrx_word' id='word_1_54' title='bbox 1529 1304 1567 1359; x_wconf 90' lang='lat' dir='ltr'>ut</span> 
     </span>
     <span class='ocr_line' id='line_1_8' title="bbox 243 1363 1567 1483; baseline 0.002 -21"><span class='ocrx_word' id='word_1_55' title='bbox 243 1363 401 1477; x_wconf 46' lang='lat' dir='ltr'>pqrtrpoproper</span> <span class='ocrx_word' id='word_1_56' title='bbox 412 1399 556 1463; x_wconf 91' lang='lat' dir='ltr'>sciamus</span> <span class='ocrx_word' id='word_1_57' title='bbox 579 1412 681 1483; x_wconf 91' lang='lat' dir='ltr'>quota</span> <span class='ocrx_word' id='word_1_58' title='bbox 703 1401 781 1466; x_wconf 89' lang='lat' dir='ltr'>luna</span> <span class='ocrx_word' id='word_1_59' title='bbox 806 1403 971 1466; x_wconf 90' lang='lat' dir='ltr'>Dominus</span> <span class='ocrx_word' id='word_1_60' title='bbox 996 1400 1058 1464; x_wconf 84' lang='lat' dir='ltr'>fuit</span> <span class='ocrx_word' id='word_1_61' title='bbox 1081 1421 1207 1482; x_wconf 87' lang='lat' dir='ltr'>passus,</span> <span class='ocrx_word' id='word_1_62' title='bbox 1229 1421 1272 1464; x_wconf 85' lang='lat' dir='ltr'>an</span> <span class='ocrx_word' id='word_1_63' title='bbox 1296 1399 1354 1464; x_wconf 90' lang='lat' dir='ltr'>xiv</span> <span class='ocrx_word' id='word_1_64' title='bbox 1380 1399 1433 1464; x_wconf 93' lang='lat' dir='ltr'>vel</span> <span class='ocrx_word' id='word_1_65' title='bbox 1459 1421 1515 1478; x_wconf 88' lang='lat' dir='ltr'>xv,</span> <span class='ocrx_word' id='word_1_66' title='bbox 1532 1411 1567 1464; x_wconf 91' lang='lat' dir='ltr'>et</span> 
     </span>
     <span class='ocr_line' id='line_1_9' title="bbox 242 1495 1567 1610; baseline 0.001 -45"><span class='ocrx_word' id='word_1_67' title='bbox 242 1495 372 1610; x_wconf 54' lang='lat' dir='ltr'>ffffle</span> <span class='ocrx_word' id='word_1_68' title='bbox 412 1504 439 1566; x_wconf 95' lang='lat' dir='ltr'>si</span> <span class='ocrx_word' id='word_1_69' title='bbox 464 1524 529 1566; x_wconf 91' lang='lat' dir='ltr'>una</span> <span class='ocrx_word' id='word_1_70' title='bbox 552 1505 680 1570; x_wconf 89' lang='lat' dir='ltr'>illarum</span> <span class='ocrx_word' id='word_1_71' title='bbox 704 1506 899 1584; x_wconf 87' lang='lat' dir='ltr'>stabiliatur,</span> <span class='ocrx_word' id='word_1_72' title='bbox 917 1516 996 1569; x_wconf 88' lang='lat' dir='ltr'>tunc</span> <span class='ocrx_word' id='word_1_73' title='bbox 1019 1505 1206 1569; x_wconf 91' lang='lat' dir='ltr'>inveniatur</span> <span class='ocrx_word' id='word_1_74' title='bbox 1228 1506 1299 1568; x_wconf 89' lang='lat' dir='ltr'>dies</span> <span class='ocrx_word' id='word_1_75' title='bbox 1323 1504 1484 1588; x_wconf 89' lang='lat' dir='ltr'>passionis</span> <span class='ocrx_word' id='word_1_76' title='bbox 1507 1524 1567 1588; x_wconf 92' lang='lat' dir='ltr'>per</span> 
     </span>
     <span class='ocr_line' id='line_1_10' title="bbox 242 1607 1565 1690; baseline -0.004 -14"><span class='ocrx_word' id='word_1_77' title='bbox 242 1626 372 1676; x_wconf 81' lang='lat' dir='ltr'>shouldbe</span> <span class='ocrx_word' id='word_1_78' title='bbox 413 1607 544 1673; x_wconf 88' lang='lat' dir='ltr'>tabulas</span> <span class='ocrx_word' id='word_1_79' title='bbox 558 1611 792 1690; x_wconf 86' lang='lat' dir='ltr'>astronomiae,</span> <span class='ocrx_word' id='word_1_80' title='bbox 810 1621 848 1675; x_wconf 91' lang='lat' dir='ltr'>ut</span> <span class='ocrx_word' id='word_1_81' title='bbox 863 1620 990 1675; x_wconf 89' lang='lat' dir='ltr'>tactum</span> <span class='ocrx_word' id='word_1_82' title='bbox 1006 1619 1066 1673; x_wconf 89' lang='lat' dir='ltr'>est.</span> <span class='ocrx_word' id='word_1_83' title='bbox 1113 1608 1180 1673; x_wconf 92' lang='lat' dir='ltr'>Sed</span> <span class='ocrx_word' id='word_1_84' title='bbox 1204 1609 1287 1673; x_wconf 93' lang='lat' dir='ltr'>haec</span> <span class='ocrx_word' id='word_1_85' title='bbox 1307 1609 1421 1672; x_wconf 85' lang='lat' dir='ltr'>omnia</span> <span class='ocrx_word' id='word_1_86' title='bbox 1440 1607 1565 1673; x_wconf 91' lang='lat' dir='ltr'>habent</span> 
     </span>
     <span class='ocr_line' id='line_1_11' title="bbox 242 1691 1564 1808; baseline 0 -33"><span class='ocrx_word' id='word_1_87' title='bbox 242 1691 382 1808; x_wconf 51' lang='lat' dir='ltr'>{lffl‘dfft&#39;effl</span> <span class='ocrx_word' id='word_1_88' title='bbox 412 1732 578 1776; x_wconf 89' lang='lat' dir='ltr'>summam</span> <span class='ocrx_word' id='word_1_89' title='bbox 591 1713 830 1790; x_wconf 86' lang='lat' dir='ltr'>difficultatem,</span> <span class='ocrx_word' id='word_1_90' title='bbox 842 1715 949 1798; x_wconf 83' lang='lat' dir='ltr'>magis</span> <span class='ocrx_word' id='word_1_91' title='bbox 960 1725 1073 1778; x_wconf 89' lang='lat' dir='ltr'>tamen</span> <span class='ocrx_word' id='word_1_92' title='bbox 1086 1723 1222 1795; x_wconf 91' lang='lat' dir='ltr'>propter</span> <span class='ocrx_word' id='word_1_93' title='bbox 1234 1712 1306 1791; x_wconf 91' lang='lat' dir='ltr'>hoc,</span> <span class='ocrx_word' id='word_1_94' title='bbox 1316 1714 1406 1795; x_wconf 93' lang='lat' dir='ltr'>quod</span> <span class='ocrx_word' id='word_1_95' title='bbox 1418 1712 1564 1796; x_wconf 86' lang='lat' dir='ltr'>theologi</span> 
     </span>
     <span class='ocr_line' id='line_1_12' title="bbox 413 1815 1563 1902; baseline 0.002 -24"><span class='ocrx_word' id='word_1_96' title='bbox 413 1815 568 1898; x_wconf 89' lang='lat' dir='ltr'>ignorant</span> <span class='ocrx_word' id='word_1_97' title='bbox 598 1821 836 1884; x_wconf 87' lang='lat' dir='ltr'>astronomiam</span> <span class='ocrx_word' id='word_1_98' title='bbox 867 1831 915 1885; x_wconf 81' lang='lat' dir='ltr'>et,</span> <span class='ocrx_word' id='word_1_99' title='bbox 931 1829 1134 1902; x_wconf 90' lang='lat' dir='ltr'>computum,</span> <span class='ocrx_word' id='word_1_100' title='bbox 1166 1829 1200 1882; x_wconf 94' lang='lat' dir='ltr'>et</span> <span class='ocrx_word' id='word_1_101' title='bbox 1229 1816 1433 1899; x_wconf 89' lang='lat' dir='ltr'>hujusmodi,</span> <span class='ocrx_word' id='word_1_102' title='bbox 1462 1837 1563 1899; x_wconf 91' lang='lat' dir='ltr'>quam</span> 
     </span>
     <span class='ocr_line' id='line_1_13' title="bbox 412 1920 1562 2006; baseline -0.002 -22"><span class='ocrx_word' id='word_1_103' title='bbox 412 1929 548 2004; x_wconf 89' lang='lat' dir='ltr'>propter</span> <span class='ocrx_word' id='word_1_104' title='bbox 564 1921 793 1987; x_wconf 87' lang='lat' dir='ltr'>difficultatem</span> <span class='ocrx_word' id='word_1_105' title='bbox 811 1925 856 1987; x_wconf 92' lang='lat' dir='ltr'>rei</span> <span class='ocrx_word' id='word_1_106' title='bbox 877 1923 910 1986; x_wconf 95' lang='lat' dir='ltr'>in</span> <span class='ocrx_word' id='word_1_107' title='bbox 931 1944 975 1986; x_wconf 90' lang='lat' dir='ltr'>se.</span> <span class='ocrx_word' id='word_1_108' title='bbox 1023 1921 1059 1986; x_wconf 82' lang='lat' dir='ltr'>si</span> <span class='ocrx_word' id='word_1_109' title='bbox 1082 1923 1171 1986; x_wconf 89' lang='lat' dir='ltr'>enirn</span> <span class='ocrx_word' id='word_1_110' title='bbox 1193 1931 1303 1986; x_wconf 87' lang='lat' dir='ltr'>essent</span> <span class='ocrx_word' id='word_1_111' title='bbox 1325 1921 1421 2006; x_wconf 92' lang='lat' dir='ltr'>periti</span> <span class='ocrx_word' id='word_1_112' title='bbox 1445 1921 1479 1983; x_wconf 94' lang='lat' dir='ltr'>in</span> <span class='ocrx_word' id='word_1_113' title='bbox 1503 1920 1562 1994; x_wconf 86' lang='lat' dir='ltr'>his,</span> 
     </span>
     <span class='ocr_line' id='line_1_14' title="bbox 411 2025 1564 2107; baseline -0.001 -18"><span class='ocrx_word' id='word_1_114' title='bbox 411 2045 471 2107; x_wconf 90' lang='lat' dir='ltr'>pro</span> <span class='ocrx_word' id='word_1_115' title='bbox 487 2036 578 2090; x_wconf 90' lang='lat' dir='ltr'>certo</span> <span class='ocrx_word' id='word_1_116' title='bbox 593 2028 678 2091; x_wconf 90' lang='lat' dir='ltr'>bene</span> <span class='ocrx_word' id='word_1_117' title='bbox 693 2027 875 2093; x_wconf 91' lang='lat' dir='ltr'>invenirent</span> <span class='ocrx_word' id='word_1_118' title='bbox 890 2037 1036 2092; x_wconf 89' lang='lat' dir='ltr'>aetatem</span> <span class='ocrx_word' id='word_1_119' title='bbox 1054 2026 1153 2091; x_wconf 87' lang='lat' dir='ltr'>lunae</span> <span class='ocrx_word' id='word_1_120' title='bbox 1175 2037 1208 2090; x_wconf 94' lang='lat' dir='ltr'>et</span> <span class='ocrx_word' id='word_1_121' title='bbox 1228 2027 1317 2089; x_wconf 87' lang='lat' dir='ltr'>diem</span> <span class='ocrx_word' id='word_1_122' title='bbox 1341 2025 1514 2107; x_wconf 88' lang='lat' dir='ltr'>passionis,</span> <span class='ocrx_word' id='word_1_123' title='bbox 1529 2034 1564 2088; x_wconf 90' lang='lat' dir='ltr'>et</span> 
     </span>
     <span class='ocr_line' id='line_1_15' title="bbox 413 2128 1563 2215; baseline -0.001 -23"><span class='ocrx_word' id='word_1_124' title='bbox 413 2138 578 2194; x_wconf 89' lang='lat' dir='ltr'>mutarent</span> <span class='ocrx_word' id='word_1_125' title='bbox 609 2132 730 2196; x_wconf 90' lang='lat' dir='ltr'>multas</span> <span class='ocrx_word' id='word_1_126' title='bbox 760 2133 942 2196; x_wconf 90' lang='lat' dir='ltr'>sententias</span> <span class='ocrx_word' id='word_1_127' title='bbox 971 2152 1054 2215; x_wconf 89' lang='lat' dir='ltr'>quas</span> <span class='ocrx_word' id='word_1_128' title='bbox 1079 2130 1306 2195; x_wconf 87' lang='lat' dir='ltr'>solemnizant.</span> <span class='ocrx_word' id='word_1_129' title='bbox 1362 2129 1451 2193; x_wconf 92' lang='lat' dir='ltr'>Nam</span> <span class='ocrx_word' id='word_1_130' title='bbox 1479 2128 1563 2212; x_wconf 92' lang='lat' dir='ltr'>peri-</span> 
     </span>
     <span class='ocr_line' id='line_1_16' title="bbox 409 2233 1565 2316; baseline -0.002 -18"><span class='ocrx_word' id='word_1_131' title='bbox 409 2234 527 2299; x_wconf 87' lang='lat' dir='ltr'>tissimi</span> <span class='ocrx_word' id='word_1_132' title='bbox 551 2235 584 2298; x_wconf 94' lang='lat' dir='ltr'>in</span> <span class='ocrx_word' id='word_1_133' title='bbox 610 2235 747 2300; x_wconf 91' lang='lat' dir='ltr'>istorum</span> <span class='ocrx_word' id='word_1_134' title='bbox 774 2237 1038 2301; x_wconf 88' lang='lat' dir='ltr'>consideratione</span> <span class='ocrx_word' id='word_1_135' title='bbox 1063 2243 1178 2299; x_wconf 90' lang='lat' dir='ltr'>tenent</span> <span class='ocrx_word' id='word_1_136' title='bbox 1199 2236 1290 2316; x_wconf 90' lang='lat' dir='ltr'>quod</span> <span class='ocrx_word' id='word_1_137' title='bbox 1316 2234 1480 2297; x_wconf 89' lang='lat' dir='ltr'>Dominus</span> <span class='ocrx_word' id='word_1_138' title='bbox 1503 2233 1565 2296; x_wconf 87' lang='lat' dir='ltr'>suit</span> 
     </span>
     <span class='ocr_line' id='line_1_17' title="bbox 410 2337 1564 2423; baseline -0.002 -20"><span class='ocrx_word' id='word_1_139' title='bbox 410 2359 527 2423; x_wconf 88' lang='lat' dir='ltr'>passus</span> <span class='ocrx_word' id='word_1_140' title='bbox 563 2341 620 2403; x_wconf 92' lang='lat' dir='ltr'>xiv</span> <span class='ocrx_word' id='word_1_141' title='bbox 655 2342 742 2405; x_wconf 88' lang='lat' dir='ltr'>luna.</span> <span class='ocrx_word' id='word_1_142' title='bbox 797 2341 842 2406; x_wconf 90' lang='lat' dir='ltr'>Et</span> <span class='ocrx_word' id='word_1_143' title='bbox 881 2342 945 2404; x_wconf 90' lang='lat' dir='ltr'>hoc</span> <span class='ocrx_word' id='word_1_144' title='bbox 982 2338 1159 2415; x_wconf 83' lang='lat' dir='ltr'>verificato,</span> <span class='ocrx_word' id='word_1_145' title='bbox 1196 2337 1292 2403; x_wconf 84' lang='lat' dir='ltr'>facile</span> <span class='ocrx_word' id='word_1_146' title='bbox 1329 2348 1380 2403; x_wconf 88' lang='lat' dir='ltr'>est</span> <span class='ocrx_word' id='word_1_147' title='bbox 1419 2339 1564 2402; x_wconf 89' lang='lat' dir='ltr'>invenire</span> 
     </span>
     <span class='ocr_line' id='line_1_18' title="bbox 409 2442 1563 2528; baseline 0 -21"><span class='ocrx_word' id='word_1_148' title='bbox 409 2442 562 2508; x_wconf 84' lang='lat' dir='ltr'>calendas</span> <span class='ocrx_word' id='word_1_149' title='bbox 578 2466 637 2528; x_wconf 86' lang='lat' dir='ltr'>per</span> <span class='ocrx_word' id='word_1_150' title='bbox 653 2445 783 2509; x_wconf 89' lang='lat' dir='ltr'>tabulas</span> <span class='ocrx_word' id='word_1_151' title='bbox 800 2443 959 2528; x_wconf 88' lang='lat' dir='ltr'>speciales</span> <span class='ocrx_word' id='word_1_152' title='bbox 979 2445 1023 2508; x_wconf 91' lang='lat' dir='ltr'>ad</span> <span class='ocrx_word' id='word_1_153' title='bbox 1044 2444 1107 2508; x_wconf 91' lang='lat' dir='ltr'>hoc</span> <span class='ocrx_word' id='word_1_154' title='bbox 1127 2445 1340 2526; x_wconf 88' lang='lat' dir='ltr'>compositas.</span> <span class='ocrx_word' id='word_1_155' title='bbox 1387 2442 1563 2525; x_wconf 87' lang='lat' dir='ltr'>Quatenus</span> 
     </span>
     <span class='ocr_line' id='line_1_19' title="bbox 409 2545 1562 2631; baseline 0.003 -23"><span class='ocrx_word' id='word_1_156' title='bbox 409 2567 488 2612; x_wconf 90' lang='lat' dir='ltr'>vero</span> <span class='ocrx_word' id='word_1_157' title='bbox 503 2550 663 2614; x_wconf 89' lang='lat' dir='ltr'>excitatio</span> <span class='ocrx_word' id='word_1_158' title='bbox 680 2549 798 2613; x_wconf 90' lang='lat' dir='ltr'>mentis</span> <span class='ocrx_word' id='word_1_159' title='bbox 821 2549 879 2614; x_wconf 83' lang='lat' dir='ltr'>liat</span> <span class='ocrx_word' id='word_1_160' title='bbox 902 2550 945 2612; x_wconf 89' lang='lat' dir='ltr'>ad</span> <span class='ocrx_word' id='word_1_161' title='bbox 969 2547 1042 2624; x_wconf 92' lang='lat' dir='ltr'>hoc,</span> <span class='ocrx_word' id='word_1_162' title='bbox 1057 2568 1181 2631; x_wconf 88' lang='lat' dir='ltr'>ponam</span> <span class='ocrx_word' id='word_1_163' title='bbox 1203 2547 1257 2610; x_wconf 91' lang='lat' dir='ltr'>hic</span> <span class='ocrx_word' id='word_1_164' title='bbox 1280 2567 1380 2612; x_wconf 90' lang='lat' dir='ltr'>unam</span> <span class='ocrx_word' id='word_1_165' title='bbox 1404 2545 1562 2622; x_wconf 87' lang='lat' dir='ltr'>tabulam,</span> 
     </span>
     <span class='ocr_line' id='line_1_20' title="bbox 410 2651 1561 2736; baseline 0.001 -22"><span class='ocrx_word' id='word_1_166' title='bbox 410 2651 442 2715; x_wconf 92' lang='lat' dir='ltr'>in</span> <span class='ocrx_word' id='word_1_167' title='bbox 461 2672 527 2735; x_wconf 89' lang='lat' dir='ltr'>qua</span> <span class='ocrx_word' id='word_1_168' title='bbox 549 2654 731 2718; x_wconf 89' lang='lat' dir='ltr'>secundum</span> <span class='ocrx_word' id='word_1_169' title='bbox 751 2653 882 2719; x_wconf 89' lang='lat' dir='ltr'>tabulas</span> <span class='ocrx_word' id='word_1_170' title='bbox 905 2652 1139 2736; x_wconf 90' lang='lat' dir='ltr'>primationum</span> <span class='ocrx_word' id='word_1_171' title='bbox 1163 2653 1297 2717; x_wconf 90' lang='lat' dir='ltr'>inventa</span> <span class='ocrx_word' id='word_1_172' title='bbox 1320 2662 1370 2717; x_wconf 90' lang='lat' dir='ltr'>est</span> <span class='ocrx_word' id='word_1_173' title='bbox 1392 2651 1561 2735; x_wconf 91' lang='lat' dir='ltr'>oppositio</span> 
     </span>
     <span class='ocr_line' id='line_1_21' title="bbox 409 2755 1561 2842; baseline 0.003 -24"><span class='ocrx_word' id='word_1_174' title='bbox 409 2755 486 2821; x_wconf 83' lang='lat' dir='ltr'>solis</span> <span class='ocrx_word' id='word_1_175' title='bbox 509 2768 543 2821; x_wconf 90' lang='lat' dir='ltr'>et</span> <span class='ocrx_word' id='word_1_176' title='bbox 566 2758 663 2822; x_wconf 89' lang='lat' dir='ltr'>lunae</span> <span class='ocrx_word' id='word_1_177' title='bbox 686 2780 745 2842; x_wconf 89' lang='lat' dir='ltr'>per</span> <span class='ocrx_word' id='word_1_178' title='bbox 767 2778 881 2823; x_wconf 88' lang='lat' dir='ltr'>omnes</span> <span class='ocrx_word' id='word_1_179' title='bbox 894 2778 1000 2821; x_wconf 89' lang='lat' dir='ltr'>annos</span> <span class='ocrx_word' id='word_1_180' title='bbox 1023 2758 1158 2821; x_wconf 93' lang='lat' dir='ltr'>Domini</span> <span class='ocrx_word' id='word_1_181' title='bbox 1181 2777 1285 2841; x_wconf 91' lang='lat' dir='ltr'>usque</span> <span class='ocrx_word' id='word_1_182' title='bbox 1307 2756 1351 2822; x_wconf 88' lang='lat' dir='ltr'>ad</span> <span class='ocrx_word' id='word_1_183' title='bbox 1367 2758 1507 2829; x_wconf 86' lang='lat' dir='ltr'>xxxviii.</span> <span class='ocrx_word' id='word_1_184' title='bbox 1524 2768 1561 2821; x_wconf 90' lang='lat' dir='ltr'>ut</span> 
     </span>
     <span class='ocr_line' id='line_1_22' title="bbox 408 2860 1558 2945; baseline 0.002 -23"><span class='ocrx_word' id='word_1_185' title='bbox 408 2860 534 2924; x_wconf 92' lang='lat' dir='ltr'>scilicet</span> <span class='ocrx_word' id='word_1_186' title='bbox 551 2862 701 2927; x_wconf 91' lang='lat' dir='ltr'>videatur</span> <span class='ocrx_word' id='word_1_187' title='bbox 717 2863 749 2926; x_wconf 90' lang='lat' dir='ltr'>in</span> <span class='ocrx_word' id='word_1_188' title='bbox 766 2883 833 2944; x_wconf 91' lang='lat' dir='ltr'>quo</span> <span class='ocrx_word' id='word_1_189' title='bbox 848 2882 937 2926; x_wconf 89' lang='lat' dir='ltr'>anuo</span> <span class='ocrx_word' id='word_1_190' title='bbox 959 2862 1081 2926; x_wconf 90' lang='lat' dir='ltr'>accidit</span> <span class='ocrx_word' id='word_1_191' title='bbox 1096 2862 1129 2925; x_wconf 92' lang='lat' dir='ltr'>in</span> <span class='ocrx_word' id='word_1_192' title='bbox 1145 2861 1269 2926; x_wconf 90' lang='lat' dir='ltr'>Martio</span> <span class='ocrx_word' id='word_1_193' title='bbox 1285 2861 1413 2924; x_wconf 90' lang='lat' dir='ltr'>circiter</span> <span class='ocrx_word' id='word_1_194' title='bbox 1432 2862 1558 2945; x_wconf 86' lang='lat' dir='ltr'>passio·</span> 
     </span>
     <span class='ocr_line' id='line_1_23' title="bbox 409 2964 1559 3050; baseline 0.002 -24"><span class='ocrx_word' id='word_1_195' title='bbox 409 2984 485 3027; x_wconf 90' lang='lat' dir='ltr'>nem</span> <span class='ocrx_word' id='word_1_196' title='bbox 503 2964 649 3044; x_wconf 88' lang='lat' dir='ltr'>Domini,</span> <span class='ocrx_word' id='word_1_197' title='bbox 668 2978 701 3031; x_wconf 94' lang='lat' dir='ltr'>et</span> <span class='ocrx_word' id='word_1_198' title='bbox 718 2968 750 3031; x_wconf 92' lang='lat' dir='ltr'>in</span> <span class='ocrx_word' id='word_1_199' title='bbox 766 2988 832 3050; x_wconf 91' lang='lat' dir='ltr'>quo</span> <span class='ocrx_word' id='word_1_200' title='bbox 849 2968 881 3030; x_wconf 94' lang='lat' dir='ltr'>in</span> <span class='ocrx_word' id='word_1_201' title='bbox 897 2965 1018 3049; x_wconf 87' lang='lat' dir='ltr'>Aprili.</span> <span class='ocrx_word' id='word_1_202' title='bbox 1065 2966 1142 3030; x_wconf 92' lang='lat' dir='ltr'>Non</span> <span class='ocrx_word' id='word_1_203' title='bbox 1159 2976 1271 3029; x_wconf 88' lang='lat' dir='ltr'>tamen</span> <span class='ocrx_word' id='word_1_204' title='bbox 1289 2977 1425 3049; x_wconf 91' lang='lat' dir='ltr'>propter</span> <span class='ocrx_word' id='word_1_205' title='bbox 1439 2964 1559 3028; x_wconf 89' lang='lat' dir='ltr'>certifi-</span> 
     </span>
     <span class='ocr_line' id='line_1_24' title="bbox 408 3069 1560 3154; baseline 0.002 -23"><span class='ocrx_word' id='word_1_206' title='bbox 408 3069 572 3132; x_wconf 82' lang='lat' dir='ltr'>cationem</span> <span class='ocrx_word' id='word_1_207' title='bbox 591 3071 690 3153; x_wconf 90' lang='lat' dir='ltr'>hujus</span> <span class='ocrx_word' id='word_1_208' title='bbox 713 3071 759 3135; x_wconf 89' lang='lat' dir='ltr'>rei</span> <span class='ocrx_word' id='word_1_209' title='bbox 782 3091 871 3154; x_wconf 92' lang='lat' dir='ltr'>pono</span> <span class='ocrx_word' id='word_1_210' title='bbox 894 3070 979 3134; x_wconf 90' lang='lat' dir='ltr'>hanc</span> <span class='ocrx_word' id='word_1_211' title='bbox 1001 3070 1159 3146; x_wconf 88' lang='lat' dir='ltr'>tabulam,</span> <span class='ocrx_word' id='word_1_212' title='bbox 1175 3072 1233 3135; x_wconf 88' lang='lat' dir='ltr'>sed</span> <span class='ocrx_word' id='word_1_213' title='bbox 1258 3091 1318 3152; x_wconf 94' lang='lat' dir='ltr'>pro</span> <span class='ocrx_word' id='word_1_214' title='bbox 1337 3070 1507 3151; x_wconf 85' lang='lat' dir='ltr'>exemplo,</span> <span class='ocrx_word' id='word_1_215' title='bbox 1523 3080 1560 3133; x_wconf 91' lang='lat' dir='ltr'>ut</span> 
     </span>
     <span class='ocr_line' id='line_1_25' title="bbox 407 3173 1559 3258; baseline 0.003 -23"><span class='ocrx_word' id='word_1_216' title='bbox 407 3173 558 3238; x_wconf 88' lang='lat' dir='ltr'>videatur</span> <span class='ocrx_word' id='word_1_217' title='bbox 574 3177 692 3240; x_wconf 92' lang='lat' dir='ltr'>modus</span> <span class='ocrx_word' id='word_1_218' title='bbox 708 3174 925 3257; x_wconf 88' lang='lat' dir='ltr'>persuadendi</span> <span class='ocrx_word' id='word_1_219' title='bbox 942 3175 974 3238; x_wconf 92' lang='lat' dir='ltr'>in</span> <span class='ocrx_word' id='word_1_220' title='bbox 990 3174 1053 3239; x_wconf 89' lang='lat' dir='ltr'>hac</span> <span class='ocrx_word' id='word_1_221' title='bbox 1068 3184 1162 3258; x_wconf 88' lang='lat' dir='ltr'>parte</span> <span class='ocrx_word' id='word_1_222' title='bbox 1177 3196 1184 3253; x_wconf 90' lang='lat'>;</span> <span class='ocrx_word' id='word_1_223' title='bbox 1207 3194 1283 3238; x_wconf 89' lang='lat' dir='ltr'>nam</span> <span class='ocrx_word' id='word_1_224' title='bbox 1301 3173 1494 3238; x_wconf 88' lang='lat' dir='ltr'>certificatio</span> <span class='ocrx_word' id='word_1_225' title='bbox 1509 3186 1559 3238; x_wconf 92' lang='lat' dir='ltr'>est</span> 
     </span>
     <span class='ocr_line' id='line_1_26' title="bbox 406 3277 1560 3363; baseline 0.003 -24"><span class='ocrx_word' id='word_1_226' title='bbox 406 3277 502 3342; x_wconf 89' lang='lat' dir='ltr'>valde</span> <span class='ocrx_word' id='word_1_227' title='bbox 527 3278 668 3344; x_wconf 88' lang='lat' dir='ltr'>difficilis</span> <span class='ocrx_word' id='word_1_228' title='bbox 691 3291 827 3363; x_wconf 88' lang='lat' dir='ltr'>propter</span> <span class='ocrx_word' id='word_1_229' title='bbox 847 3279 920 3358; x_wconf 88' lang='lat' dir='ltr'>hoc,</span> <span class='ocrx_word' id='word_1_230' title='bbox 943 3278 1034 3361; x_wconf 92' lang='lat' dir='ltr'>quod</span> <span class='ocrx_word' id='word_1_231' title='bbox 1062 3289 1173 3344; x_wconf 87' lang='lat' dir='ltr'>motus</span> <span class='ocrx_word' id='word_1_232' title='bbox 1199 3278 1367 3341; x_wconf 92' lang='lat' dir='ltr'>coelorum</span> <span class='ocrx_word' id='word_1_233' title='bbox 1394 3298 1461 3342; x_wconf 86' lang='lat' dir='ltr'>non</span> <span class='ocrx_word' id='word_1_234' title='bbox 1482 3288 1560 3343; x_wconf 87' lang='lat' dir='ltr'>sunt</span> 
     </span>
     <span class='ocr_line' id='line_1_27' title="bbox 407 3382 1558 3466; baseline 0.002 -21"><span class='ocrx_word' id='word_1_235' title='bbox 407 3384 542 3447; x_wconf 92' lang='lat' dir='ltr'>omnino</span> <span class='ocrx_word' id='word_1_236' title='bbox 564 3382 743 3457; x_wconf 84' lang='lat' dir='ltr'>certificati,</span> <span class='ocrx_word' id='word_1_237' title='bbox 759 3404 819 3448; x_wconf 90' lang='lat' dir='ltr'>nec</span> <span class='ocrx_word' id='word_1_238' title='bbox 839 3383 973 3448; x_wconf 88' lang='lat' dir='ltr'>tabulae</span> <span class='ocrx_word' id='word_1_239' title='bbox 992 3382 1235 3466; x_wconf 89' lang='lat' dir='ltr'>qualescunque</span> <span class='ocrx_word' id='word_1_240' title='bbox 1254 3382 1421 3446; x_wconf 88' lang='lat' dir='ltr'>sufficiunt</span> <span class='ocrx_word' id='word_1_241' title='bbox 1441 3385 1473 3445; x_wconf 92' lang='lat' dir='ltr'>in</span> <span class='ocrx_word' id='word_1_242' title='bbox 1495 3383 1558 3447; x_wconf 88' lang='lat' dir='ltr'>hoc</span> 
     </span>
     <span class='ocr_line' id='line_1_28' title="bbox 406 3485 1559 3568; baseline 0 -17"><span class='ocrx_word' id='word_1_243' title='bbox 406 3506 493 3551; x_wconf 84' lang='lat' dir='ltr'>casu.</span> <span class='ocrx_word' id='word_1_244' title='bbox 541 3488 640 3552; x_wconf 89' lang='lat' dir='ltr'>Multi</span> <span class='ocrx_word' id='word_1_245' title='bbox 665 3491 752 3553; x_wconf 86' lang='lat' dir='ltr'>enim</span> <span class='ocrx_word' id='word_1_246' title='bbox 777 3489 810 3552; x_wconf 92' lang='lat' dir='ltr'>in</span> <span class='ocrx_word' id='word_1_247' title='bbox 833 3486 1036 3553; x_wconf 90' lang='lat' dir='ltr'>astronomia</span> <span class='ocrx_word' id='word_1_248' title='bbox 1062 3487 1159 3568; x_wconf 90' lang='lat' dir='ltr'>periti</span> <span class='ocrx_word' id='word_1_249' title='bbox 1185 3485 1420 3551; x_wconf 90' lang='lat' dir='ltr'>laboraverunt</span> <span class='ocrx_word' id='word_1_250' title='bbox 1443 3486 1506 3561; x_wconf 88' lang='lat' dir='ltr'>hic,</span> <span class='ocrx_word' id='word_1_251' title='bbox 1522 3497 1559 3551; x_wconf 89' lang='lat' dir='ltr'>ut</span> 
     </span>
     <span class='ocr_line' id='line_1_29' title="bbox 405 3578 1558 3675; baseline 0.003 -23"><span class='ocrx_word' id='word_1_252' title='bbox 405 3590 465 3653; x_wconf 88' lang='lat' dir='ltr'>has</span> <span class='ocrx_word' id='word_1_253' title='bbox 488 3594 713 3675; x_wconf 90' lang='lat' dir='ltr'>oppositiones</span> <span class='ocrx_word' id='word_1_254' title='bbox 736 3592 814 3656; x_wconf 91' lang='lat' dir='ltr'>solis</span> <span class='ocrx_word' id='word_1_255' title='bbox 830 3578 871 3656; x_wconf 85' lang='lat' dir='ltr'>et</span> <span class='ocrx_word' id='word_1_256' title='bbox 893 3590 991 3665; x_wconf 87' lang='lat' dir='ltr'>lunae</span> <span class='ocrx_word' id='word_1_257' title='bbox 1014 3592 1207 3669; x_wconf 89' lang='lat' dir='ltr'>invenirent,</span> <span class='ocrx_word' id='word_1_258' title='bbox 1225 3601 1259 3655; x_wconf 90' lang='lat' dir='ltr'>et</span> <span class='ocrx_word' id='word_1_259' title='bbox 1285 3611 1352 3655; x_wconf 92' lang='lat' dir='ltr'>non</span> <span class='ocrx_word' id='word_1_260' title='bbox 1380 3602 1558 3674; x_wconf 85' lang='lat' dir='ltr'>potuerunt</span> 
     </span>
     <span class='ocr_line' id='line_1_30' title="bbox 406 3694 1559 3779; baseline 0.001 -23"><span class='ocrx_word' id='word_1_261' title='bbox 406 3694 551 3757; x_wconf 91' lang='lat' dir='ltr'>invenire</span> <span class='ocrx_word' id='word_1_262' title='bbox 578 3716 702 3759; x_wconf 90' lang='lat' dir='ltr'>annum</span> <span class='ocrx_word' id='word_1_263' title='bbox 733 3696 896 3779; x_wconf 91' lang='lat' dir='ltr'>passionis</span> <span class='ocrx_word' id='word_1_264' title='bbox 924 3716 945 3759; x_wconf 92' lang='lat' dir='ltr'>a</span> <span class='ocrx_word' id='word_1_265' title='bbox 975 3715 1051 3758; x_wconf 90' lang='lat' dir='ltr'>xxx</span> <span class='ocrx_word' id='word_1_266' title='bbox 1082 3694 1114 3758; x_wconf 90' lang='lat' dir='ltr'>in</span> <span class='ocrx_word' id='word_1_267' title='bbox 1147 3716 1253 3770; x_wconf 84' lang='lat' dir='ltr'>xxxv,</span> <span class='ocrx_word' id='word_1_268' title='bbox 1285 3696 1340 3759; x_wconf 90' lang='lat' dir='ltr'>ubi</span> <span class='ocrx_word' id='word_1_269' title='bbox 1371 3696 1404 3758; x_wconf 90' lang='lat' dir='ltr'>in</span> <span class='ocrx_word' id='word_1_270' title='bbox 1437 3694 1559 3759; x_wconf 91' lang='lat' dir='ltr'>Martio</span> 
     </span>
     <span class='ocr_line' id='line_1_31' title="bbox 405 3800 1558 3881; baseline 0.003 -21"><span class='ocrx_word' id='word_1_271' title='bbox 405 3809 492 3862; x_wconf 89' lang='lat' dir='ltr'>esset</span> <span class='ocrx_word' id='word_1_272' title='bbox 508 3800 676 3881; x_wconf 90' lang='lat' dir='ltr'>oppositio</span> <span class='ocrx_word' id='word_1_273' title='bbox 693 3800 724 3862; x_wconf 93' lang='lat' dir='ltr'>in</span> <span class='ocrx_word' id='word_1_274' title='bbox 740 3800 795 3863; x_wconf 92' lang='lat' dir='ltr'>die</span> <span class='ocrx_word' id='word_1_275' title='bbox 811 3800 961 3870; x_wconf 84' lang='lat' dir='ltr'>Veneris,</span> <span class='ocrx_word' id='word_1_276' title='bbox 978 3819 1039 3862; x_wconf 90' lang='lat' dir='ltr'>nec</span> <span class='ocrx_word' id='word_1_277' title='bbox 1054 3800 1127 3863; x_wconf 91' lang='lat' dir='ltr'>dies</span> <span class='ocrx_word' id='word_1_278' title='bbox 1144 3809 1221 3863; x_wconf 89' lang='lat' dir='ltr'>ante</span> <span class='ocrx_word' id='word_1_279' title='bbox 1237 3800 1481 3881; x_wconf 88' lang='lat' dir='ltr'>oppositionem</span> <span class='ocrx_word' id='word_1_280' title='bbox 1498 3820 1558 3863; x_wconf 90' lang='lat' dir='ltr'>nec</span> 
     </span>
     <span class='ocr_line' id='line_1_32' title="bbox 404 3902 1559 3986; baseline 0.003 -23"><span class='ocrx_word' id='word_1_281' title='bbox 404 3902 579 3983; x_wconf 90' lang='lat' dir='ltr'>proximus</span> <span class='ocrx_word' id='word_1_282' title='bbox 600 3913 686 3985; x_wconf 89' lang='lat' dir='ltr'>post,</span> <span class='ocrx_word' id='word_1_283' title='bbox 702 3905 748 3967; x_wconf 91' lang='lat' dir='ltr'>ita</span> <span class='ocrx_word' id='word_1_284' title='bbox 763 3906 853 3985; x_wconf 93' lang='lat' dir='ltr'>quod</span> <span class='ocrx_word' id='word_1_285' title='bbox 869 3924 945 3966; x_wconf 87' lang='lat' dir='ltr'>cum</span> <span class='ocrx_word' id='word_1_286' title='bbox 962 3904 1114 3986; x_wconf 88' lang='lat' dir='ltr'>passione</span> <span class='ocrx_word' id='word_1_287' title='bbox 1131 3907 1354 3969; x_wconf 88' lang='lat' dir='ltr'>concordaret.</span> <span class='ocrx_word' id='word_1_288' title='bbox 1400 3902 1473 3967; x_wconf 93' lang='lat' dir='ltr'>Nec</span> <span class='ocrx_word' id='word_1_289' title='bbox 1496 3924 1559 3986; x_wconf 86' lang='lat' dir='ltr'>ego</span> 
     </span>
     <span class='ocr_line' id='line_1_33' title="bbox 406 4006 1558 4093; baseline 0.002 -24"><span class='ocrx_word' id='word_1_290' title='bbox 406 4006 500 4087; x_wconf 90' lang='lat' dir='ltr'>potui</span> <span class='ocrx_word' id='word_1_291' title='bbox 517 4007 661 4071; x_wconf 89' lang='lat' dir='ltr'>invenire</span> <span class='ocrx_word' id='word_1_292' title='bbox 681 4008 800 4071; x_wconf 88' lang='lat' dir='ltr'>adhuc.</span> <span class='ocrx_word' id='word_1_293' title='bbox 845 4008 915 4073; x_wconf 93' lang='lat' dir='ltr'>Ubi</span> <span class='ocrx_word' id='word_1_294' title='bbox 936 4017 1049 4072; x_wconf 90' lang='lat' dir='ltr'>tamen</span> <span class='ocrx_word' id='word_1_295' title='bbox 1072 4008 1194 4089; x_wconf 87' lang='lat' dir='ltr'>poterit</span> <span class='ocrx_word' id='word_1_296' title='bbox 1213 4009 1383 4093; x_wconf 90' lang='lat' dir='ltr'>oppositio</span> <span class='ocrx_word' id='word_1_297' title='bbox 1404 4028 1480 4073; x_wconf 89' lang='lat' dir='ltr'>cum</span> <span class='ocrx_word' id='word_1_298' title='bbox 1505 4010 1558 4073; x_wconf 90' lang='lat' dir='ltr'>die</span> 
     </span>
     <span class='ocr_line' id='line_1_34' title="bbox 404 4109 1559 4195; baseline 0.002 -22"><span class='ocrx_word' id='word_1_299' title='bbox 404 4110 543 4173; x_wconf 86' lang='lat' dir='ltr'>Veneris</span> <span class='ocrx_word' id='word_1_300' title='bbox 561 4110 696 4175; x_wconf 89' lang='lat' dir='ltr'>inveniri</span> <span class='ocrx_word' id='word_1_301' title='bbox 718 4112 900 4176; x_wconf 90' lang='lat' dir='ltr'>secundum</span> <span class='ocrx_word' id='word_1_302' title='bbox 920 4110 1069 4175; x_wconf 86' lang='lat' dir='ltr'>tabulam</span> <span class='ocrx_word' id='word_1_303' title='bbox 1089 4121 1300 4193; x_wconf 88' lang='lat' dir='ltr'>praesentem</span> <span class='ocrx_word' id='word_1_304' title='bbox 1311 4109 1332 4193; x_wconf 85' lang='lat'>¹,</span> <span class='ocrx_word' id='word_1_305' title='bbox 1352 4112 1482 4195; x_wconf 89' lang='lat' dir='ltr'>patebit</span> <span class='ocrx_word' id='word_1_306' title='bbox 1500 4133 1559 4195; x_wconf 90' lang='lat' dir='ltr'>per</span> 
     </span>
    </p>
   </div>
   <div class='ocr_carea' id='block_1_3' title="bbox 404 4215 745 4298">
    <p class='ocr_par' dir='ltr' id='par_1_3' title="bbox 404 4215 745 4298">
     <span class='ocr_line' id='line_1_35' title="bbox 404 4215 745 4298; baseline -0.003 -18"><span class='ocrx_word' id='word_1_307' title='bbox 404 4215 475 4298; x_wconf 89' lang='lat' dir='ltr'>ejus</span> <span class='ocrx_word' id='word_1_308' title='bbox 490 4216 745 4298; x_wconf 89' lang='lat' dir='ltr'>expositionem.</span> 
     </span>
    </p>
   </div>
   <div class='ocr_carea' id='block_1_4' title="bbox 402 4344 1558 4722">
    <p class='ocr_par' dir='ltr' id='par_1_4' title="bbox 402 4344 1558 4722">
     <span class='ocr_line' id='line_1_36' title="bbox 437 4344 1558 4408; baseline 0.001 -16"><span class='ocrx_word' id='word_1_309' title='bbox 437 4344 446 4373; x_wconf 85' lang='lat'>¹</span> <span class='ocrx_word' id='word_1_310' title='bbox 461 4344 525 4393; x_wconf 87' lang='lat' dir='ltr'>&#39;l&#39;his</span> <span class='ocrx_word' id='word_1_311' title='bbox 537 4346 559 4393; x_wconf 84' lang='lat' dir='ltr'>is</span> <span class='ocrx_word' id='word_1_312' title='bbox 570 4344 701 4407; x_wconf 87' lang='lat' dir='ltr'>evidently</span> <span class='ocrx_word' id='word_1_313' title='bbox 710 4352 755 4394; x_wconf 88' lang='lat' dir='ltr'>not</span> <span class='ocrx_word' id='word_1_314' title='bbox 766 4346 811 4394; x_wconf 89' lang='lat' dir='ltr'>the</span> <span class='ocrx_word' id='word_1_315' title='bbox 820 4344 887 4395; x_wconf 82' lang='lat' dir='ltr'>table</span> <span class='ocrx_word' id='word_1_316' title='bbox 895 4345 1011 4395; x_wconf 81' lang='lat' dir='ltr'>referred</span> <span class='ocrx_word' id='word_1_317' title='bbox 1017 4352 1044 4394; x_wconf 88' lang='lat' dir='ltr'>to</span> <span class='ocrx_word' id='word_1_318' title='bbox 1054 4345 1080 4393; x_wconf 91' lang='lat' dir='ltr'>in</span> <span class='ocrx_word' id='word_1_319' title='bbox 1092 4344 1164 4408; x_wconf 80' lang='lat' dir='ltr'>Opus</span> <span class='ocrx_word' id='word_1_320' title='bbox 1175 4344 1292 4408; x_wconf 73' lang='lat' dir='ltr'>renium,</span> <span class='ocrx_word' id='word_1_321' title='bbox 1303 4346 1377 4407; x_wconf 81' lang='lat' dir='ltr'>chap.</span> <span class='ocrx_word' id='word_1_322' title='bbox 1388 4358 1420 4406; x_wconf 77' lang='lat'>54</span> <span class='ocrx_word' id='word_1_323' title='bbox 1429 4344 1558 4407; x_wconf 83' lang='lat' dir='ltr'>(Brewer,</span> 
     </span>
     <span class='ocr_line' id='line_1_37' title="bbox 402 4422 1558 4489; baseline 0.002 -19"><span class='ocrx_word' id='word_1_324' title='bbox 402 4438 427 4485; x_wconf 90' lang='lat' dir='ltr'>p.</span> <span class='ocrx_word' id='word_1_325' title='bbox 437 4422 506 4487; x_wconf 81' lang='lat'>215).</span> <span class='ocrx_word' id='word_1_326' title='bbox 527 4422 569 4471; x_wconf 87' lang='lat' dir='ltr'>He</span> <span class='ocrx_word' id='word_1_327' title='bbox 578 4438 639 4485; x_wconf 82' lang='lat' dir='ltr'>says</span> <span class='ocrx_word' id='word_1_328' title='bbox 646 4426 672 4472; x_wconf 90' lang='lat' dir='ltr'>in</span> <span class='ocrx_word' id='word_1_329' title='bbox 680 4424 734 4472; x_wconf 87' lang='lat' dir='ltr'>that</span> <span class='ocrx_word' id='word_1_330' title='bbox 743 4439 861 4485; x_wconf 81' lang='lat' dir='ltr'>passage,</span> <span class='ocrx_word' id='word_1_331' title='bbox 871 4429 877 4451; x_wconf 91' lang='lat'>‘</span> <span class='ocrx_word' id='word_1_332' title='bbox 886 4424 1026 4489; x_wconf 76' lang='lat' dir='ltr'>[Hebraei]</span> <span class='ocrx_word' id='word_1_333' title='bbox 1036 4431 1179 4487; x_wconf 81' lang='lat' dir='ltr'>posuerunt</span> <span class='ocrx_word' id='word_1_334' title='bbox 1188 4440 1265 4473; x_wconf 88' lang='lat' dir='ltr'>unam</span> <span class='ocrx_word' id='word_1_335' title='bbox 1274 4422 1386 4472; x_wconf 78' lang='lat' dir='ltr'>tabulam</span> <span class='ocrx_word' id='word_1_336' title='bbox 1392 4438 1425 4471; x_wconf 86' lang='lat' dir='ltr'>err</span> <span class='ocrx_word' id='word_1_337' title='bbox 1435 4424 1558 4472; x_wconf 84' lang='lat' dir='ltr'>tredecim</span> 
     </span>
     <span class='ocr_line' id='line_1_38' title="bbox 403 4500 1557 4565; baseline 0.003 -17"><span class='ocrx_word' id='word_1_338' title='bbox 403 4500 482 4562; x_wconf 78' lang='lat' dir='ltr'>cyclis</span> <span class='ocrx_word' id='word_1_339' title='bbox 498 4501 590 4551; x_wconf 82' lang='lat' dir='ltr'>talibus</span> <span class='ocrx_word' id='word_1_340' title='bbox 606 4502 635 4565; x_wconf 75' lang='lat' dir='ltr'>(i.</span> <span class='ocrx_word' id='word_1_341' title='bbox 644 4518 667 4551; x_wconf 92' lang='lat' dir='ltr'>e.</span> <span class='ocrx_word' id='word_1_342' title='bbox 685 4502 766 4564; x_wconf 81' lang='lat' dir='ltr'>cyclis</span> <span class='ocrx_word' id='word_1_343' title='bbox 781 4502 933 4562; x_wconf 77' lang='lat' dir='ltr'>lunaribusl,</span> <span class='ocrx_word' id='word_1_344' title='bbox 946 4518 997 4565; x_wconf 88' lang='lat' dir='ltr'>qua</span> <span class='ocrx_word' id='word_1_345' title='bbox 1011 4503 1127 4552; x_wconf 80' lang='lat' dir='ltr'>revoluta</span> <span class='ocrx_word' id='word_1_346' title='bbox 1141 4502 1304 4565; x_wconf 87' lang='lat' dir='ltr'>complentur</span> <span class='ocrx_word' id='word_1_347' title='bbox 1319 4516 1418 4564; x_wconf 81' lang='lat' dir='ltr'>omnes,</span> <span class='ocrx_word' id='word_1_348' title='bbox 1432 4510 1459 4550; x_wconf 85' lang='lat' dir='ltr'>et</span> <span class='ocrx_word' id='word_1_349' title='bbox 1472 4501 1557 4551; x_wconf 86' lang='lat' dir='ltr'>omnia</span> 
     </span>
     <span class='ocr_line' id='line_1_39' title="bbox 404 4580 1557 4643; baseline 0.002 -17"><span class='ocrx_word' id='word_1_350' title='bbox 404 4580 512 4628; x_wconf 90' lang='lat' dir='ltr'>redeunt</span> <span class='ocrx_word' id='word_1_351' title='bbox 529 4581 561 4628; x_wconf 93' lang='lat' dir='ltr'>ad</span> <span class='ocrx_word' id='word_1_352' title='bbox 581 4580 647 4629; x_wconf 88' lang='lat' dir='ltr'>idern</span> <span class='ocrx_word' id='word_1_353' title='bbox 666 4582 790 4643; x_wconf 85' lang='lat' dir='ltr'>temporis</span> <span class='ocrx_word' id='word_1_354' title='bbox 809 4580 973 4643; x_wconf 88' lang='lat' dir='ltr'>principium.</span> <span class='ocrx_word' id='word_1_355' title='bbox 1009 4581 1042 4630; x_wconf 83' lang='lat' dir='ltr'>Et</span> <span class='ocrx_word' id='word_1_356' title='bbox 1059 4582 1100 4629; x_wconf 91' lang='lat' dir='ltr'>bic</span> <span class='ocrx_word' id='word_1_357' title='bbox 1118 4582 1206 4642; x_wconf 89' lang='lat' dir='ltr'>cyclus</span> <span class='ocrx_word' id='word_1_358' title='bbox 1224 4596 1280 4629; x_wconf 89' lang='lat' dir='ltr'>cum</span> <span class='ocrx_word' id='word_1_359' title='bbox 1301 4580 1444 4629; x_wconf 81' lang='lat' dir='ltr'>canonibus</span> <span class='ocrx_word' id='word_1_360' title='bbox 1460 4580 1515 4629; x_wconf 85' lang='lat' dir='ltr'>suis</span> <span class='ocrx_word' id='word_1_361' title='bbox 1531 4586 1557 4628; x_wconf 88' lang='lat' dir='ltr'>et</span> 
     </span>
     <span class='ocr_line' id='line_1_40' title="bbox 402 4657 1556 4722; baseline 0.002 -18"><span class='ocrx_word' id='word_1_362' title='bbox 402 4658 606 4720; x_wconf 86' lang='lat' dir='ltr'>expositionibus</span> <span class='ocrx_word' id='word_1_363' title='bbox 623 4668 663 4708; x_wconf 85' lang='lat' dir='ltr'>est</span> <span class='ocrx_word' id='word_1_364' title='bbox 680 4660 749 4722; x_wconf 86' lang='lat' dir='ltr'>apud</span> <span class='ocrx_word' id='word_1_365' title='bbox 766 4674 812 4708; x_wconf 86' lang='lat' dir='ltr'>eos</span> <span class='ocrx_word' id='word_1_366' title='bbox 830 4659 879 4708; x_wconf 89' lang='lat' dir='ltr'>loci</span> <span class='ocrx_word' id='word_1_367' title='bbox 897 4660 1011 4721; x_wconf 85' lang='lat' dir='ltr'>computi</span> <span class='ocrx_word' id='word_1_368' title='bbox 1028 4667 1054 4709; x_wconf 86' lang='lat' dir='ltr'>et</span> <span class='ocrx_word' id='word_1_369' title='bbox 1072 4659 1213 4707; x_wconf 80' lang='lat' dir='ltr'>kalendarii</span> <span class='ocrx_word' id='word_1_370' title='bbox 1230 4659 1300 4722; x_wconf 82' lang='lat' dir='ltr'>apud</span> <span class='ocrx_word' id='word_1_371' title='bbox 1317 4674 1366 4708; x_wconf 85' lang='lat' dir='ltr'>nos</span> <span class='ocrx_word' id='word_1_372' title='bbox 1383 4666 1506 4720; x_wconf 74' lang='lat' dir='ltr'>quantum</span> <span class='ocrx_word' id='word_1_373' title='bbox 1523 4657 1556 4707; x_wconf 78' lang='lat' dir='ltr'>ad</span> 
     </span>
    </p>
   </div>
   <div class='ocr_carea' id='block_1_5' title="bbox 0 0 1792 5375">
    <p class='ocr_par' dir='ltr' id='par_1_5' title="bbox 0 0 1792 5375">
     <span class='ocr_line' id='line_1_41' title="bbox 0 0 1792 5375; baseline 0 4"><span class='ocrx_word' id='word_1_374' title='bbox 0 0 1792 5375; x_wconf 95' lang='lat' dir='ltr'> </span> 
     </span>
    </p>
   </div>
  </div>
 </body>
</html>
