3575 5375
408 642 759 704 MATHEMATICAE
782 644 834 703 IN
856 645 920 703 PH
925 646 1061 706 YSICIS
1088 648 1296 709 UTILITAS.
1371 666 1430 729 103

275 825 319 869 ex
335 806 547 869 astronomia.
595 806 641 869 Et
659 807 736 871 ideo
752 808 865 872 omnia
886 810 1156 891 praedicamenta
1173 811 1365 895 dependent
1384 834 1428 877 ex

275 910 463 993 cognitione
477 911 684 992 quantitatis,
699 912 742 975 de
757 932 825 994 qua
842 923 893 977 est
915 913 1159 992 mathematica,
1174 926 1207 979 et
1228 917 1306 981 ideo
1326 918 1429 981 virtus

276 1022 350 1077 tota
365 1012 490 1097 logicae
504 1014 672 1098 dependet
687 1037 731 1081 ex
750 1017 997 1082 mathematica.

690 1290 915 1358 Castrucuu
944 1293 1007 1359 111.

323 1445 361 1509 ln
376 1466 444 1528 quo
458 1446 618 1530 probatur
637 1468 697 1529 per
718 1450 880 1513 rationem
900 1451 990 1534 quod
1003 1452 1113 1514 omnis
1134 1452 1270 1516 scientia
1294 1454 1428 1537 requirit
1442 1474 1540 1524 Mathe

277 1551 558 1615 mathematicam.
725 1664 730 1672 .
1441 1541 1569 1669 miles

1440 1672 1499 1721 used
1512 1678 1539 1720 to

321 1743 423 1827 Quod
438 1765 519 1809 vero
537 1766 595 1827 per
610 1747 842 1810 auctoritatem
858 1748 901 1810 de
916 1755 989 1811 tota
1005 1747 1240 1814 mathematica
1255 1759 1426 1813 ostensum
1440 1736 1561 1787 ¹¹¹⁰³l¹⁸lt

277 1859 340 1926 est,
362 1858 472 1931 potest
495 1869 582 1912 nunc
603 1870 663 1933 per
685 1851 847 1914 rationem
869 1851 1021 1915 similiter
1047 1854 1186 1917 ostendi.
1234 1852 1280 1916 Et
1310 1854 1427 1937 primo,
1440 1803 1556 1918 iiidice

276 1954 356 2035 quia
391 1952 476 2017 aliae
512 1954 669 2019 scientiae
706 1963 843 2019 utuntur
879 1955 1045 2037 exemplis
1082 1956 1334 2032 mathematicis,
1369 1958 1428 2021 sed

276 2056 432 2139 exempla
469 2067 637 2140 ponuntur
672 2068 809 2142 propter
844 2060 1045 2123 evidentiam
1082 2080 1190 2123 rerum
1227 2061 1271 2124 de
1307 2062 1428 2144 quibus

276 2162 433 2227 scientiae
451 2162 716 2237 constituuntur3
738 2183 842 2244 quare
864 2163 1025 2245 ignoratis
1043 2164 1217 2247 exemplis,
1234 2166 1429 2246 ignorantur

277 2276 473 2349 eapropter
502 2285 643 2348 quorum
671 2266 924 2349 intelligentiam
955 2267 1175 2331 adducuntur.
1221 2267 1307 2333 Cum
1338 2270 1425 2332 enim

277 2370 430 2435 alteratio
458 2370 492 2433 in
522 2370 727 2435 naturalibus
764 2390 830 2433 non
861 2371 1047 2435 inveniatur
1084 2373 1155 2435 sine
1184 2381 1364 2454 augmento
1392 2384 1427 2436 et

277 2475 497 2538 diminutione
525 2475 776 2557 quibuscunque
805 2495 867 2538 nec
897 2474 979 2539 haec
1009 2476 1080 2539 sine
1110 2475 1323 2539 alteratione:
1362 2497 1427 2541 non

277 2580 386 2662 potuit
415 2578 616 2643 Aristoteles
639 2580 682 2643 ad
712 2598 833 2662 purum
864 2578 1076 2643 manifestare
1099 2578 1320 2644 differentiam
1344 2580 1428 2644 inter

277 2694 493 2766 augmentum
509 2694 543 2748 et
563 2684 792 2749 alterationem
813 2705 874 2768 per
893 2683 1028 2768 aliquod
1052 2683 1245 2766 exemplum
1271 2684 1429 2764 naturale,

277 2789 355 2871 quia
377 2808 509 2871 semper
537 2789 803 2853 concomitantur
823 2810 860 2853 se
882 2789 996 2872 aliquo
1019 2792 1140 2868 mod0;
1178 2799 1312 2873 propter
1338 2791 1428 2873 quod

277 2894 388 2976 posuit
404 2893 598 2977 exemplum
615 2893 886 2958 mathematicum
904 2892 937 2954 in
957 2893 1186 2977 quadrangulo
1203 2895 1293 2976 quod
1313 2894 1429 2958 addito

277 3017 444 3081 gnomone
473 2998 584 3074 crevit,
613 3008 647 3061 et
682 3017 749 3060 non
778 2996 949 3061 alteratur.
995 2995 1095 3078 Quod
1126 2996 1320 3079 exemplum
1351 3008 1430 3062 ante

276 3102 471 3184 vigesimam
491 3103 671 3166 secundam
699 3102 961 3184 propositionem
981 3103 1069 3167 sexti
1093 3102 1167 3166 libri
1188 3103 1428 3166 elementorum

278 3227 344 3271 non
373 3216 484 3288 potest
521 3205 673 3289 intelligi.
720 3206 759 3268 ln
799 3205 856 3271 illa
885 3206 974 3270 enim
1011 3206 1100 3270 sexti
1138 3205 1306 3289 probatur,
1336 3206 1429 3288 quod

277 3310 527 3395 quadrangulus
545 3310 654 3373 minor
672 3319 723 3375 est
740 3310 876 3374 omnino
896 3308 1013 3375 similis
1033 3309 1159 3392 majori.
1206 3309 1251 3373 Et
1268 3310 1342 3373 ideo
1363 3330 1428 3373 non

277 3414 438 3479 alteratur
468 3413 582 3488 minor,
615 3434 692 3478 cum
723 3412 782 3478 fiat
813 3412 919 3494 major
948 3414 991 3477 de
1021 3414 1148 3478 minore
1171 3434 1231 3498 per
1253 3414 1429 3498 gnomonis

277 3519 490 3584 additionem.

320 3622 488 3699 Secundo,
510 3622 589 3705 quia
612 3620 919 3686 mathematimmm
942 3641 1048 3684 rerum
1076 3621 1222 3704 cognitio
1252 3631 1303 3685 est
1331 3621 1515 3704 quasicom-
1545 3699 1551 3710 .

276 3729 374 3792 nobis
389 3729 513 3792 innata
559 3725 689 3791 Socrati
710 3726 798 3790 enim
821 3727 1036 3807 interroganti
1060 3726 1262 3808 geometrica
1280 3745 1300 3788 a
1325 3745 1426 3807 puero
1439 3700 1584 3763 prehensron

276 3833 424 3914 pusione,
439 3842 478 3895 ut
493 3831 610 3895 recitat
625 3828 755 3893 Tulllus
777 3830 883 3912 primo
909 3829 1172 3894 Tusculanamm
1192 3831 1425 3913 quaestionum
1439 3764 1562 3880 'omps

277 3936 324 4001 ita
337 3935 571 4018 respondebat,
587 3934 682 4017 quasi
706 3935 924 4016 geometriam
949 3934 1127 4000 didicisset.
1173 3934 1221 3999 Et
1238 3934 1303 4000 hoc
1326 3955 1426 4018 saepe
1439 3896 1529 4010 iffi,

274 4053 453 4123 expertum
472 4051 523 4103 est
539 4040 571 4102 in
587 4038 701 4103 multis
716 4059 724 4115 ;
750 4039 841 4120 quod
857 4058 925 4102 non
947 4039 1068 4103 accidit
1084 4039 1117 4101 in
1132 4037 1206 4102 aliis
1220 4039 1374 4116 scientiis,
1390 4050 1427 4105 ut

275 4145 551 4226 exsequentibus
574 4143 681 4225 magis
699 4144 762 4206 erit
783 4142 1002 4216 manifestum.
1048 4142 1261 4225 Quapropter
1286 4164 1362 4208 cum
1383 4147 1427 4208 sit

275 4249 370 4331 quasi
385 4249 508 4322 innata,
520 4257 555 4313 et
569 4256 730 4330 tanquam
741 4247 941 4328 praecedens
954 4248 1177 4312 inventionem
1188 4256 1221 4311 et
1230 4249 1429 4324 doctrinam,

275 4373 333 4418 seu
349 4353 466 4418 saltem
482 4352 591 4416 minus
614 4351 768 4433 indigens
782 4351 830 4415 eis
843 4371 945 4433 quam
961 4351 1046 4414 aliae
1061 4351 1226 4426 scientiae,
1242 4352 1350 4432 prima
1364 4354 1428 4414 erit

276 4457 361 4521 inter
388 4458 542 4520 scientias
570 4465 607 4521 et
637 4455 838 4538 praecedens
866 4455 960 4532 alias,
988 4455 1167 4538 disponens
1197 4475 1257 4519 nos
1282 4455 1325 4519 ad
1349 4474 1427 4532 eas;

274 4562 432 4644 quoniam
448 4581 535 4644 quae
550 4561 665 4624 innata
685 4571 763 4626 sunt
783 4559 834 4625 vel
855 4579 960 4643 prope
981 4560 1162 4643 disponunt
1187 4559 1230 4622 ad
1255 4559 1427 4641 acquisita.

319 4665 445 4744 Tertio,
474 4665 554 4748 quia
584 4666 667 4730 haec
695 4665 833 4730 scientia
860 4665 950 4746 prius
982 4673 1033 4728 est
1063 4664 1148 4727 inter
1174 4681 1290 4726 omnes
1315 4671 1426 4746 partes
