3575 5375
387 1344 693 1440 FRATRIS
744 1345 1019 1440 ROGERI
1069 1346 1318 1442 BACON

308 1608 572 1684 ORDlNlS
618 1611 935 1699 MINORUM,
976 1613 1132 1687 OPUS
1178 1612 1390 1710 MAJUS.

773 1915 928 1939 —00—

657 2140 815 2214 PARS
856 2140 1050 2214 PRIMA

574 2324 731 2408 umus
764 2324 1129 2400 Pansunsroms,

321 2497 365 2559 IN
382 2518 448 2580 qua
464 2497 687 2562 excluduntur
702 2509 844 2582 quatuor
866 2498 1064 2562 universales
1079 2518 1198 2562 causae
1213 2498 1315 2562 totius
1334 2498 1426 2581 igno·

275 2601 399 2664 tantiae
414 2601 586 2680 humanae,
601 2603 726 2666 habens
741 2611 882 2686 quatuor
896 2603 1132 2667 distinctiones.
1172 2602 1210 2665 In
1227 2604 1333 2685 prima
1342 2585 1426 2667 'sunt

275 2715 417 2787 quatuor
428 2706 582 2790 capitula.
622 2708 661 2770 In
677 2708 784 2790 primo
799 2708 879 2771 data
891 2707 993 2772 totius
1008 2708 1227 2789 persuasionis
1244 2709 1427 2773 intentione

277 2811 493 2891 reprobantur
507 2811 583 2875 illae
598 2821 741 2894 quatuor
755 2832 873 2876 causae
888 2812 1062 2875 universali
1078 2831 1237 2877 sermone.

717 3022 943 3089 Cnrmumm
968 3024 995 3086 l.

321 3168 512 3252 Sapientiae
536 3169 682 3253 perlecta
704 3170 924 3234 consideratio
948 3169 1097 3233 consistit
1121 3170 1154 3231 in
1176 3168 1316 3243 duobus,
1335 3169 1427 3233 vide·
1441 3178 1579 3257 nennium

275 3270 361 3348 licet,
386 3282 423 3336 ut
446 3273 598 3337 videatur
623 3274 703 3355 quid
734 3274 775 3338 ad
803 3293 877 3337 eam
906 3274 1088 3355 requiritur,
1112 3282 1275 3353 quatenus
1300 3274 1427 3355 optime
1440 3245 1591 3295 otwrsnom.

276 3377 416 3455 sciatur;
441 3378 561 3441 deinde
582 3377 752 3459 quomodo
775 3378 816 3441 ad
840 3378 953 3441 omnia
976 3385 1193 3459 comparetur,
1214 3386 1251 3440 ut
1274 3397 1426 3459 peream

278 3481 386 3545 modis
405 3482 558 3563 congruis
579 3482 769 3563 dirigantur.
817 3481 907 3545 Nam
928 3500 987 3562 per
1003 3480 1115 3543 lumen
1138 3480 1319 3562 sapientiae
1338 3480 1427 3545 ordi·

277 3594 375 3648 natur
390 3583 539 3649 Ecclesia
555 3584 628 3659 Dei,
645 3584 846 3666 Respublica
866 3582 1013 3648 fidelium
1032 3584 1228 3666 disponitur,
1243 3583 1426 3649 infidelium

277 3689 446 3753 conversio
473 3698 683 3771 procuratur3
710 3700 743 3754 et
770 3688 825 3767 illi,
850 3690 907 3772 qui
939 3689 971 3751 in
1003 3688 1129 3753 malitia
1155 3688 1316 3753 obstinati
1341 3700 1429 3767 sunt,

277 3792 389 3857 valent
413 3814 472 3879 per
494 3794 649 3857 virtutem
677 3793 860 3875 sapientiae
891 3793 1032 3876 reprimi,
1057 3802 1094 3856 ut
1116 3792 1235 3856 melius
1265 3814 1286 3857 a
1309 3790 1430 3859 finibus

279 3894 447 3961 Ecclesiae
478 3896 606 3979 longius
638 3895 804 3979 pellantur
828 3917 929 3979 quam
956 3916 1016 3979 per
1040 3894 1234 3960 effusionem
1260 3897 1430 3980 sanguinis

279 3999 466 4065 Christiani.
514 4000 634 4065 Omnia
657 4022 736 4065 vero
767 4020 852 4083 quae
882 4000 1032 4083 indigent
1059 4000 1218 4084 regimine
1247 4001 1430 4083 sapientiae

278 4104 321 4169 ad
342 4103 424 4168 haec
444 4114 584 4187 quatuor
604 4104 823 4180 reducuntur;
846 4124 906 4167 nec
929 4103 1077 4186 pluribus
1099 4113 1209 4186 potest
1232 4107 1430 4187 comparari.

280 4208 333 4272 De
360 4209 422 4272 hac
448 4209 547 4293 igitur
576 4209 738 4291 sapientia
764 4220 834 4273 tam
866 4204 968 4273 relate
991 4228 1091 4291 quam
1122 4209 1274 4275 absolute
1299 4212 1432 4275 scienda

280 4332 375 4386 nunc,
398 4314 580 4377 secundum
607 4322 755 4376 tenorem
783 4311 946 4395 epistolae
956 4311 978 4391 ¹,
1005 4314 1163 4396 quicquid
1189 4314 1314 4396 possim
1345 4316 1432 4379 circa

312 4464 320 4493 ¹
339 4465 470 4528 Epistolae
481 4466 668 4528 praecedentis,
681 4465 818 4514 Cottonien
832 4465 917 4527 MSS,
930 4465 981 4526 Jut
1001 4466 1033 4515 D.
1050 4482 1074 4514 v.
1088 4466 1230 4527 (hereaster
1240 4466 1352 4516 referred
1364 4476 1392 4517 to
1402 4484 1432 4518 es

279 4542 352 4604 Jull.
389 4544 453 4593 'l'lris
463 4558 519 4593 was
531 4544 575 4593 the
587 4544 663 4593 letter
676 4544 705 4593 ol
714 4544 787 4605 Pope
799 4543 918 4594 clement
931 4544 975 4594 lV.
1010 4544 1034 4592 lt
1045 4559 1092 4591 ran
1103 4544 1181 4592 thus:

315 4622 434 4671 ‘Dilecto
445 4622 500 4671 filio
512 4622 594 4671 Fratri
607 4622 722 4683 Rogerio
733 4623 803 4671 dicto
816 4623 919 4671 Beccon
931 4622 1030 4671 ordinis
1042 4621 1158 4670 Fratrum
1171 4621 1309 4672 Minor-um.

314 4700 400 4749 ‘Tuae
411 4700 558 4750 devotionis
569 4700 655 4749 literas
664 4707 797 4763 gretemer
808 4701 961 4764 recepimus,
970 4701 1017 4749 sed
1026 4707 1052 4749 et
1058 4700 1137 4749 verba
1144 4700 1288 4749 nonvimus
1295 4700 1432 4764 diligenter

324 4798 406 4848 VOL.
422 4798 446 4848 1.
846 4798 868 4849 B
