3575 5375
411 649 761 710 MATHEMATICAE
785 651 837 709 IN
858 651 1062 711 PHYSICIS
1089 653 1294 712 UTILITAS.
1370 670 1427 732 123

276 824 354 878 sunt
381 812 427 877 eis
442 815 697 896 respondentes.
744 813 874 879 Deinde
900 834 960 895 per
986 835 1098 879 casum
1125 816 1428 900 perpendicularem

276 927 406 981 tantum
422 919 490 981 duo
505 916 751 1000 conjunguntur
765 918 798 981 in
813 920 933 982 eodem
950 919 1023 983 loco
1038 920 1130 995 aeris,
1143 921 1275 998 scilicet,
1283 922 1428 984 incidens

278 1031 312 1086 et
327 1021 471 1086 reflexus
487 1021 558 1104 ejus
573 1043 718 1106 compar.
764 1022 831 1087 Sed
847 1043 908 1106 per
922 1044 1036 1087 casum
1054 1026 1096 1088 ad
1117 1026 1257 1106 angulos
1277 1025 1429 1108 obliquos

278 1126 457 1190 incidentes
473 1125 587 1190 infiniti
608 1148 644 1190 se
664 1127 859 1192 intersecant
879 1129 912 1191 in
932 1128 1080 1209 quolibet
1101 1140 1225 1212 puncto
1244 1130 1337 1193 aeris.
1383 1130 1429 1195 Et

278 1231 426 1296 similiter
449 1231 632 1296 incidentes
658 1242 833 1313 penetrant
856 1231 999 1296 reflexos
1022 1252 1088 1297 non
1111 1234 1172 1296 sibi
1190 1252 1373 1318 compares,
1395 1244 1430 1298 et

279 1334 394 1398 reflexi
424 1333 565 1398 reflexos
594 1335 753 1400 infinities.
816 1336 905 1401 Nam
933 1338 976 1401 ad
1006 1357 1106 1402 ornne
1136 1347 1294 1421 punctum
1325 1349 1431 1402 terrae

279 1440 425 1505 incidunt
441 1439 520 1503 radii
540 1439 664 1518 infiniti,
680 1451 713 1505 et
731 1442 774 1504 ab
792 1443 909 1506 eodem
932 1440 1047 1506 infiniti
1066 1442 1289 1518 reflectuntur,
1304 1452 1337 1506 et
1356 1443 1430 1506 ideo

280 1545 397 1609 sortior
422 1545 571 1628 operatio
594 1546 737 1608 nascitur
758 1545 804 1609 sic
827 1565 887 1629 per
908 1546 1059 1610 accidens
1090 1568 1135 1610 ex
1157 1546 1376 1611 incidentibus
1398 1557 1432 1610 et

281 1650 414 1714 reflexis
429 1651 471 1712 ad
490 1650 631 1731 angulos
646 1649 807 1733 obliquos,
818 1671 920 1734 quarn
936 1653 1107 1716 adrectos.
1154 1651 1221 1716 Ars
1231 1672 1310 1715 vero
1322 1661 1432 1734 potest

278 1755 394 1838 juvare
409 1763 563 1818 naturam
580 1739 823 1820 informatione
838 1756 993 1833 actionis3
1017 1775 1095 1818 nam
1108 1767 1220 1838 potest
1230 1757 1276 1821 sic
1292 1756 1434 1841 figurare

282 1859 423 1944 specula,
440 1869 476 1922 ut
492 1857 551 1922 fiat
571 1860 782 1943 congregatio
795 1861 955 1924 virtutum
975 1880 1098 1942 magna
1118 1880 1178 1943 per
1197 1862 1331 1943 specula
1354 1882 1433 1926 con·

282 1985 371 2034 cava,
395 1972 429 2028 et
460 1963 605 2027 maxime
635 1984 694 2046 per
724 1963 841 2042 ovalia,
862 1965 947 2029 sicut
977 1966 1102 2029 dictum
1132 1974 1194 2029 est.
1240 1965 1307 2029 Sed
1330 1966 1435 2029 virtus

283 2066 479 2153 principalis,
499 2068 621 2132 scilicet
643 2077 731 2132 recta
748 2069 852 2132 fracta
870 2079 906 2133 et
928 2067 1061 2142 reflexa,
1078 2080 1129 2132 est
1149 2068 1264 2132 sortior
1283 2070 1433 2134 acciden-

283 2173 352 2248 tali,
362 2173 440 2256 quia
456 2192 522 2236 non
532 2173 621 2236 venit
637 2173 847 2237 accidentalis
862 2174 907 2236 ab
921 2184 1052 2256 agente,
1063 2175 1121 2236 sed
1137 2193 1158 2236 a
1172 2174 1281 2256 specie
1296 2174 1433 2257 agentis,

283 2289 317 2343 et
332 2288 383 2342 est
398 2277 523 2361 species
538 2277 664 2362 speciei,
682 2288 816 2361 propter
832 2278 922 2360 quod
939 2276 1076 2342 debilior
1090 2286 1151 2340 est.

715 2550 942 2616 Cnrrruauu
967 2551 1013 2614 11.

345 2708 384 2772 In
399 2730 466 2791 quo
481 2708 706 2773 consideratur
720 2708 879 2771 fortitudo
895 2706 1033 2772 actionis
1048 2707 1231 2771 secundum
1247 2703 1378 2789 figuras.

331 2902 378 2965 Et
406 2920 481 2965 curn
512 2900 669 2983 pyramis,
694 2910 731 2965 ut
761 2902 884 2965 dictum
909 2908 970 2977 est,
995 2900 1176 2981 requiratur
1204 2899 1247 2962 ad
1273 2897 1436 2962 actionem
1449 2905 1524 2956 short
1535 2919 1610 2953 eones

288 3016 435 3081 naturae,
457 3006 732 3071 considerandum
759 3016 809 3070 est
832 3006 921 3088 quod
944 3024 1047 3067 conus
1069 3003 1224 3067 brevioris
1254 3003 1436 3087 pyramidis
1449 2971 1621 3100 ffizm

289 3110 405 3175 fortius
428 3120 591 3194 operatur,
614 3118 685 3173 tum
715 3111 791 3192 quia
821 3111 928 3173 minus
959 3109 1060 3172 distat
1088 3110 1132 3172 ab
1451 3102 1594 3164 1¹¹²¹¹l⁰¹¹b

288 3224 416 3297 agente,
447 3224 518 3278 tum
548 3213 625 3296 quia
657 3215 737 3278 radii
768 3212 1018 3279 conterminales
1048 3212 1133 3275 circa

289 3338 411 3383 conum
424 3310 603 3401 pyramidis
614 3318 769 3381 brevioris
781 3318 886 3399 magis
896 3317 1088 3392 vicinantur,
1099 3324 1135 3378 et

289 3422 405 3487 vicinia
420 3422 585 3486 radiorum
604 3442 642 3485 ac
658 3422 870 3505 congregatio
887 3419 1001 3484 fortius
1018 3438 1134 3501 opera-

290 3537 363 3604 tur3
390 3538 424 3591 et
446 3526 511 3590 hoc
535 3536 628 3609 patet
652 3526 684 3589 in
710 3524 825 3609 figura.
870 3525 961 3589 Nam
985 3544 1044 3607 per
1064 3522 1136 3586 xvii

292 3632 385 3716 primi
418 3631 656 3695 elementorum
691 3630 844 3704 Euclidis,
877 3649 994 3693 omncs
1024 3626 1136 3711 anguli

292 3738 377 3801 circa
393 3746 553 3821 punctum
572 3754 674 3798 unum
696 3736 728 3797 in
749 3733 920 3817 superficie
943 3753 1009 3797 non
1024 3732 1137 3796 valent

294 3842 354 3906 nisi
366 3852 510 3924 quatuor
524 3848 654 3918 rectos;
672 3859 751 3921 ergo
763 3848 906 3921 quatuor
920 3837 1032 3920 anguli
1047 3837 1137 3919 apud

294 3967 416 4013 conum
450 3944 631 4029 pyramidis
663 3944 820 4009 brevioris
851 3942 965 4008 valent
995 3942 1138 4025 reliquos

295 4062 439 4135 quatuor
452 4051 542 4135 apud
553 4069 676 4113 conum
691 4048 862 4131 longioris.
910 4046 978 4111 Sed
1000 4068 1059 4130 per
1076 4046 1138 4109 xxi

295 4156 455 4239 ejusdem,
472 4155 616 4237 angulus
638 4154 670 4216 in
687 4173 772 4218 cono
787 4151 970 4236 pyramidis
984 4152 1140 4216 brevioris
1294 4171 1308 4236 l
1332 4170 1353 4236 1,

295 4270 347 4327 est
371 4259 477 4342 major
502 4278 603 4341 quarn
629 4257 771 4343 angulus
797 4258 829 4320 in
852 4276 938 4321 cono
960 4254 1141 4339 pyramidis
1312 4228 1328 4335 ,l

297 4364 462 4447 longioris,
473 4362 599 4429 scilicet
613 4375 701 4429 aest
718 4361 823 4445 major
842 4380 945 4444 quam
963 4381 1001 4436 c;
1026 4369 1060 4423 et
1081 4378 1141 4441 per
1199 4400 1201 4404 .

297 4492 344 4535 xv
353 4470 511 4553 ejusdem,
528 4469 641 4553 anguli
657 4467 870 4551 contrapositi
886 4474 963 4529 sunt
977 4463 1141 4546 aequales,

298 4576 420 4641 scilicet
442 4596 465 4637 a
485 4582 519 4637 et
543 4574 570 4651 b,
593 4574 672 4637 item
695 4594 713 4635 c
735 4583 771 4636 et
791 4571 837 4649 a‘;
861 4590 942 4653 ergo
962 4589 980 4632 c
1001 4578 1036 4631 et
1058 4563 1201 4629 dsimul
1223 4561 1349 4645 sumpti
1372 4569 1448 4623 sunt

299 4680 441 4746 minores
466 4694 567 4759 quarn
596 4688 678 4742 aet
707 4676 727 4741 b
756 4674 853 4739 simul
880 4672 1068 4756 conjuncti;
1101 4690 1182 4752 ergo
1204 4684 1281 4731 cum
1306 4675 1449 4747 quatuor

1270 4402 1333 4450 Fre.
1346 4412 1369 4463 7.
