3575 5375
314 537 375 616 364
537 538 692 597 orrxrs
717 537 905 609 nrnJoxrs
929 537 1044 596 PARS
1067 534 1254 610 Qunam.

316 699 523 766 Christianos
560 712 630 766 tam
665 701 804 766 Latinos
840 721 942 784 quarn
978 700 1132 779 Graecos,
1163 700 1252 763 unde
1288 716 1356 763 non
1393 709 1472 765 sunt

315 805 522 880 schismatici,
553 817 587 871 et
617 816 766 889 pugnant
796 824 871 869 cum
901 804 1071 881 Tartaris;
1108 813 1142 868 et
1173 803 1326 867 similiter
1355 804 1471 867 Alani.

317 909 397 974 Post
413 930 470 973 eos
485 911 528 973 ad
544 911 705 975 orientem
722 920 799 974 sunt
822 908 987 982 Saraceni,
1006 908 1062 991 qui
1083 919 1246 973 vocantur
1266 909 1360 994 Lelgi
1372 907 1395 986 ¹,
1413 909 1471 990 qui

315 1021 450 1093 propter
464 1021 571 1076 terrae
589 1012 815 1077 fortitudinem
832 1022 982 1094 pugnant
1002 1032 1078 1075 cum
1093 1012 1252 1076 Tartaris.
1297 1012 1378 1076 Post
1396 1010 1472 1076 illos

314 1115 358 1178 ad
381 1116 540 1179 orientem
565 1125 642 1180 sunt
662 1127 776 1198 portae
799 1115 941 1198 Caspiae
964 1135 1064 1199 super
1086 1135 1176 1179 mare
1198 1114 1366 1199 Caspium,
1387 1135 1473 1196 quas

314 1217 511 1284 Alexander
534 1239 674 1302 magnus
701 1219 886 1284 construxit
914 1220 947 1281 in
973 1237 1133 1283 concursu
1161 1221 1334 1284 montium.
1381 1219 1472 1281 Nam

314 1343 389 1386 cum
400 1324 507 1388 voluit
523 1344 716 1407 expugnare
731 1332 864 1407 gentem
881 1323 1116 1405 aquilonarem,
1128 1343 1193 1386 non
1210 1324 1318 1406 potuit
1334 1333 1473 1406 propter

314 1427 401 1492 illius
416 1429 526 1510 gentis
541 1428 747 1492 ferocitatem
763 1439 798 1491 et
814 1427 1071 1491 multitudinem.
1106 1427 1161 1504 Et,
1173 1437 1211 1491 ut
1226 1428 1305 1491 dicit
1319 1427 1472 1504 Ethicus,

313 1532 407 1597 stetit
422 1552 480 1613 per
496 1553 618 1595 annum
635 1551 736 1595 unum
752 1543 787 1596 et
803 1550 931 1596 menses
946 1541 1025 1609 tres,
1041 1541 1079 1596 ut
1093 1530 1286 1597 defenderet
1301 1553 1337 1596 se
1352 1531 1396 1596 ab
1414 1531 1471 1609 eis,

314 1643 349 1699 et
369 1636 529 1718 ingemuit
549 1637 639 1717 quod
656 1635 731 1698 talis
752 1655 833 1718 gens
855 1636 997 1718 pessima
1015 1634 1130 1700 suisset
1151 1636 1183 1698 in
1205 1637 1355 1719 partibus
1375 1635 1472 1716 aqui-

314 1740 406 1819 lonis,
428 1748 462 1804 et
492 1739 692 1804 exclamavit
721 1742 763 1805 ad
793 1741 903 1804 Deum
933 1750 971 1804 ut
1000 1749 1184 1825 apponeret
1210 1740 1403 1815 remedium,
1429 1757 1472 1801 ne

315 1844 457 1906 mundus
492 1844 716 1908 destrueretur
745 1865 804 1928 per
832 1864 899 1909 eos
954 1842 1022 1909 Sed
1053 1844 1130 1908 licet
1160 1864 1227 1908 non
1258 1843 1320 1907 suit
1349 1843 1472 1926 dignus

314 1948 476 2024 exaudiri,
491 1957 602 2011 tamen
620 1947 711 2012 Deus
733 1969 793 2012 sua
807 1949 958 2012 bonitate
977 1957 1011 2012 et
1027 1956 1162 2032 propter
1177 1946 1320 2013 salutem
1339 1947 1472 2030 generis

313 2051 447 2117 humani
467 2051 565 2134 jussit
589 2051 658 2116 fieri
684 2062 791 2116 terrae
818 2062 946 2116 motum
972 2053 1168 2127 maximum,
1192 2061 1226 2115 et
1253 2061 1385 2115 montes
1412 2073 1473 2135 per

314 2157 457 2220 stadium
479 2157 643 2222 distantes
666 2156 831 2239 conjuncti
854 2168 932 2222 sunt
951 2177 1055 2240 usque
1078 2159 1119 2220 ad
1142 2157 1352 2221 latitudinem
1373 2155 1471 2219 unius

315 2271 439 2346 portae.

143 2362 304 2414 Alexander's
361 2365 406 2429 Et
436 2363 633 2431 Alexander
662 2375 741 2430 tunc
778 2365 856 2431 fecit
886 2364 977 2431 fundi
1010 2365 1179 2429 columnas
1216 2383 1329 2428 aereas
1366 2363 1471 2428 mirae

144 2431 256 2494 Caspian

143 2504 224 2557 gater.

314 2470 558 2553 magnitudinis,
581 2479 615 2534 et
640 2471 748 2535 erexit
774 2479 888 2556 portas
914 2479 949 2534 et
971 2469 1079 2534 linivit
1104 2490 1161 2534 eas
1186 2469 1348 2533 bitumine
1374 2469 1470 2550 quod

313 2594 373 2639 nec
392 2575 477 2656 igne,
497 2595 556 2638 nee
578 2594 674 2656 aqua,
690 2594 750 2638 nec
772 2574 856 2638 ferro
880 2574 1016 2640 dissolvi
1039 2584 1159 2656 posset,
1178 2576 1269 2657 quod
1290 2572 1471 2655 adquisivit

313 2697 358 2741 ex
383 2676 497 2742 insulis
523 2679 629 2755 maris,
653 2700 715 2744 nec
740 2689 921 2763 potuerunt
945 2679 1030 2744 dirui
1054 2679 1167 2761 aliquo
1194 2678 1296 2742 modo
1320 2677 1383 2741 nisi
1408 2696 1471 2759 per

313 2792 420 2845 terrae
441 2792 586 2847 motum:
613 2792 647 2845 et
663 2782 732 2863 jam
756 2783 885 2846 dirutae
908 2794 996 2847 sunt.
1042 2783 1131 2846 Nam
1155 2782 1254 2846 srater
1269 2780 1469 2845 Willielmus

314 2886 466 2949 transivit
487 2905 547 2969 per
566 2886 711 2950 medium
732 2906 844 2951 earum
860 2908 935 2951 cum
950 2886 1106 2951 Tartaris.
1161 2886 1206 2949 Et
1222 2897 1274 2951 est
1289 2886 1336 2950 ibi
1352 2886 1470 2951 civitas

314 3010 400 3072 quae
416 2999 552 3054 vocatur
572 2999 668 3071 porta
691 2987 794 3053 ferrea
809 2990 1016 3055 Alexandri:
1045 3012 1065 3055 a
1087 3011 1154 3073 qua
1171 3010 1284 3054 versus
1306 2991 1470 3054 orientem

314 3094 429 3177 incipit
453 3094 623 3176 Hyrcania
645 3114 743 3177 super
767 3093 973 3177 Hyrcanium
996 3116 1092 3174 mare,
1111 3097 1202 3177 quod
1224 3104 1276 3157 est
1299 3093 1470 3177 Caspium,

314 3209 351 3263 ut
380 3199 529 3281 superius
559 3200 685 3263 dietum
715 3208 774 3263 est.
819 3200 909 3263 Nam
937 3199 1106 3280 Hyrcania
1133 3200 1223 3281 jacet
1252 3218 1352 3281 super
1381 3198 1470 3262 latus

314 3302 527 3367 meridionale
557 3303 642 3367 illius
678 3304 777 3367 maris
811 3314 845 3367 et
876 3305 1069 3368 extenditur
1098 3324 1203 3385 usque
1233 3304 1276 3366 ad
1308 3303 1469 3367 terminos

315 3406 439 3483 Indiae,
456 3428 475 3469 a
494 3407 586 3489 cujus
603 3408 704 3471 latere
725 3407 930 3472 meridionali
946 3417 1023 3472 sunt
1040 3407 1153 3471 Media
1173 3415 1206 3470 et
1224 3407 1366 3485 Parthia,
1381 3409 1468 3471 sicut

313 3512 403 3594 prius
426 3510 486 3574 suit
508 3521 714 3576 annotatum.
760 3511 835 3575 Hae
851 3532 932 3576 vero
955 3522 1072 3594 portae
1095 3531 1161 3575 non
1183 3521 1262 3575 sunt
1283 3510 1469 3575 Caucasiae

312 3615 371 3678 sed
398 3614 546 3696 Caspiae,
569 3625 605 3677 ut
635 3616 716 3679 dicit
744 3614 868 3678 Plinius
878 3615 901 3689 ²,
925 3635 986 3679 nec
1010 3614 1191 3679 Caucasiae
1213 3626 1290 3679 sunt
1315 3614 1468 3698 Caspiae.

313 3718 402 3781 Nam
420 3716 598 3782 Caucasiae
618 3719 743 3781 distant
763 3739 784 3781 a
803 3718 933 3805 Caspiis
953 3740 1012 3802 per
1027 3720 1172 3783 ducenta
1192 3719 1341 3782 milliaria
1355 3736 1468 3783 versus

314 3840 403 3883 mare
420 3821 613 3899 Ponticum;
637 3832 669 3885 et
686 3842 707 3884 a
726 3822 807 3885 mari
823 3824 961 3886 Pontico
977 3823 1103 3888 distant
1119 3844 1177 3905 per
1192 3823 1301 3888 clxxx
1317 3822 1469 3887 milliaria

313 3926 399 3987 circa
414 3933 524 4005 partes
543 3923 701 3988 Hiberiae
717 3935 750 3989 et
766 3925 941 4009 Georgiae.
981 3926 1026 3990 Et
1041 3928 1105 3992 ista
1119 3928 1192 3992 loca
1208 3948 1284 3991 cum
1300 3928 1469 3992 montibus

313 4026 582 4109 interjacentibus
597 4039 756 4093 vocantur
770 4030 913 4096 claustra
927 4030 1126 4102 Alexandri,
1142 4051 1202 4113 per
1216 4051 1302 4114 quae
1318 4032 1469 4096 cohibuit

311 4142 428 4215 gentes
447 4132 654 4214 aquilonares
675 4154 717 4197 ne
737 4134 900 4199 irruerunt
915 4144 1019 4199 terras
1040 4134 1238 4199 meridianas
1259 4137 1469 4201 devastando

312 4256 378 4301 eas,
424 4236 512 4301 Nam
535 4237 731 4303 Alexander
754 4238 858 4303 multa
884 4237 972 4302 bella
997 4240 1100 4322 gessit
1125 4260 1201 4303 cum
1226 4241 1282 4319 eis,
1305 4250 1343 4303 ut
1370 4238 1468 4306 refert

345 4396 352 4425 ¹
369 4397 393 4457 J.
407 4397 454 4445 has
472 4396 564 4459 Belgi:
583 4398 615 4447 0.
630 4398 710 4461 Lelgr'.

344 4476 355 4507 ²
373 4478 450 4541 Pliny
457 4479 484 4528 in
491 4480 536 4529 the
545 4480 664 4529 eleventh
677 4481 782 4544 chapter
790 4480 864 4530 olbis
872 4482 943 4532 sixth
951 4482 1019 4531 book
1030 4485 1160 4533 describes
1168 4485 1213 4534 the
1222 4485 1365 4535 Caucasias
1376 4494 1467 4549 gates:

310 4560 338 4610 in
350 4561 394 4611 the
405 4560 554 4612 sourteenth
566 4564 682 4626 chapter,
694 4565 739 4615 the
752 4564 864 4628 Caspias
875 4572 957 4627 gates.
990 4565 1042 4615 See
1055 4573 1131 4617 notes
1143 4581 1177 4616 on
1189 4582 1233 4631 pp.
1245 4583 1295 4632 303
1307 4570 1359 4619 und
1371 4584 1429 4633 354
