3575 5375
639 1345 798 1421 PARS
836 1346 1080 1439 QUARTA

585 1560 741 1644 HuJus
772 1561 1137 1629 Pansunsronrs.

328 1750 368 1813 In
390 1771 458 1833 qua
478 1751 662 1817 ostenditur
691 1762 841 1835 potestas
871 1752 1131 1817 mathematicae
1160 1753 1193 1816 in
1224 1752 1379 1827 scientiis,
1403 1762 1437 1817 et

284 1854 389 1933 rebus,
403 1865 438 1918 et
452 1857 724 1939 occupationibus
739 1857 838 1940 hujus
853 1858 979 1922 mundi.

624 2080 906 2146 DlSTINCTIO
937 2080 1101 2156 PRIMA,

604 2250 756 2303 HABENS
792 2250 981 2301 CAPITULA
1018 2248 1118 2299 TRIA.

720 2408 950 2473 cnnrmun
975 2408 1002 2471 Ι.

329 2542 545 2609 Manifestato
579 2548 669 2629 quod
703 2548 829 2611 multae
866 2546 1052 2629 praeclarae
1089 2544 1215 2611 radices
1252 2546 1437 2630 sapientiae
1449 2555 1505 2607 The
1515 2556 1564 2621 key

284 2648 476 2732 dependent
495 2669 539 2714 ex
562 2659 730 2734 potestate
751 2650 947 2734 linguarum,
966 2672 1025 2734 per
1047 2670 1130 2734 quas
1156 2659 1206 2716 est
1229 2652 1381 2717 introitus
1402 2652 1436 2716 in
1449 2623 1545 2755 ἓξὲξ

284 2756 482 2838 sapientiam
502 2754 709 2833 Latinorum,
724 2776 811 2821 nunc
826 2756 904 2820 volo
922 2756 1090 2820 revolvere
1112 2754 1329 2822 fundamenta
1351 2755 1436 2838 ejus·
1451 2756 1558 2806 sciense
1570 2757 1590 2804 is

285 2858 362 2923 dem
378 2860 558 2941 sapientiae
573 2880 676 2943 penes
690 2861 844 2925 scientias
862 2880 1009 2942 magnas,
1025 2862 1058 2924 in
1079 2860 1200 2944 quibus
1220 2872 1271 2927 est
1286 2861 1438 2944 specialis
1451 2821 1545 2938 ἓξὲξ

286 2974 436 3045 potestas
465 2974 615 3045 respectu
647 2973 850 3030 caeterarum
881 2965 1091 3028 scientiarum
1127 2973 1160 3028 et
1197 2985 1304 3028 rerum
1341 2965 1438 3049 hujus

285 3068 411 3131 mundi.
447 3068 493 3132 Et
504 3078 582 3132 sunt
594 3078 738 3152 quatuor
748 3069 904 3133 scientiae
916 3089 1066 3151 magnae,
1075 3069 1146 3131 sine
1157 3069 1277 3151 quibus
1289 3081 1438 3134 caeterae

285 3171 439 3264 scientiae
456 3173 530 3238 sciri
553 3193 620 3236 non
643 3182 790 3256 possunt,
805 3193 866 3236 nec
889 3193 998 3236 rerum
1021 3173 1138 3236 notitia
1160 3171 1295 3238 haberi:
1318 3174 1438 3256 quibus

285 3277 383 3351 scitis,
400 3286 512 3358 potest
526 3276 667 3360 quilibet
681 3275 824 3362 gloriose
838 3275 996 3359 proficere
1017 3277 1050 3338 in
1070 3277 1250 3358 sapientiae
1271 3285 1439 3359 potestate

285 3380 356 3444 sine
379 3381 574 3446 difficultate
600 3391 634 3446 et
662 3382 784 3459 labore,
807 3400 874 3443 non
899 3381 1007 3444 solum
1040 3380 1072 3443 in
1104 3379 1249 3444 scientiis
1276 3380 1438 3456 humanis,

285 3484 345 3547 sed
367 3484 487 3550 divina.
534 3485 580 3548 Et
594 3485 769 3568 cujuslibet
790 3485 928 3549 istarum
949 3493 1105 3566 tangetur
1119 3484 1222 3548 virtus
1241 3504 1307 3547 non
1328 3484 1437 3548 solum

286 3599 423 3671 propter
448 3590 644 3671 sapientiam
670 3590 832 3666 absolute,
855 3591 916 3654 sed
939 3597 1090 3670 respectu
1114 3597 1319 3652 caeterorum
1342 3607 1437 3672 prae-

284 3691 461 3758 dictorum.
508 3693 555 3758 Et
573 3693 691 3757 harum
709 3693 918 3758 scientiarum
940 3703 1038 3775 porta
1059 3701 1092 3754 et
1115 3692 1214 3755 clavis
1236 3700 1287 3756 est
1309 3692 1438 3756 mathe-

286 3797 417 3871 matica,
427 3818 527 3880 quam
537 3799 642 3862 sancti
654 3817 675 3860 a
687 3798 846 3882 principio
858 3797 972 3859 mundi
985 3797 1191 3870 invenerunt,
1201 3805 1238 3860 ut
1250 3797 1438 3872 ostendam,

285 3911 319 3965 et
337 3921 423 3985 quae
442 3921 575 3984 semper
595 3899 657 3964 suit
678 3901 711 3964 in
732 3921 793 3964 usu
814 3901 963 3965 omnium
986 3909 1176 3964 sanctorum
1198 3908 1230 3963 et
1250 3901 1438 3984 sapientum

286 4026 366 4089 prae
381 4005 535 4070 omnibus
550 4005 624 4068 aliis
635 4005 787 4070 scientiis.
828 4002 930 4087 Cujus
943 4003 1142 4087 negligentia
1152 4002 1221 4085 jam
1234 4025 1292 4087 per
1303 4005 1439 4088 triginta

285 4111 339 4172 vel
362 4111 582 4193 quadraginta
606 4129 711 4173 annos
742 4110 909 4174 destruxit
934 4117 1042 4173 totum
1066 4107 1211 4172 studium
1231 4110 1436 4175 Latinorum.

286 4213 453 4297 Quoniam
474 4215 531 4297 qui
550 4214 683 4297 ignorat
702 4234 776 4277 eam
797 4233 864 4277 non
885 4222 997 4296 potest
1019 4211 1101 4276 scire
1122 4225 1268 4277 caeteras
1287 4213 1438 4278 scientias

285 4337 347 4381 nec
362 4338 414 4381 res
428 4317 527 4401 hujus
542 4317 665 4395 mundi,
678 4326 715 4382 ut
730 4316 889 4399 probabo.
935 4315 990 4390 Et,
1003 4317 1093 4398 quod
1109 4316 1203 4398 pejus
1217 4327 1277 4392 est,
1288 4315 1437 4380 homines

285 4441 360 4485 eam
390 4421 578 4504 ignorantes
607 4441 674 4485 non
705 4420 888 4506 percipiunt
917 4440 1011 4484 suam
1042 4420 1271 4503 ignorantiam,
1298 4430 1332 4484 et
1362 4421 1438 4484 ideo

284 4525 468 4589 remedium
489 4546 556 4591 non
576 4535 750 4608 quaerunt
794 4524 848 4590 Ac
868 4524 1146 4607 percontrarium
1167 4523 1265 4605 hujus
1285 4523 1439 4586 scientiae

272 4629 402 4694 notitia
422 4641 599 4713 praeparat
622 4631 770 4694 animum
794 4638 829 4694 et
852 4629 961 4693 elevat
984 4628 1027 4692 ad
1051 4627 1200 4692 omniurn
1224 4625 1439 4691 certificatam

327 4750 410 4803 vul,
426 4751 450 4802 1.
844 4747 873 4798 H
