3575 5375
182 810 287 861 Earliest

181 876 332 928 discovered.

183 1949 279 1998 liasiest
291 1947 320 1998 ol

181 2014 276 2080 appreh
307 2041 318 2051 ·

182 2083 244 2130 sion.

181 2679 325 2731 Accessible

183 2754 212 2794 to
221 2746 264 2797 the

182 2811 283 2862 ‹lullest

353 638 411 699 104
567 620 723 681 OPERIS
747 619 936 691 MAJORIS
959 618 1074 678 PARS
1098 617 1282 692 QUARTA.

349 783 579 870 philosophiae
594 784 737 848 inventa
784 781 817 845 Α
834 781 995 866 principio
1011 783 1099 847 enim
1116 782 1253 846 humani
1274 781 1405 866 generis
1420 780 1503 848 haec

349 890 457 973 primo
470 889 604 954 inventa
619 899 681 953 est.
727 887 894 971 Quoniam
916 897 995 951 ante
1011 885 1172 951 diluvium
1189 896 1223 950 et
1239 896 1325 970 post,
1341 906 1401 969 per
1415 885 1501 950 filios

349 992 459 1072 Adae,
475 1002 510 1056 et
525 1014 585 1076 per
601 993 676 1056 Noe
691 1002 724 1055 et
740 990 825 1055 filios
841 991 922 1073 ejus,
938 991 1025 1054 sicut
1040 1011 1084 1054 ex
1095 989 1234 1073 prologo
1250 990 1503 1074 compositionis

349 1096 518 1161 astrolabii
535 1097 716 1162 secundum
734 1094 971 1171 Ptolemaeum,
989 1105 1083 1158 etex
1105 1094 1312 1160 Albumazar
1332 1096 1365 1159 in
1384 1094 1501 1177 majori

350 1200 587 1265 introductorio
614 1200 847 1278 astronomiae,
870 1209 904 1262 et
933 1219 978 1261 ex
1009 1199 1118 1280 primo
1148 1200 1386 1281 antiquitatum
1416 1197 1502 1264 libro

350 1305 563 1370 manifestum
595 1317 653 1382 est,
683 1313 718 1368 et
754 1303 817 1368 hoc
852 1312 1015 1386 quantum
1052 1305 1094 1368 ad
1125 1324 1242 1369 omnes
1279 1302 1351 1385 ejus
1382 1314 1502 1387 partes,

350 1409 474 1475 seilicet
497 1410 723 1493 geometriam,
761 1407 1017 1483 arithmeticam,
1055 1408 1224 1485 musicam,
1255 1409 1502 1472 astronomiam.

351 1514 438 1578 Illud
455 1524 567 1578 autem
584 1533 650 1578 non
666 1514 868 1595 contigisset,
892 1512 953 1576 nisi
976 1513 1055 1595 quia
1074 1512 1157 1576 haec
1178 1513 1318 1577 scientia
1340 1521 1391 1576 est
1414 1511 1504 1594 prior

350 1618 431 1697 aliis,
447 1628 481 1682 et
504 1615 695 1682 naturaliter
717 1638 774 1681 eas
800 1617 1012 1699 praecedens
1059 1614 1171 1697 Quare
1201 1616 1411 1681 manifestum
1442 1624 1503 1694 est,

350 1723 440 1805 quod
464 1723 546 1785 haec
567 1722 668 1787 debet
691 1723 799 1805 primo
821 1720 907 1796 sciri,
929 1729 967 1784 ut
996 1739 1057 1803 per
1085 1741 1160 1785 eam
1184 1741 1438 1804 promoveamur
1459 1720 1501 1783 ad

352 1846 467 1890 omnes
482 1825 634 1890 scientias
649 1828 856 1910 posteriores.

396 1929 536 2012 Quarto,
565 1929 644 2013 quia
666 1929 762 1994 nobis
791 1940 842 1994 est
875 1937 953 1993 nata
975 1931 1029 1992 via
1051 1949 1071 1992 a
1093 1927 1244 1994 facilibus
1275 1929 1317 1992 ad
1348 1929 1503 1993 difficilia.

353 2033 421 2100 Sed
437 2034 519 2099 haec
535 2035 673 2098 scientia
686 2043 737 2099 est
758 2032 924 2097 facillima.
971 2032 1071 2115 Quod
1093 2034 1304 2097 manifestum
1325 2043 1375 2097 est
1398 2033 1432 2096 in
1453 2053 1503 2109 eo,

351 2140 440 2223 quod
457 2158 522 2203 non
539 2137 659 2222 refugit
674 2138 876 2204 intellectum
899 2137 1047 2221 alicujus.
1093 2136 1185 2201 Laici
1206 2137 1293 2202 enim
1314 2147 1348 2202 et
1368 2138 1504 2201 omnino

350 2244 496 2309 illiterati
512 2241 652 2327 figurare
667 2253 701 2306 et
716 2252 910 2327 computare
923 2243 1040 2321 sciunt,
1055 2251 1090 2306 et
1110 2253 1252 2317 cantare,
1268 2252 1302 2306 et
1320 2241 1403 2305 haec
1427 2251 1503 2306 sunt

350 2369 450 2432 opera
465 2348 729 2412 mathematicae.
776 2347 842 2412 Sed
860 2348 969 2431 primo
985 2346 1208 2429 incipiendum
1228 2356 1279 2411 est
1293 2345 1400 2409 abhis
1414 2366 1501 2429 quae

351 2454 416 2518 sint
434 2453 625 2516 communia
639 2451 732 2515 laicis
747 2461 782 2516 et
796 2450 937 2515 literatis
950 2473 957 2529 ;
979 2460 1013 2515 et
1028 2471 1095 2515 non
1114 2451 1222 2515 solum
1237 2452 1436 2515 damnosum
1452 2459 1503 2514 est

351 2556 487 2630 clericis,
501 2557 559 2620 sed
578 2557 714 2619 omnino
730 2565 826 2639 turpe
842 2565 875 2621 et
889 2555 965 2633 vile,-
976 2555 1066 2639 quod
1083 2555 1147 2637 ipsi
1158 2555 1311 2638 ignorant
1323 2555 1415 2638 quod
1429 2554 1502 2619 laici

351 2661 476 2726 utiliter
490 2670 525 2725 et
540 2659 675 2745 pulchre
696 2661 812 2726 sciunt.
859 2659 988 2743 Quinto
1008 2659 1161 2724 videmus
1185 2660 1276 2743 quod
1297 2659 1405 2724 clerici
1426 2659 1504 2725 licet

353 2765 516 2829 rudissimi
555 2765 836 2830 mathematicalia
873 2776 1012 2849 possunt
1046 2766 1140 2843 scire,
1169 2765 1319 2847 quamvis
1348 2765 1392 2829 ad
1423 2764 1503 2829 alias

352 2869 506 2933 scientias
543 2889 611 2932 non
647 2868 780 2935 valeant
817 2870 990 2951 attingere.
1052 2869 1192 2952 Insuper
1234 2868 1335 2933 semel
1373 2878 1408 2933 et
1452 2868 1503 2933 bis

351 2973 516 3038 audiendo
527 2971 603 3056 plus
617 2973 720 3037 homo
731 2973 775 3037 de
791 2994 830 3037 ea
847 2983 959 3055 potest
975 2993 1175 3056 cognoscere
1186 2982 1278 3038 certo
1294 2984 1329 3038 et
1343 2973 1504 3036 veraciter

351 3077 420 3141 sine
453 3096 572 3154 errore,
594 3097 696 3159 quam
727 3078 837 3141 decies
867 3077 912 3141 de
936 3078 1009 3141 aliis
1031 3077 1182 3160 partibus
1204 3076 1443 3160 philosophiae,
1466 3086 1503 3141 ut

352 3190 445 3264 patet
468 3181 660 3263 experienti.
706 3180 824 3257 Sexto,
847 3181 1003 3265 quoniam
1027 3192 1106 3246 nata
1128 3193 1180 3247 est
1202 3182 1298 3246 nobis
1314 3182 1367 3245 via
1388 3182 1432 3244 ab
1453 3180 1504 3245 his

352 3307 439 3369 quae
461 3286 659 3349 conveniunt
682 3286 781 3350 statui
804 3294 838 3349 et
860 3286 994 3367 ingenio
1018 3285 1144 3367 puerili,
1159 3285 1237 3368 quia
1259 3286 1351 3367 pueri
1373 3285 1504 3349 anobis

352 3391 534 3456 notioribus
548 3400 582 3455 et
597 3391 704 3473 primo
718 3390 928 3457 addiscendis
947 3391 1113 3473 incipiunt
1159 3390 1227 3456 Sed
1249 3390 1438 3474 hujusmodi
1453 3400 1505 3455 est

350 3494 593 3569 mathematica,
609 3496 764 3579 quoniam
781 3496 887 3579 primo
902 3496 1065 3559 docentur
1075 3514 1203 3572 canere,
1218 3505 1252 3559 et
1266 3494 1385 3558 eodem
1401 3495 1503 3559 modo

349 3609 490 3681 possunt
520 3620 639 3683 capere
673 3600 810 3664 modum
845 3599 1007 3683 figurandi
1038 3608 1072 3662 et
1108 3598 1310 3676 numerandi,
1339 3608 1374 3662 et
1406 3599 1505 3681 longe

350 3702 477 3767 facilius
491 3713 525 3767 et
542 3723 675 3768 necesse
690 3712 777 3767 esset
793 3704 838 3767 eis
847 3703 929 3768 scire
944 3704 987 3766 de
1002 3703 1145 3768 numeris
1156 3712 1234 3767 ante
1246 3712 1380 3767 cantum
1396 3724 1403 3780 ;
1427 3702 1504 3785 quia

350 3807 382 3869 in
399 3806 666 3890 proportionibus
685 3826 897 3871 numerorum
920 3816 993 3872 tota
1016 3807 1099 3871 ratio
1119 3807 1246 3870 numeri
1270 3806 1506 3889 exemplariter

350 3910 546 3994 explicatur,
562 3910 646 3974 sicut
659 3921 811 3975 auctores
827 3910 971 3975 musicae
989 3912 1119 3986 docent,
1135 3921 1204 3975 tam
1227 3911 1260 3974 in
1285 3910 1505 3976 ecclesiastica

350 4014 486 4090 musica,
502 4034 603 4096 quam
620 4014 653 4078 in
668 4014 905 4098 philosophica.
951 4014 1020 4079 Sed
1031 4015 1115 4081 ratio
1127 4035 1339 4080 numerorum
1355 4036 1377 4079 a
1392 4014 1505 4097 figuris

350 4118 529 4201 dependet,
544 4118 622 4200 quia
637 4120 764 4183 numeri
785 4120 930 4197 lineares,
951 4129 986 4185 et
1006 4118 1235 4203 superficiales,
1251 4130 1284 4183 et
1307 4119 1505 4202 corporales,

349 4233 384 4287 et
406 4223 571 4306 quadrati,
594 4232 628 4287 et
651 4223 766 4303 cubici,
789 4235 823 4289 et
846 4224 1026 4307 pentagoni
1059 4234 1094 4289 et
1116 4223 1294 4306 hexagoni,
1315 4232 1349 4287 et
1373 4223 1502 4297 caeteri,

350 4346 372 4390 a
394 4325 485 4391 lineis
508 4336 542 4391 et
565 4326 678 4410 figuris
701 4338 735 4393 et
755 4328 887 4410 angulis
909 4337 1164 4411 cognoscuntur.
1209 4328 1399 4411 Expertum
1415 4327 1503 4391 enim

350 4440 410 4505 est,
426 4433 516 4513 quod
540 4432 632 4514 pueri
655 4432 772 4495 melius
794 4442 829 4496 et
852 4431 947 4495 citius
969 4432 1146 4496 addiscunt
1164 4430 1451 4509 mathematicalia,
1467 4441 1505 4496 ut

350 4533 559 4599 manifestum
581 4546 633 4600 est
655 4536 686 4599 in
710 4546 820 4614 cantu,
842 4545 877 4600 et
900 4535 999 4599 etiam
1029 4556 1089 4619 per
1111 4534 1349 4619 experientiam
1372 4536 1505 4615 scimus,

351 4638 441 4722 quod
456 4638 548 4721 pueri
564 4639 682 4705 melius
696 4640 872 4705 addiscunt
887 4650 922 4705 et
941 4640 1078 4724 capiunt
1100 4638 1386 4717 mathematicalia,
1401 4658 1504 4723 quam
