3575 5375
360 643 688 704 PHILOSOPHIAE
716 643 806 702 CUM
832 643 1076 702 THEOLOGIA
1103 644 1343 705 AFFINITAS.
1387 645 1425 703 61

274 807 342 888 Job
363 807 461 871 scivit
487 807 761 871 resurrectionem
785 816 819 870 et
843 806 908 872 Dei
931 808 1095 872 veritates.
1141 807 1187 873 Et
1208 809 1243 871 in
1265 809 1428 873 chronicis

277 912 412 975 Eusebii
434 911 563 993 legitur,
582 912 673 993 quod
695 912 792 975 Irene
810 922 843 975 et
860 909 1080 975 Constantino
1101 912 1342 994 imperantibus
1365 912 1427 977 fuit

275 1018 417 1080 cadaver
432 1016 598 1092 effossum,
614 1016 647 1079 ln
668 1037 734 1099 quo
757 1014 987 1080 inveniebatur
1006 1016 1167 1097 scriptura
1190 1017 1281 1094 haec,
1297 1014 1427 1081 ‘Credo

275 1121 309 1183 in
340 1120 532 1196 Christum;
561 1119 624 1183 sub
647 1120 742 1183 Irene
768 1129 802 1183 et
826 1119 1047 1184 Constantino
1071 1120 1188 1184 iterum
1212 1121 1340 1184 videbit
1372 1143 1426 1185 me

276 1222 355 1289 Sol!
402 1224 449 1289 Et
479 1245 567 1287 nunc
596 1232 747 1305 tempore
781 1224 920 1288 Domini
949 1223 1138 1289 Alexandri
1171 1225 1280 1307 Papae
1317 1225 1425 1307 quarti

276 1328 460 1394 Saracenus
476 1330 509 1391 in
529 1328 636 1392 Borea
654 1330 814 1391 mundum
838 1336 1061 1405 contemnens,
1077 1349 1197 1394 vacans
1220 1330 1253 1393 in
1275 1330 1349 1411 lege
1369 1350 1427 1393 sua

276 1433 352 1498 Deo
369 1444 403 1497 et
418 1434 531 1497 virtuti
551 1441 584 1496 et
605 1432 878 1515 contemplationi
898 1433 1032 1497 alterius
1053 1434 1153 1511 vitae,
1168 1434 1294 1516 recepit
1309 1433 1424 1499 visita-

276 1538 400 1601 tionem
431 1536 615 1618 angelicam
646 1544 681 1600 et
710 1537 881 1600 consilium
910 1547 947 1600 ut
976 1546 1222 1601 converteretur
1251 1540 1295 1602 ad
1325 1536 1424 1602 fidem

279 1642 412 1719 Christi,
434 1651 468 1704 et
491 1642 680 1723 baptizatus
702 1653 764 1706 est.
808 1642 886 1705 Hoc
910 1641 1059 1705 Domino
1083 1642 1279 1707 Alexandro
1309 1653 1426 1707 notum

276 1756 326 1810 est
341 1755 375 1810 et
390 1746 503 1809 multis
521 1747 604 1824 aliis,
620 1756 655 1811 et
669 1746 780 1810 adhuc
798 1745 948 1810 recolunt
963 1745 1185 1829 quamplures.

677 2013 903 2079 Cnrrnunun
929 2014 1024 2078 XVI.

321 2152 434 2217 Potest
450 2153 514 2218 hoc
529 2155 617 2219 idem
637 2156 745 2219 adhuc
763 2155 865 2218 etiam
881 2155 1011 2217 ostendi
1034 2173 1092 2235 per
1108 2156 1327 2238 proprietates
1342 2156 1425 2219 duas
1438 2172 1592 2248 Philosophy

277 2259 535 2342 metaphysicae.
581 2263 669 2325 Nam
686 2261 767 2323 haec
783 2260 921 2323 scientia
936 2268 987 2322 est
1009 2260 1052 2323 de
1073 2259 1145 2335 illis,
1164 2278 1251 2339 quae
1271 2260 1425 2323 omnibus
1438 2240 1596 2353 {fffiuffssg

277 2362 374 2426 rebus
406 2376 440 2428 et
469 2366 615 2429 scientiis
648 2366 858 2437 conveniunt,
889 2374 923 2428 et
954 2364 1030 2426 ideo
1067 2364 1214 2428 ostendit
1250 2384 1423 2427 numerum
1438 2369 1573 2433 perfectior

276 2466 497 2547 scientiarum,
507 2481 541 2533 et
555 2471 646 2553 quod
655 2478 789 2552 oportet
799 2489 870 2533 esse
882 2468 982 2531 aliam
993 2467 1166 2531 scientiam
1179 2468 1265 2531 ultra
1278 2468 1422 2552 philoso·
1436 2435 1542 2565 iffi?
1554 2435 1597 2484 ὼε

276 2570 401 2652 phiam,
437 2575 530 2656 cujus
567 2575 787 2657 proprietates
823 2573 933 2656 tangit
971 2572 1004 2636 in
1042 2572 1215 2635 uniuersali
1229 2598 1238 2651 ;
1285 2574 1360 2636 licet
1391 2566 1559 2635 intercisos

277 2678 465 2760 particulari
481 2700 546 2743 non
562 2690 676 2764 posset
692 2699 767 2743 eam
787 2678 965 2762 assignare.
1011 2676 1082 2742 Scit
1103 2677 1191 2741 enim
1215 2676 1426 2760 philosophia
1439 2631 1568 2698 theology.

276 2804 354 2847 suas
374 2783 647 2866 imperfectiones,
662 2794 696 2848 et
714 2784 805 2866 quod
825 2782 971 2847 deficita
988 2783 1085 2866 plena
1108 2784 1296 2866 cognitione
1312 2803 1425 2846 eorum

277 2907 363 2969 quae
391 2889 543 2952 maxime
564 2897 641 2954 sunt
664 2891 904 2970 cognoscenda,
927 2888 1012 2952 sicut
1043 2887 1242 2953 Aristoteles
1268 2890 1367 2953 docet
1394 2888 1427 2950 in

279 2992 537 3075 Metaphysica;
560 3003 593 3056 et
614 2992 789 3081 Avicenna
811 2993 972 3068 similiter,
988 3003 1025 3056 ut
1045 3003 1172 3056 tactum
1192 3002 1243 3056 est
1265 2994 1424 3076 superius.

278 3096 325 3160 Et
340 3108 478 3181 propter
492 3098 556 3162 hoc
571 3098 704 3163 devenit
720 3098 932 3182 philosophia
947 3099 990 3161 ad
1003 3098 1233 3162 Inveniendam
1251 3098 1422 3162 scientiam

277 3202 439 3276 altiorem,
454 3224 554 3286 quam
570 3203 652 3267 dicit
667 3223 740 3266 esse
754 3204 926 3266 scientiam
948 3202 1147 3277 divInorum,
1161 3223 1261 3283 quam
1278 3203 1423 3266 Theolo-

276 3307 366 3388 giam
382 3306 563 3390 perlectam
578 3318 700 3371 vocant
714 3306 914 3391 philosophi¹
931 3315 965 3368 et
984 3306 1061 3370 idco
1083 3306 1294 3388 philosophia
1317 3305 1424 3368 elevat

276 3431 312 3475 se
327 3411 369 3474 ad
391 3411 560 3474 scientiam
584 3413 782 3475 divinorum.
828 3411 913 3473 Item
935 3409 1066 3472 sollIciti
1090 3409 1220 3473 luerunt
1236 3409 1424 3494 philosophi

276 3534 376 3598 super
397 3517 510 3580 omnia
531 3517 695 3598 Inquirere
716 3527 841 3580 sectam
863 3516 896 3577 in
916 3533 983 3596 qua
1003 3524 1089 3577 esset
1109 3514 1198 3578 salus
1221 3513 1372 3588 hominis
1391 3525 1425 3578 et

276 3620 359 3683 dant
389 3623 507 3684 modos
537 3620 700 3702 probandi
737 3620 790 3682 hic
820 3619 1027 3701 praeclaros,
1045 3619 1130 3682 sicut
1167 3639 1212 3682 ex
1246 3618 1425 3682 moralibus

278 3724 487 3788 manifestum
510 3734 573 3788 est.
614 3724 661 3788 Et
684 3726 876 3788 invenerunt
899 3722 1182 3796 certitudInaliter,
1202 3723 1291 3806 quod
1316 3721 1427 3806 aliqua

277 3829 378 3893 debet
393 3848 464 3893 esse
479 3837 571 3892 secta
585 3827 693 3894 fidelis
707 3839 742 3893 et
761 3828 925 3893 sufficiens
941 3830 1075 3904 mundo,
1092 3828 1186 3911 cujus
1206 3829 1426 3916 proprietates

277 3933 456 4015 assignant,
479 3954 565 4015 quae
585 3953 651 3997 non
670 3943 809 4016 possunt
832 3933 965 4016 reperiri
987 3933 1048 3996 nisi
1073 3933 1106 3996 ln
1127 3943 1216 3998 secta
1241 3933 1373 4013 Christi,
1390 3941 1426 3996 ut

277 4038 437 4120 probatur
450 4039 519 4101 suis
535 4037 625 4112 locis,
641 4047 677 4101 et
698 4039 885 4102 ostenditur
900 4039 991 4118 quod
1006 4038 1049 4102 de
1069 4037 1220 4102 bonitate
1237 4038 1300 4103 Dei
1317 4047 1367 4100 est
1382 4037 1426 4101 de

277 4141 475 4206 necessitate
491 4143 637 4206 humana
652 4143 743 4224 quod
758 4142 879 4206 sciatur
896 4141 979 4205 haec
1001 4154 1092 4205 secta
1113 4141 1228 4207 fidelis.
1276 4139 1343 4206 Sed
1360 4162 1425 4205 non

277 4255 387 4328 potest
410 4247 474 4310 hoc
503 4246 636 4329 probari
667 4244 855 4310 infidelibus
885 4265 945 4328 per
974 4245 1081 4328 legem
1115 4245 1247 4322 Christi,
1278 4267 1338 4310 nec
1368 4265 1427 4328 per

275 4361 428 4414 auctores
457 4370 577 4428 sacros,
599 4351 679 4432 quia
707 4371 752 4414 ex
781 4350 856 4433 lege
885 4351 1121 4435 disputationis
1144 4361 1283 4434 possunt
1312 4351 1425 4431 negari

277 4455 389 4520 omnia
411 4474 498 4536 quae
520 4454 554 4517 in
577 4454 651 4536 lege
672 4454 795 4519 Christi
818 4464 906 4530 sunt,
928 4458 1012 4520 sicut
1036 4455 1216 4520 Christiani
1240 4462 1362 4534 negant
1385 4475 1424 4516 ea

276 4558 419 4640 quaein
449 4559 521 4621 aliis
543 4557 673 4640 legibus
695 4559 913 4624 continentur.
960 4559 1005 4623 Et
1027 4560 1127 4624 etiam
1151 4559 1229 4641 quia
1253 4557 1423 4621 Christum

275 4671 408 4744 negant,
432 4682 498 4726 non
520 4670 572 4726 est
601 4663 731 4741 mimm,
760 4663 787 4729 si
818 4675 970 4729 auctores
1001 4663 1262 4730 Christianorum
1294 4672 1427 4743 negent.
