3575 5375
352 602 678 663 PHILOSOPHIAE
704 604 794 662 CUM
820 603 1064 663 THEOLOGIA
1091 606 1330 665 AFFINITAS.
1377 621 1418 683 35

267 785 357 830 nona
372 766 525 844 habetur,
538 777 596 832 aut
611 788 753 832 canones
769 779 1011 851 nuncupantur.
1051 770 1137 833 Nam
1157 769 1266 837 Canon
1283 770 1418 846 Graece,

267 870 397 953 Regula
422 871 545 937 Latine
573 872 703 935 dicitur.
750 872 796 937 Et
828 881 897 937 tam
926 871 981 954 jus
1011 876 1206 939 canonicum
1237 896 1338 958 quam
1363 875 1418 957 jus

269 975 417 1039 divinum
448 976 632 1059 regularem
670 978 807 1041 modum
837 978 970 1043 vivendi
1006 980 1144 1043 reddere
1175 979 1419 1063 comprobatur.

271 1077 448 1143 Caeterum
467 1080 521 1163 jus
544 1082 739 1145 canonicum
758 1079 906 1145 totaliter
929 1082 1086 1148 tundatur
1103 1105 1200 1167 super
1220 1084 1420 1149 auctoritate

270 1184 453 1267 scripturae
468 1194 502 1250 et
518 1185 718 1267 expositore.
763 1185 853 1249 Nam
874 1194 933 1250 aut
954 1208 1014 1270 pro
1035 1188 1326 1254 constitutionibus
1342 1186 1420 1251 alle·

271 1297 393 1370 gantur
415 1298 565 1353 auctores
587 1309 700 1353 sacrae
722 1290 915 1372 scripturae,
935 1298 971 1354 ut
991 1290 1200 1373 Augustinus
1222 1302 1257 1358 et
1278 1292 1344 1365 alii,
1361 1301 1421 1356 aut

271 1392 391 1455 summi
421 1392 594 1474 pontifices
624 1414 685 1475 pro
714 1394 782 1457 suis
811 1394 944 1459 statutis
973 1395 1121 1460 indicant
1147 1398 1360 1461 auctoritates
1387 1406 1421 1459 et

272 1496 429 1579 exempla
455 1496 544 1561 Novi
569 1506 604 1562 et
625 1497 756 1561 Veteris
779 1499 1006 1573 Testamenti3
1036 1509 1070 1563 et
1091 1501 1168 1565 ideo
1190 1502 1254 1566 hoc
1273 1500 1329 1583 jus
1354 1520 1421 1563 non

272 1610 322 1665 est
352 1601 415 1663 nisi
444 1601 626 1684 explicatio
655 1602 836 1667 voluntatis
867 1602 931 1667 Dei
962 1604 995 1667 in
1025 1605 1195 1688 scriptura
1254 1606 1339 1669 Item
1368 1604 1422 1686 jus

273 1706 466 1769 canonicum
481 1714 618 1771 vocatur
635 1706 903 1785 ecclesiasticum,
917 1728 984 1791 quo
1000 1709 1124 1791 regitur
1145 1710 1178 1775 in
1198 1707 1423 1793 spiritualibus

274 1808 339 1871 Dei
369 1809 515 1886 ecclesia,
539 1821 607 1874 tam
639 1812 672 1874 in
704 1811 812 1895 capite
842 1832 943 1894 quam
976 1813 1009 1876 in
1036 1813 1202 1877 membris.
1249 1814 1316 1879 Sed
1344 1812 1422 1876 nihil

273 1912 363 1977 aliud
375 1924 472 1977 sonat
487 1915 649 1999 scriptura
664 1916 725 1979 nisi
741 1915 804 1979 hoc
823 1916 982 1999 regimen.
1018 1918 1190 1982 Praeterea
1203 1918 1258 1999 jus
1274 1917 1423 1982 naturale

273 2019 461 2082 continetur
476 2020 509 2081 in
525 2040 618 2083 sacra
632 2020 795 2102 scriptura
815 2022 901 2085 sicut
923 2020 1060 2085 docetur
1076 2022 1109 2085 in
1126 2021 1284 2105 principio
1299 2021 1422 2085 decreti

276 2123 458 2187 manifeste.
503 2124 583 2205 Jura
612 2126 772 2188 canonica
802 2145 867 2188 non
898 2136 1038 2209 possunt
1071 2146 1143 2192 esse
1173 2127 1279 2191 aliena
1308 2146 1328 2190 a
1352 2126 1425 2208 jure

276 2228 399 2306 divino,
413 2227 480 2291 imo
496 2229 540 2292 de
554 2228 699 2292 lontibus
715 2228 802 2293 illius
819 2230 943 2293 debent
960 2229 1110 2305 derivari,
1129 2240 1162 2295 et
1174 2231 1229 2313 jus
1249 2249 1425 2295 commune

278 2344 329 2397 est
354 2333 502 2397 divinum
527 2333 580 2396 vel
606 2333 809 2409 humanum3
842 2333 991 2398 divinum
1018 2337 1187 2417 estquod
1213 2334 1330 2416 spiritu
1359 2332 1424 2396 Dei

279 2437 416 2501 allatum
434 2446 486 2501 est
501 2439 628 2502 mundo
648 2437 682 2501 in
700 2459 760 2500 sua
774 2438 955 2520 scriptura;
979 2439 1161 2502 humanum
1177 2439 1311 2521 quando
1327 2456 1423 2501 sensu

279 2542 424 2606 hominis
439 2551 490 2605 est
504 2541 730 2606 adinventum.
775 2540 844 2605 Sed
860 2550 991 2606 constat
1005 2543 1176 2607 ecclesiam
1194 2542 1259 2605 Dei
1275 2542 1342 2625 regi
1352 2541 1426 2622 jure

278 2646 445 2712 canonico.
506 2645 719 2731 Quapropter
750 2645 839 2710 idem
865 2644 922 2727 jus
945 2655 996 2713 est
1021 2646 1180 2724 divinum,
1206 2647 1249 2712 de
1271 2646 1427 2714 thesauro

277 2772 389 2816 sacrae
418 2751 600 2834 scripturae
628 2753 818 2815 eruendum.
865 2750 912 2816 Et
937 2750 1001 2816 hoc
1032 2752 1241 2816 manifestum
1272 2761 1323 2816 est
1349 2770 1426 2816 con·

279 2856 436 2920 sideranti
466 2866 578 2938 partes
604 2853 686 2936 juris
721 2855 876 2920 canonici.
936 2855 1025 2920 Nam
1051 2855 1104 2920 vel
1137 2857 1269 2921 ordinat
1303 2855 1426 2939 gradus

279 2959 574 3025 ecclesiasticorum
604 2958 800 3037 officiorum,
830 2959 882 3024 vel
912 2979 1006 3024 sacra
1037 2960 1101 3025 Dei
1132 2960 1342 3038 determinat,
1376 2958 1427 3022 vel

279 3065 387 3128 iorum
403 3064 621 3130 conscientiae
638 3064 783 3141 discutit,
797 3063 850 3128 vel
872 3084 988 3129 causas
1007 3065 1244 3130 ecclesiasticas
1264 3065 1427 3128 discindit.

282 3168 349 3234 Sed
366 3169 484 3232 horum
500 3168 648 3232 omnium
664 3169 789 3232 radices
804 3179 838 3232 et
854 3169 927 3250 ipsa
942 3169 1046 3251 stipes
1066 3180 1176 3233 erecta
1196 3169 1285 3252 apud
1301 3187 1427 3232 sacram

281 3275 478 3356 scripturam
494 3273 709 3356 reperiuntur.
734 3273 834 3337 Rami
846 3293 925 3336 vero
940 3293 1040 3355 penes
1051 3274 1259 3357 expositores
1270 3271 1431 3353 ejusdem,

283 3379 375 3442 utin
395 3397 523 3442 canone
540 3378 628 3454 lolia,
651 3376 757 3453 flores,
780 3375 904 3440 fructus
928 3375 1087 3440 salutiferi
1111 3377 1293 3460 capiantur.
1339 3375 1427 3440 Nam

282 3501 453 3545 sermones
467 3482 617 3546 canonici
630 3480 738 3544 suavis
753 3490 888 3544 omatus
900 3480 987 3544 soliis
1000 3490 1235 3562 comparantur
1246 3481 1427 3544 secundum

282 3585 490 3669 scripturam.
545 3584 660 3648 Flores
689 3594 801 3648 autem
830 3594 865 3648 et
895 3582 1019 3648 fructus
1049 3594 1129 3648 sunt
1158 3594 1309 3666 segetum
1339 3584 1430 3647 aurei

283 3689 438 3772 palmites
464 3699 499 3754 et
523 3709 661 3753 uvarum
688 3689 866 3754 maturitio.
913 3688 958 3752 Et
977 3689 1052 3752 ideo
1072 3689 1125 3770 jus
1146 3689 1341 3753 canonicum
1359 3689 1431 3754 sine

283 3803 449 3879 potestate
473 3794 655 3876 scripturae
683 3793 717 3855 in
747 3814 812 3856 uno
841 3813 981 3875 corpore
1007 3795 1202 3868 continetur,
1226 3794 1311 3858 sicut
1336 3793 1433 3858 unius

282 3898 410 3964 arboris
430 3918 550 3981 corpus
569 3918 614 3960 ex
630 3897 793 3961 radicibus
808 3907 843 3960 et
864 3898 988 3981 stipite,
1004 3897 1111 3975 ramis,
1127 3897 1272 3978 floribus,
1290 3909 1324 3963 et
1347 3897 1433 3962 sruc-

285 4003 375 4068 tibus
389 4003 609 4069 constituitur.

700 4253 925 4320 Carnutum
951 4255 1017 4318 111.

330 4411 431 4494 Quod
444 4421 556 4475 autem
572 4408 802 4493 philosophia¹
817 4411 939 4475 nonsit
954 4410 1062 4476 aliena
1073 4433 1094 4474 a
1107 4411 1170 4476 Dei
1186 4411 1358 4493 sapientia,
1374 4411 1432 4473 sed
1447 4408 1485 4457 St·
1496 4407 1548 4483 4¹¹·

286 4517 319 4581 in
341 4516 413 4599 ipsa
433 4513 596 4592 conclusa,
618 4515 894 4580 manifestandum
916 4524 975 4580 est.
1022 4515 1057 4580 Si
1078 4517 1166 4580 enim
1189 4536 1208 4578 a
1230 4512 1435 4597 philosophis
1447 4472 1599 4588 ffiissrffi
