3575 5375
694 608 984 668 annonarum.
1350 625 1411 690 335

260 766 451 848 Jordanem,
482 779 516 833 et
545 791 605 852 per
635 791 709 836 eam
736 781 827 835 trans
852 770 1043 852 Jordanem,
1066 790 1168 853 quam
1194 773 1411 852 possederunt

259 875 365 937 tribus
382 875 502 938 Ruben
517 886 551 938 et
568 874 653 952 Gad,
669 895 708 939 ac
726 875 862 940 dimidia
880 875 987 938 tribus
1003 874 1169 955 Manasse,
1180 875 1237 939 ubi
1252 885 1303 940 est
1319 877 1411 960 regio

261 979 439 1063 Decapolis
457 992 491 1045 et
510 981 643 1045 lturaea
660 1001 718 1044 seu
735 980 923 1045 Traconitis
939 981 1039 1063 regio.

306 1084 353 1147 Et
381 1086 413 1146 in
441 1084 492 1148 his
522 1086 699 1168 provinciis
730 1085 936 1168 reperiuntur
960 1085 1075 1148 omnia
1099 1085 1173 1149 loca
1198 1107 1300 1165 sacra,
1326 1107 1412 1171 quae
1423 1104 1515 1155 &aad

260 1187 468 1252 calcaverunt
494 1190 602 1271 primo
631 1189 734 1254 sancti
767 1187 974 1272 patriarchae
1003 1199 1036 1252 et
1066 1190 1257 1272 prophetae,
1289 1191 1411 1256 deinde
1423 1169 1578 1236 ⁸⁸⁰⁸¹²P¹¹P

261 1291 426 1356 Dominus
449 1293 520 1374 ipse
543 1304 577 1357 et
598 1293 708 1357 Mater
726 1293 797 1376 ejus
819 1301 853 1357 et
873 1291 1017 1376 apostoli
1035 1293 1169 1369 sacrati,
1183 1306 1217 1358 et
1238 1295 1412 1376 inquibus

260 1397 361 1458 crevit
377 1396 514 1460 ecclesia
530 1397 695 1479 primitiva
711 1409 745 1461 et
765 1418 851 1481 quae
871 1405 1027 1461 resonant
1046 1396 1228 1479 evangelia,
1243 1399 1276 1462 in
1291 1399 1411 1481 quibus

261 1500 387 1580 majora
403 1503 560 1582 mysteria
576 1501 787 1565 continentur
800 1521 902 1583 quam
915 1501 1003 1564 auris
1018 1501 1168 1565 mortalis
1179 1503 1286 1583 possit
1296 1502 1410 1567 audire

260 1613 318 1668 aut
348 1626 441 1668 mens
470 1604 616 1669 humana
638 1605 828 1688 intelligere,
852 1615 889 1668 ut
912 1604 982 1667 vult
1006 1603 1168 1687 Origenes
1190 1606 1272 1670 xviii
1297 1607 1410 1689 Josue.

261 1708 475 1794 Quapropter
489 1712 533 1775 de
547 1711 599 1774 his
614 1711 804 1794 diligentius
820 1719 871 1774 est
886 1710 1076 1774 dicendum.

305 1814 416 1878 Primo
436 1815 535 1899 igitur
557 1837 654 1899 super
677 1835 768 1880 mare
790 1822 951 1890 nostrum,
966 1815 1057 1895 quod
1080 1815 1200 1880 dividit
1225 1815 1356 1880 Italiam
1375 1824 1410 1881 et
1423 1828 1546 1880 citiaon

259 1917 457 2004 Aegyptum
479 1930 512 1985 et
537 1920 678 2002 Syriam,
698 1920 912 1986 collocandae
930 1927 1008 1982 sunt
1028 1919 1178 1984 civitates
1196 1919 1344 1985 famosae
1358 1919 1410 1984 vel
1422 1894 1563 2012 ἔξω

260 2044 365 2106 prope
390 2025 479 2102 illud,
496 2037 532 2089 ut
556 2027 603 2090 sic
625 2025 774 2108 superius
800 2043 914 2088 versus
944 2023 1105 2086 orientem
1137 2022 1264 2088 facilius
1293 2026 1409 2108 depre-

258 2126 448 2192 hendantur
462 2128 535 2193 loca
555 2148 642 2210 quae
656 2127 820 2192 volumus.
866 2126 977 2189 Primo
996 2124 1097 2206 igitur
1117 2146 1183 2189 non
1201 2147 1301 2210 super
1321 2148 1410 2190 mare

259 2234 317 2295 sed
355 2253 467 2315 prope,
497 2233 589 2315 quasi
622 2252 681 2315 per
710 2241 779 2295 tres
814 2231 924 2295 leucas
955 2230 990 2292 in
1021 2229 1163 2292 confinio
1195 2230 1345 2314 Aegypti
1376 2241 1411 2294 et

261 2334 468 2398 Palaestinae
489 2345 524 2398 et
544 2334 692 2417 Judaeae
707 2345 758 2399 est
781 2334 873 2399 Gaza
896 2335 1012 2398 civitas
1035 2333 1172 2415 insignis
1195 2333 1410 2412 Palaestinae,

260 2447 296 2501 ut
323 2438 404 2503 dicit
432 2438 662 2521 Hieronymus
688 2439 774 2504 libro
802 2439 979 2503 Locorum.
1027 2437 1159 2502 Deinde
1187 2448 1264 2502 sunt
1289 2459 1409 2502 novem

260 2542 372 2606 leucae
395 2562 500 2624 usque
520 2543 563 2606 ad
585 2541 796 2620 Ascalonem,
813 2563 900 2624 quae
922 2552 973 2606 est
995 2539 1187 2625 metropolis
1206 2540 1411 2606 Palaestinae

261 2666 359 2729 super
375 2665 465 2712 mare
478 2647 550 2712 sita
582 2646 714 2712 Deinde
729 2646 778 2711 xii
795 2646 907 2711 leucae
923 2646 1086 2730 usquead
1102 2645 1244 2731 Joppen.
1278 2646 1411 2712 Deinde

262 2772 366 2834 usque
381 2752 422 2815 ad
439 2752 539 2816 Acon
557 2752 651 2829 xxiv,
667 2751 720 2816 vel
736 2754 822 2817 duae
843 2752 961 2816 dietae.
1008 2751 1097 2815 Nam
1120 2753 1207 2816 duae
1230 2751 1343 2816 leucae
1357 2752 1409 2816 vel

260 2866 326 2921 tres
343 2878 449 2939 usque
464 2857 686 2949 Assur,‚qu0u
702 2857 884 2940 antiquitus
897 2855 1033 2921 Adotus
1048 2855 1228 2933 dicebatur,
1243 2867 1278 2921 et
1292 2864 1410 2939 postea

259 2962 374 3025 decem
385 2962 437 3024 vel
448 2982 568 3025 novem
580 2981 683 3043 usque
695 2960 891 3026 Caesaream
906 2960 1121 3039 Palaestinae,
1133 2980 1219 3043 quae
1229 2961 1410 3042 antiquitus

258 3066 357 3129 turris
370 3064 535 3131 Stratonis
546 3068 735 3146 vocabatur,
749 3066 782 3128 in
799 3086 865 3149 qua
881 3065 998 3128 Petrus
1012 3065 1194 3149 baptizavit
1207 3063 1410 3141 Cornelium,

260 3179 296 3233 ut
311 3171 393 3234 dicit
410 3171 640 3253 Hieronymus
657 3171 770 3235 multis
785 3169 875 3245 locis,
889 3169 1011 3233 deinde
1030 3189 1135 3251 usque
1154 3177 1299 3232 castrum
1315 3189 1409 3250 pere-

258 3275 342 3357 grini
354 3274 498 3357 quinque
513 3274 626 3339 leucae
635 3300 643 3352 ;
665 3286 699 3339 et
710 3284 826 3359 postea
842 3293 946 3355 usque
959 3272 1105 3354 Caiphas
1119 3282 1201 3350 tres;
1221 3283 1256 3335 et
1267 3282 1411 3355 quatuor

259 3399 364 3461 usque
388 3377 504 3451 Acon,
534 3388 568 3441 et
594 3389 711 3460 postea
741 3398 844 3461 usque
867 3379 997 3459 Tyrum
1023 3377 1056 3439 iu
1082 3379 1182 3441 corde
1208 3378 1308 3440 maris
1331 3383 1409 3440 sunt

259 3501 379 3544 novom
395 3479 523 3560 leucae;
546 3490 580 3544 et
594 3490 711 3565 postea
727 3464 930 3563 quatuorvel
947 3482 1093 3563 quinque
1107 3500 1213 3562 usque
1227 3481 1270 3544 ad
1287 3475 1408 3561 Sarep-

259 3596 329 3648 tam
347 3584 567 3663 Sidoniorum,
583 3586 638 3648 ubi
655 3584 755 3648 vidua
777 3586 868 3667 pavit
887 3584 1024 3648 Heliam
1045 3582 1265 3668 prophetam3
1289 3584 1409 3647 deinde

259 3696 326 3751 tres
345 3688 397 3753 vel
415 3698 558 3770 quatuor
578 3708 684 3771 usque
704 3688 747 3752 ad
769 3685 951 3768 Sidonem;
974 3700 1090 3771 postea
1113 3708 1232 3753 novem
1254 3688 1307 3751 vel
1330 3698 1409 3752 octo

259 3812 364 3874 usque
386 3792 565 3870 Berithum,
581 3793 671 3875 quod
693 3792 796 3856 Barut
816 3803 963 3857 vocatur.
1009 3792 1140 3857 Deinde
1162 3813 1281 3856 novem
1304 3812 1410 3876 usque

259 3895 415 3976 Biblium,
436 3898 526 3980 quod
550 3916 637 3960 nunc
661 3894 815 3961 Gibeleth
839 3898 971 3972 dicitur,
993 3899 1081 3962 uude
1103 3898 1199 3962 xxvii
1225 3896 1410 3961 Ezechielis

258 4000 388 4078 dicitur,
415 3999 519 4065 Senes
549 4000 650 4064 Biblii
680 4009 713 4064 et
742 4003 922 4083 prudentes
957 4001 1028 4084 ejus
1062 4001 1247 4065 habuerunt
1280 4011 1409 4065 nautas.

259 4105 380 4169 Postea
403 4125 523 4169 novem
546 4103 660 4169 leucae
686 4124 790 4187 usque
810 4104 992 4187 Tripolim3
1018 4116 1136 4187 postea
1158 4116 1209 4170 est
1233 4127 1299 4171 una
1321 4106 1410 4169 dieta

258 4229 362 4289 usque
385 4208 572 4286 Tortosam,
594 4229 680 4291 quae
706 4220 785 4273 ante
812 4209 944 4273 Radum
972 4208 1101 4274 dicitur.
1147 4210 1280 4273 Deinde
1304 4228 1411 4291 usque

258 4310 459 4376 Laodiceam
486 4322 563 4376 sunt
589 4314 700 4376 dietae
726 4313 855 4377 circiter
877 4325 951 4378 tres.
997 4314 1085 4378 Nam
1112 4333 1217 4396 usque
1231 4313 1409 4377 Valaniam

257 4426 333 4479 sunt
349 4415 461 4480 leucae
477 4417 605 4482 circiter
619 4418 744 4482 decem.
782 4416 852 4483 Alii
868 4427 979 4481 tamen
995 4417 1118 4491 dicunt,
1130 4417 1221 4500 quod
1236 4416 1410 4481 aTortosa

258 4539 362 4601 usque
377 4520 419 4582 ad
434 4520 567 4603 Margat
581 4531 632 4585 est
648 4542 712 4584 una
724 4522 816 4587 dieta
825 4546 835 4599 3
857 4533 890 4585 et
905 4543 926 4585 a
940 4521 1075 4603 Margat
1090 4541 1193 4603 usque
1207 4520 1409 4585 Laodiceam

257 4643 322 4687 una
337 4624 446 4702 dieta;
464 4633 498 4688 et
512 4645 533 4688 a
549 4624 714 4690 Laodicea
730 4645 835 4710 usque
850 4625 1067 4691 Antiochiam
1082 4625 1169 4690 duae
1184 4624 1302 4690 dietae.
1341 4623 1410 4689 Sed
