3575 5375
182 3861 282 3911 stutunl

182 3928 264 3977 action
276 3926 305 3975 ol

181 3994 250 4057 large
261 3992 310 4041 and

181 4057 255 4107 smull

183 4124 291 4187 spheres.

347 657 406 720 124
560 645 716 705 uernis
740 648 929 718 MnJonrs
953 649 1069 708 Pnns
1094 648 1278 723 Qunam.
1387 619 1393 630 ’

345 811 440 875 simul
464 811 588 895 sumpti
613 822 798 895 aequantur
820 813 891 878 aliis
910 825 1053 897 quatuor
1071 814 1167 878 simul
1187 810 1329 896 sumptis
1350 830 1409 896 per
1430 809 1500 885 xiii,

346 926 424 980 tunc
436 923 568 998 oportet
579 917 669 998 quod
682 915 705 980 lt
720 927 754 980 et
766 916 782 980 l
793 919 859 983 sint
870 919 1011 1001 majores
1023 939 1124 1002 quam
1131 920 1163 1002 f
1171 927 1205 981 et
1216 939 1241 981 e.
1287 917 1502 1000 Quapropter

344 1019 423 1084 radii
439 1019 495 1102 qui
508 1020 677 1084 continent
692 1021 826 1105 emagis
841 1023 1024 1087 vicinantur
1035 1044 1135 1106 quam
1150 1023 1230 1087 radii
1246 1021 1453 1086 continentes
1467 1017 1499 1080 le.

346 1125 393 1188 Et
409 1126 528 1189 eodem
551 1126 651 1189 modo
674 1127 752 1189 radii
774 1127 982 1191 continentes
994 1128 1026 1210 f
1040 1127 1288 1211 propinquiores
1303 1135 1380 1188 sunt
1400 1115 1501 1206 quam

346 1228 425 1293 radii
445 1228 652 1293 continentes
674 1229 696 1307 l,
712 1241 745 1294 et
768 1231 814 1295 sic
837 1233 880 1295 de
901 1231 1034 1295 infinitis
1055 1215 1152 1295 radiis
1170 1232 1228 1314 qui
1249 1226 1503 1293 conterminales

345 1345 418 1400 sunt
433 1333 465 1396 in
479 1333 650 1416 pyramide
664 1334 811 1412 breviori,
821 1345 955 1418 oportet
967 1336 1057 1417 quod
1074 1355 1191 1398 omnes
1207 1334 1310 1416 magis
1320 1333 1503 1397 vicinentur

680 1458 779 1519 quam
809 1441 890 1502 radii
915 1439 971 1522 qui
999 1439 1093 1503 simul
1119 1439 1339 1503 terminantur
1361 1436 1393 1499 in
1417 1428 1503 1499 cono'

348 1546 372 1590 a
621 1558 629 1587 ¹
680 1542 860 1624 pyramidis
887 1543 1053 1626 longioris.
1100 1544 1167 1608 Sed
1195 1542 1311 1606 vicinia
1338 1542 1502 1603 virtutum

679 1658 729 1711 est
740 1667 840 1711 causa
856 1647 998 1713 fortioris
1012 1647 1159 1712 actionis.
1206 1646 1274 1712 Sed
1297 1656 1410 1709 tamen
1427 1662 1502 1707 cum

442 1602 551 1887 ,
680 1749 825 1813 incessus
844 1749 1161 1834 perpendicularium
1181 1751 1225 1812 sit
1248 1747 1453 1821 fortissimus,
1469 1754 1505 1809 et

681 1852 789 1917 omnis
799 1872 950 1919 accessus
963 1856 1006 1919 ad
1024 1853 1313 1936 perpendiculares
1328 1849 1443 1914 fortior
1454 1859 1505 1913 est

681 1978 821 2036 recessu,
842 1969 920 2022 tunc
943 1959 1023 2022 radii
1047 1957 1227 2042 pyramidis
1249 1955 1405 2039 longioris
1427 1974 1504 2018 cum

682 2061 788 2145 magis
811 2065 970 2127 accedant
993 2065 1034 2126 ad
1059 2061 1346 2146 perpendiculares
1367 2081 1390 2122 a
1406 2079 1424 2122 c
1438 2059 1458 2123 b
1471 2056 1505 2132 d,

682 2176 777 2230 erunt
799 2166 960 2230 fortiores.
1007 2166 1092 2230 Item
1119 2177 1172 2230 tot
1198 2166 1281 2230 radii
1301 2161 1437 2227 veniunt
1461 2161 1505 2225 ad

681 2287 801 2334 conum
826 2269 1006 2352 pyramidis
1029 2269 1193 2353 longioris,
1210 2269 1295 2333 sicut
1317 2270 1360 2332 ad
1382 2285 1505 2332 conum

681 2372 846 2452 brevioris,
869 2375 1025 2455 quoniam
1055 2372 1171 2437 infiniti
1203 2373 1389 2454 utrobique.
1437 2369 1506 2435 Sed

681 2497 784 2540 conus
808 2478 990 2559 pyramidis
1017 2477 1174 2560 longioris
1201 2478 1380 2540 acutiorem
1404 2474 1508 2538 habet

348 2580 506 2664 angulum
530 2600 590 2664 per
613 2581 684 2644 xxi.
741 2581 834 2662 Ergo
859 2581 939 2645 radii
968 2581 1038 2662 ejus
1064 2581 1169 2664 magis
1190 2582 1357 2644 uniuntur.
1415 2579 1508 2661 Ergo

350 2684 467 2749 fortius
488 2683 695 2748 comburent.
742 2684 787 2749 Et
811 2685 986 2749 dicendum
1010 2697 1069 2761 est,
1095 2686 1187 2769 quod
1209 2686 1273 2749 hae
1296 2683 1439 2749 rationes
1462 2683 1506 2746 ad

350 2799 525 2871 utramque
541 2799 668 2871 partem
690 2790 988 2853 demonstrationes
1008 2802 1095 2864 sunt,
1111 2791 1171 2853 sed
1193 2790 1344 2853 fortiores
1367 2787 1508 2853 suntad

350 2894 492 2975 primam
508 2902 646 2974 partem,
662 2903 696 2957 et
717 2892 792 2956 ideo
812 2893 1012 2975 praevalent.
1059 2894 1160 2957 Unde
1181 2904 1344 2976 quantum
1367 2901 1509 2976 possunt

446 2427 467 2478 F
470 2441 507 2478 ro.
520 2431 544 2479 8.

351 2996 494 3061 rationes
511 2996 657 3070 ultimae,
673 3006 803 3060 tantum
821 2996 1031 3074 concludunt,
1040 2997 1100 3061 sed
1113 2996 1198 3061 aliae
1210 2998 1415 3080 potentiores
1429 3004 1510 3060 sunt

351 3108 384 3163 et
400 3098 563 3163 efficacius
578 3109 766 3182 operantur.

775 3406 1002 3473 Cnrrruuun
1029 3408 1093 3472 111.

395 3556 566 3639 Quantum
601 3553 759 3618 alteretur
792 3556 836 3618 de
869 3555 1027 3636 patiente,
1057 3562 1091 3618 et
1120 3565 1282 3647 quantum
1313 3556 1357 3618 de
1387 3565 1513 3636 agente

350 3659 478 3738 alteret,
501 3658 696 3741 explanans

397 3832 454 3895 Ad
475 3831 557 3894 haec
580 3829 844 3913 subjungendum
869 3840 920 3893 est
942 3832 1032 3911 quod
1057 3832 1092 3894 in
1114 3832 1307 3915 corporibus
1329 3830 1515 3913 sphaericis

354 3934 548 4017 aequalibus
571 3934 732 3995 medietas
755 3932 930 4012 cujuslibet
954 3934 1071 4017 recipit
1090 3934 1247 3999 virtutem
1267 3935 1413 4008 alterius,
1431 3936 1516 4018 quia

356 4038 438 4102 radii
462 4038 604 4100 extremi
628 4034 828 4117 contingunt
850 4056 990 4117 corpora
1012 4036 1076 4111 illa,
1098 4048 1132 4102 et
1155 4038 1231 4102 ideo
1253 4047 1430 4102 transeunt
1454 4060 1517 4123 per

355 4142 513 4205 terminos
533 4138 697 4215 diametri,
712 4148 747 4200 et
770 4156 835 4202 uon
859 4139 995 4221 attingit
1017 4142 1138 4223 aliquis
1163 4142 1274 4205 radius
1296 4144 1340 4205 ad
1364 4142 1514 4225 aliquam

354 4256 483 4330 partem
496 4242 631 4306 alterius
642 4241 840 4306 medietatis.
883 4240 952 4305 Sed
963 4262 1083 4324 corpus
1094 4244 1202 4307 minus
1215 4246 1343 4329 recepit
1351 4248 1515 4309 virtutem

354 4348 489 4431 majoris
505 4348 537 4409 in
552 4346 669 4428 majori
685 4364 745 4408 sua
760 4344 923 4426 portione,
934 4358 1071 4427 propter
1081 4348 1145 4411 hoc
1156 4348 1248 4429 quod
1265 4350 1349 4412 radii
1365 4350 1516 4413 extremi

353 4452 501 4537 corporis
522 4448 657 4530 majoris
681 4467 748 4511 non
769 4448 994 4529 aequidistant
1013 4469 1153 4531 semper,
1167 4452 1227 4515 sed
1247 4465 1464 4528 concurrunt,
1479 4464 1516 4518 et

353 4566 492 4640 possunt
504 4552 661 4637 amplecti
677 4550 751 4634 plus
766 4551 946 4613 medietate
963 4553 1109 4616 minoris
1154 4555 1244 4618 Nam
1260 4557 1425 4621 diameter
1439 4578 1517 4623 cor·

353 4660 443 4745 poris
463 4658 599 4740 majoris
621 4666 673 4721 est
694 4654 802 4737 major
822 4654 987 4719 diametro
1010 4658 1157 4739 corporis
1183 4659 1321 4723 minoris
1333 4683 1342 4741 ;
1373 4672 1409 4725 et
1436 4662 1519 4727 ideo
