3575 5375
438 634 789 694 MATHEMATICAE
814 635 865 692 IN
887 634 1057 693 DIVINIS
1085 632 1291 692 UTILITAS.
1380 647 1441 708 203

287 808 339 862 est
359 799 526 880 usquead
548 798 733 881 passionem
749 820 757 878 ;
778 799 868 882 quod
889 808 940 862 est
959 808 1075 862 contra
1095 796 1302 879 evangelium
1319 795 1439 869 Lucae,

288 902 345 985 qui
367 903 449 966 dicit
464 901 668 983 ‘Johannem
686 902 872 987 Baptistam
894 902 1080 985 baptizasse
1095 902 1211 984 Jesum
1229 900 1441 982 incipientem

288 1007 382 1088 quasi
402 1027 479 1070 xxx
495 1003 681 1070 annorum!
726 1007 772 1070 Et
797 1006 915 1070 iterum
939 1008 1122 1071 secundum
1149 1004 1249 1068 fidem
1273 1003 1439 1086 evangeli-

289 1131 385 1174 orum
401 1120 528 1174 certum
543 1120 604 1189 est,
619 1111 709 1193 quod
726 1111 929 1192 praedicavit
943 1110 1093 1193 pluribus
1107 1110 1210 1173 annis.

335 1214 388 1279 Ita
403 1215 496 1278 Beda
511 1214 626 1278 nititur
640 1215 781 1297 probare
796 1214 886 1297 quod
905 1216 1011 1280 tribus
1028 1215 1123 1278 annis
1143 1225 1178 1277 et
1198 1213 1337 1277 dimidio
1354 1212 1442 1276 ultra
1453 1217 1555 1282 Theory
1566 1216 1595 1264 os

289 1339 375 1397 xxx,
395 1327 432 1381 ut
453 1319 485 1381 in
508 1319 618 1382 xxxiv
639 1339 727 1383 anno
750 1317 847 1383 suerit
870 1321 1054 1383 secundum
1074 1337 1152 1380 eum
1174 1337 1301 1400 passus,
1322 1316 1355 1380 id
1379 1283 1528 1394 ὤμω

288 1422 370 1485 xviii
386 1441 475 1487 anno
489 1423 613 1486 Tiberii
630 1421 792 1487 Caesaris.
837 1423 884 1486 Et
903 1424 968 1487 alia
983 1422 1127 1504 objectio
1141 1422 1256 1486 sortior
1275 1421 1441 1503 sequitur3

290 1547 368 1591 nam
393 1528 421 1590 si
451 1547 567 1610 passus
592 1528 690 1592 suerit
715 1529 769 1590 viii
796 1528 1010 1592 calendarum
1037 1526 1164 1609 Aprilis
1186 1536 1220 1590 et
1243 1525 1321 1589 luna
1344 1524 1442 1588 suerit

290 1653 345 1709 xv,
374 1641 463 1708 tunc,
494 1641 531 1696 ut
560 1632 650 1716 prius
678 1632 803 1697 dictum
836 1643 898 1708 est,
928 1653 1047 1696 aureus
1077 1652 1232 1695 uumerus
1264 1629 1327 1693 suit
1360 1630 1441 1704 xiii;

290 1737 349 1800 sed
368 1736 487 1820 vulgus
502 1737 698 1801 Latinorum
721 1738 869 1820 sequitur
887 1738 1024 1802 beatum
1042 1733 1265 1818 Dionysium¹
1284 1735 1441 1799 abbatem

292 1841 493 1916 Romanum,
517 1841 573 1924 qui
596 1842 721 1924 primus
751 1842 783 1904 in
812 1841 976 1906 chronicis
1009 1844 1076 1905 suis
1105 1841 1248 1903 instituit
1278 1858 1442 1903 annorum

291 1946 577 2028 computationem
601 1945 670 2010 fieri
700 1968 721 2010 a
751 1945 894 2023 Christo,
916 1965 993 2010 cum
1022 1947 1114 2030 prius
1139 1944 1396 2026 computabatur
1422 1963 1443 2005 a

290 2058 443 2133 tempore
463 2048 664 2114 Dioclesiani
684 2049 843 2132 sacrilegi,
859 2061 897 2114 ut
917 2051 1010 2114 Beda
1029 2050 1152 2122 scribit,
1167 2056 1202 2112 et
1221 2058 1349 2112 certum
1371 2057 1442 2123 est;

292 2153 348 2232 ita,
371 2155 461 2236 quod
485 2165 650 2219 transacto
677 2155 787 2217 dxxxi
812 2174 900 2218 anno
930 2153 975 2217 ab
1003 2154 1226 2218 incarnatione
1249 2150 1303 2215 vel
1326 2151 1443 2215 nativi-

292 2267 363 2323 tate
385 2259 563 2342 incipiebat
585 2280 682 2323 suum
705 2259 836 2342 cyclum
861 2279 1018 2342 magnum
1042 2278 1250 2340 componere,
1272 2257 1329 2339 qui
1352 2265 1443 2319 tenet

293 2362 414 2426 dxxxii
445 2383 558 2438 annos,
585 2384 629 2427 ex
658 2363 934 2445 multiplicatione
962 2362 1046 2444 cycli
1074 2360 1383 2426 decemnovennalis
1409 2360 1442 2422 in

292 2466 434 2531 solarem
455 2478 654 2551 procreatus.
700 2468 748 2532 Et
766 2469 881 2550 incipit
901 2488 998 2532 suum
1019 2467 1148 2550 cyclum
1169 2488 1190 2530 a
1213 2466 1333 2529 dxxxii
1354 2485 1445 2529 anno

293 2583 371 2653 post
401 2573 673 2651 incarnationem,
701 2583 734 2637 et
762 2593 827 2637 non
856 2594 877 2636 a
906 2573 1052 2650 dxxxiii,
1077 2574 1157 2656 quia
1187 2572 1353 2636 Dominus
1382 2569 1445 2633 fuit

294 2686 391 2741 natus
421 2679 565 2746 secundo
595 2699 682 2742 anno
712 2678 806 2761 cycli,
829 2689 863 2743 et
888 2677 962 2742 ideo
988 2677 1136 2762 oportuit
1163 2697 1285 2740 novum
1311 2674 1443 2758 cyclum

296 2781 439 2864 incipere
462 2802 483 2845 a
504 2784 636 2861 dxxxii,
653 2783 777 2848 scilicet
800 2793 970 2847 transacto
991 2782 1257 2866 quingentesimo
1279 2780 1445 2845 tricesimo

296 2887 402 2967 primo
421 2906 508 2951 anno
525 2908 546 2951 a
565 2889 751 2953 nativitate.
798 2888 844 2954 Et
865 2890 955 2970 quod
979 2898 1110 2952 tantum
1134 2886 1205 2963 luit,
1222 2886 1314 2950 Beda
1336 2887 1445 2949 docet.

299 2989 387 3054 Nam
406 2992 494 3066 dicit,
512 2992 713 3074 ‘Dionysius
734 2993 906 3075 paschales
924 2993 1039 3057 scribit
1059 2991 1207 3069 circulos,
1223 2990 1381 3073 incipiens
1401 2991 1445 3054 ab

296 3112 385 3158 anno
396 3096 583 3160 dominicae
594 3097 827 3161 incarnationis
838 3096 1103 3178 quingentesimo
1112 3095 1269 3158 vicesimo
1280 3092 1445 3175 septimo!

296 3197 334 3263 Si
350 3200 450 3281 igitur
468 3201 670 3265 inveniamus
690 3202 818 3265 literam
842 3201 1041 3277 tabularum,
1057 3210 1091 3264 et
1111 3200 1319 3263 revolvamus
1340 3199 1383 3261 ab
1406 3219 1446 3261 ea

296 3303 427 3384 cyclum
445 3303 598 3385 Dionysii
613 3304 664 3368 bis
679 3315 713 3369 et
728 3314 889 3386 quantum
905 3304 992 3367 ultra
1006 3303 1070 3367 hoc
1084 3312 1135 3366 est
1147 3323 1250 3384 usque
1264 3303 1308 3366 ad
1323 3322 1446 3364 annum

298 3412 506 3482 praesentem
526 3425 546 3467 a
567 3404 739 3468 nativitate
763 3403 909 3479 Domini,
928 3403 1133 3466 inveniemus
1155 3402 1210 3464 viii
1233 3401 1445 3465 calendarum

297 3506 330 3569 in
355 3506 508 3588 passione
533 3528 603 3571 esse
629 3508 663 3570 in
685 3508 860 3585 dominica,
882 3508 968 3571 sicut
991 3506 1129 3590 quilibet
1157 3515 1269 3589 potest
1293 3506 1446 3587 experiri.

299 3607 367 3673 Sed
391 3620 520 3676 constat
543 3613 650 3693 ipsum
677 3633 742 3676 non
766 3612 866 3676 luisse
887 3632 1022 3696 passum
1046 3612 1101 3675 die
1123 3611 1373 3687 dominica,sed
1392 3610 1447 3675 die

329 3782 338 3809 ¹
356 3784 508 3846 Dionysius,
518 3784 665 3847 commonly
673 3784 758 3847 styled
768 3784 892 3847 Exiguus,
902 3800 958 3833 was
969 3786 1015 3834 the
1027 3783 1082 3832 first
1093 3791 1120 3832 to
1132 3783 1268 3833 substitute
1279 3784 1323 3833 the
1335 3800 1380 3833 era
1391 3799 1449 3835 an.

297 3861 337 3910 lor
347 3878 372 3912 a.
379 3877 405 3913 u.
413 3878 435 3911 c.
465 3863 508 3911 He
518 3864 607 3925 placed
618 3864 663 3913 the
675 3865 734 3912 date
747 3864 828 3913 nithe
838 3864 955 3926 Nativity
963 3864 1020 3912 four
1027 3879 1104 3925 years
1115 3863 1181 3912 later
1188 3864 1250 3912 than
1260 3864 1317 3912 that
1324 3866 1448 3926 accepted

296 3942 331 4002 by
343 3942 463 4003 previous
477 3942 588 4007 writers,
603 3943 705 4005 namely
718 3956 766 4004 754
777 3944 841 3991 from
858 3944 903 3991 the
918 3944 1070 3991 foundation
1086 3942 1115 3990 os
1128 3943 1220 4001 Rome,
1233 3943 1334 3992 instead
1349 3943 1379 3991 oi
1391 3958 1448 4005 750.

299 4018 348 4068 His
364 4018 470 4069 Paschal
485 4021 565 4081 Cycle
582 4020 613 4069 os
624 4036 673 4083 532
688 4037 774 4084 years,
788 4023 902 4071 resulted
920 4022 984 4071 from
999 4023 1044 4070 the
1061 4021 1254 4083 multiplicatiora
1272 4022 1302 4070 of
1313 4022 1357 4070 the
1373 4023 1449 4071 lunar

296 4098 369 4160 cycle
382 4098 412 4147 ol
420 4100 541 4148 nineteen
553 4114 638 4162 years,
648 4102 700 4149 and
712 4100 756 4148 the
768 4100 837 4149 solar
845 4101 918 4161 cycle
929 4100 960 4149 oi
967 4101 1152 4161 twenty-eight
1163 4116 1247 4162 years.
1273 4102 1345 4149 Bede
1356 4102 1448 4163 speak-

296 4178 342 4239 ing
355 4178 385 4226 ot*
395 4178 440 4227 the
455 4192 500 4226 era
511 4178 664 4226 introduced
676 4179 711 4239 by
727 4178 789 4238 him,
802 4194 863 4239 says
880 4178 931 4241 (De
945 4180 1060 4241 temporeis
1074 4179 1173 4231 rubiana
1184 4195 1239 4241 cap.
1251 4180 1333 4241 xlvii),
1346 4180 1448 4227 ‘Primo

296 4257 515 4305 decennovenalis
526 4257 613 4305 circuli
622 4272 699 4305 versu
709 4265 852 4317 temporum
864 4258 928 4306 ordo
936 4258 1088 4319 praefigitur
1095 4273 1170 4319 quem
1180 4258 1273 4307 Graeci
1281 4258 1449 4306 calculatores

296 4353 312 4386 a
332 4336 485 4385 Diocletiani
508 4336 630 4398 principis
652 4336 729 4385 annis
751 4337 925 4386 observatore.
960 4336 1013 4384 Sed
1033 4336 1176 4397 Dionysius
1196 4337 1350 4385 venerabilis
1370 4337 1449 4385 abbas

299 4415 434 4464 Romanae
449 4414 519 4464 urbis
534 4426 562 4464 et
577 4415 709 4476 utriusque
725 4414 835 4475 linguae,
850 4414 967 4463 Graecae
981 4415 1102 4464 videlicet
1116 4424 1142 4463 et
1153 4415 1259 4464 &tinae
1274 4430 1326 4464 non
1343 4416 1448 4475 ignobili

297 4495 430 4556 praeditus
450 4494 566 4555 scientia,
586 4494 721 4555 paschales
740 4494 856 4543 scribens
876 4494 985 4543 circulos
1006 4494 1089 4543 noluit
1106 4495 1152 4556 eis,
1171 4495 1311 4557 sicutipse
1330 4500 1448 4555 testatur,

297 4574 445 4621 memoriam
463 4573 534 4634 impii
551 4580 578 4621 et
598 4574 771 4635 persecutoris
791 4573 932 4635 innectere,
952 4574 999 4621 sed
1018 4574 1100 4636 magis
1117 4573 1195 4635 elegit
1214 4574 1247 4622 ab
1268 4574 1448 4623 incarnatione

299 4652 402 4701 Domini
418 4652 500 4701 nostri
513 4651 527 4712 J
532 4666 578 4699 esu
594 4650 691 4701 Christi
707 4667 833 4701 annorum
847 4659 965 4714 tempora
978 4654 1149 4715 praenotare:
