3575 5375
367 632 407 709 76
587 634 744 693 (OPERIS
767 633 957 704 MAJORIS
981 633 1096 691 PARS
1124 630 1288 693 TERTIA.

410 796 496 862 Sunt
518 809 628 861 autem
652 808 779 879 septem
803 798 935 862 vocales
962 807 1122 880 quantum
1151 796 1193 859 ad
1218 796 1339 879 figuras
1361 795 1518 869 diversas,

366 922 469 983 quum
495 901 620 965 habent
650 901 772 985 triplex
799 903 810 965 i
836 912 871 966 et
900 901 1028 984 duplex
1055 922 1075 965 o
1089 924 1097 979 ;
1126 902 1185 964 sed
1215 910 1357 982 quatuor
1387 906 1515 964 tantum

365 1006 490 1070 habent
512 1015 672 1088 quantum
696 1007 739 1069 ad
762 1026 879 1070 sonum
908 1005 1132 1090 principalem,
1155 1004 1318 1081 videlicet,
1342 1025 1370 1080 a,
1394 1024 1421 1076 e,
1445 1003 1462 1077 i,
1486 1022 1516 1065 ο.

366 1110 604 1193 Diphthongus
624 1111 713 1192 apud
733 1110 877 1175 Graecos
898 1119 948 1174 est
969 1110 1158 1193 conjunctio
1180 1112 1319 1173 duarum
1342 1106 1517 1171 vocalium.

365 1213 474 1279 Sonus
494 1214 590 1277 unius
609 1213 732 1277 vocalis
752 1214 894 1278 habetur
913 1224 950 1278 ut
970 1215 1095 1279 vocalis
1119 1234 1194 1277 cum
1216 1222 1426 1278 consonante.
1473 1210 1518 1273 Et

365 1317 480 1382 finales
511 1317 625 1381 literae
654 1320 687 1381 in
717 1319 935 1403 diphthongis
969 1329 1047 1383 sunt
1082 1320 1150 1381 iota
1188 1326 1222 1383 et
1251 1318 1355 1399 ipsilo.
1403 1315 1518 1379 Potest

365 1422 466 1506 igitur
488 1421 584 1505 ipsilo
607 1423 763 1504 consequi
786 1424 885 1505 alpha
912 1426 968 1500 sic,
991 1448 1039 1499 αυ,
1063 1433 1097 1487 et
1123 1434 1203 1487 tunc
1230 1432 1325 1486 sonat
1354 1432 1517 1503 quantum

366 1548 386 1590 a
406 1546 482 1590 cum
498 1547 520 1588 v
534 1537 748 1605 consonante,
764 1528 842 1610 quia
858 1549 958 1591 sonus
974 1527 1218 1610 aliquantulum
1237 1525 1353 1589 similis
1369 1534 1419 1589 est
1435 1542 1518 1587 sono

366 1630 469 1712 ipsius
490 1651 511 1693 a
528 1650 603 1694 cum
618 1630 640 1708 f,
656 1642 690 1695 et
710 1632 787 1694 ideo
808 1632 987 1713 vulgariter
1006 1630 1293 1714 exemplificemus
1312 1630 1402 1713 quod
1423 1636 1518 1692 sonat

366 1732 407 1798 as.
455 1734 501 1797 Et
527 1744 638 1816 potest
668 1736 822 1818 consequi
853 1757 881 1811 e,
911 1738 957 1799 sic
988 1761 1029 1810 ευ,
1058 1747 1093 1800 et
1124 1745 1201 1799 tunc
1230 1742 1327 1799 sonat
1356 1742 1517 1816 quantum

366 1859 386 1902 e
407 1838 530 1903 vocalis
552 1858 627 1902 cum
650 1860 671 1901 v
694 1850 903 1914 consonante,
923 1841 1017 1922 quasi
1039 1840 1079 1916 ei,
1097 1849 1135 1902 ut
1155 1840 1281 1903 dictum
1301 1839 1344 1901 de
1364 1835 1465 1919 alpha
1485 1846 1518 1899 et

366 1943 473 2025 ipsilo.
517 1941 582 2006 Vel
603 1953 715 2024 potest
738 1944 893 2027 consequi
917 1944 992 2021 iota,
1010 1945 1057 2008 sic
1079 1968 1115 2022 w,
1137 1954 1171 2008 et
1193 1954 1289 2007 sonat
1313 1941 1406 2025 quasi
1427 1939 1459 2015 if,
1482 1951 1520 2004 ut

366 2047 492 2111 dictum
515 2048 558 2109 de
575 2046 657 2110 aliis.
702 2046 766 2110 Vel
787 2047 884 2130 ipsilo
906 2058 1017 2129 potest
1037 2046 1194 2129 consequi
1216 2068 1236 2110 o
1259 2047 1392 2121 micron,
1408 2044 1456 2108 sic
1475 2066 1519 2119 ου,

365 2158 399 2214 et
416 2160 494 2214 tunc
509 2161 607 2215 sonat
624 2173 643 2214 u
659 2151 819 2216 vocalem.
866 2152 912 2215 Et
926 2153 975 2215 sic
989 2151 1097 2215 solum
1118 2150 1244 2214 habent
1263 2149 1379 2213 Graeci
1399 2167 1518 2210 sonum

365 2255 464 2337 hujus
478 2257 602 2320 vocalis
622 2276 653 2320 u.
698 2256 810 2339 Quum
831 2267 943 2320 autem
965 2257 1034 2320 iota
1055 2256 1267 2338 consequitur
1287 2254 1388 2337 alpha
1407 2254 1464 2330 sic,
1479 2277 1520 2331 αι,

366 2371 444 2424 tunc
464 2371 561 2424 sonat
582 2382 611 2439 e,
627 2362 720 2443 quasi
742 2381 770 2423 e.
816 2360 929 2443 Quum
949 2382 977 2439 e,
992 2362 1040 2424 sic
1062 2386 1097 2434 ει,
1113 2370 1193 2423 tunc
1212 2369 1310 2425 sonat
1331 2359 1417 2440 iper
1432 2358 1519 2421 iota:

366 2466 393 2527 si
414 2490 440 2540 0,
460 2466 507 2529 sic
527 2489 566 2539 οι,
585 2474 664 2528 tunc
682 2474 779 2529 sonat
801 2486 825 2547 y
847 2486 907 2548 per
928 2465 1046 2548 ypsilo.
1093 2465 1139 2529 Et
1162 2464 1195 2527 hi
1218 2474 1295 2527 octo
1318 2461 1519 2545 diphthongi

365 2578 528 2631 vocantur
553 2569 686 2651 proprii.
732 2569 778 2631 Et
805 2570 860 2633 alii
883 2578 950 2633 tres
976 2570 1131 2633 dicuntur
1153 2568 1344 2651 improprii;
1375 2577 1409 2629 et
1436 2565 1519 2629 fiunt

367 2693 426 2755 per
441 2671 715 2755 subscriptionem
731 2671 830 2755 hujus
846 2673 962 2739 literae
980 2674 1048 2738 iota
1064 2673 1106 2736 ad
1122 2672 1234 2755 alpha,
1250 2671 1306 2744 ita,
1323 2680 1357 2735 et
1372 2693 1393 2735 ο
1411 2689 1520 2752 mega,

366 2779 422 2852 sic,
446 2802 474 2860 q,
497 2803 526 2862 ῃ,
549 2802 580 2861 ῳ.
630 2777 826 2861 Aliquando
852 2779 988 2861 ponitur
1010 2779 1079 2842 iota
1101 2779 1133 2841 in
1156 2776 1253 2852 linea,
1275 2777 1362 2840 sicut
1388 2776 1422 2839 in
1448 2773 1520 2838 aliis

366 2880 584 2964 diphthongis
605 2881 652 2945 sic
673 2908 713 2958 αι,
732 2907 774 2960 ηι,
790 2908 836 2945 ωι.
882 2883 950 2947 Sed
975 2893 1123 2946 remanet
1142 2901 1245 2945 sonus
1265 2880 1379 2944 literae
1402 2879 1520 2963 princi-

367 2985 463 3069 palis,
485 2986 609 3049 scilicet
631 2986 702 3069 ejus
726 2988 778 3049 cui
800 2988 1019 3051 subscribitur
1044 2988 1122 3050 iota.
1169 2986 1258 3049 Nam
1282 3005 1356 3049 curn
1381 2983 1520 3049 subscri·

365 3090 457 3154 bitur
476 3116 505 3168 a,
524 3110 610 3173 quae
630 3100 682 3153 est
701 3091 811 3172 alpha,
831 3102 929 3156 sonat
949 3113 988 3155 a:
1013 3111 1114 3173 quum
1137 3109 1216 3154 vero
1236 3115 1266 3167 η,
1285 3110 1371 3172 quae
1391 3099 1442 3152 est
1464 3088 1522 3164 ita,

365 3205 464 3260 sonat
479 3195 545 3259 ita:
569 3197 687 3259 sivero
702 3221 736 3272 ω,
747 3216 834 3279 quae
848 3207 898 3260 est
914 3216 1052 3279 omega,
1065 3205 1162 3258 sonat
1178 3194 1286 3258 solum
1303 3214 1324 3255 o
1337 3213 1443 3275 mega.
1475 3192 1521 3254 Et

365 3299 417 3365 his
437 3300 542 3363 tribus
563 3301 781 3384 diphthongis
804 3311 942 3366 utuntur
963 3300 1081 3364 Graeci
1102 3319 1233 3382 semper
1256 3299 1289 3360 in
1309 3298 1423 3362 dativo
1442 3317 1520 3360 casu

366 3405 492 3488 primae
508 3404 747 3469 declinationis.

410 3550 464 3568 ...
490 3505 556 3570 Et¹
579 3505 657 3569 licet
676 3505 922 3588 exemplificare
945 3505 979 3567 in
999 3503 1163 3586 praesenti
1185 3503 1260 3566 loco
1280 3502 1323 3565 de
1342 3500 1449 3582 Jacob
1464 3502 1521 3582 qui

366 3627 440 3671 cum
467 3610 617 3672 obviaret
644 3609 733 3672 Esau
763 3610 854 3673 fratri
888 3630 950 3672 suo
979 3610 1115 3672 veniens
1141 3608 1185 3670 de
1212 3606 1459 3686 Mesopotamia
1485 3616 1521 3669 et

365 3712 502 3774 distaret
524 3712 614 3787 dicit,
636 3711 716 3774 Vidi
737 3711 856 3776 faciem
883 3722 975 3776 tuam
1003 3711 1097 3794 quasi
1119 3710 1238 3774 faciem
1264 3708 1328 3771 Dei
1352 3708 1521 3772 vidissem.

366 3814 506 3896 Quaerit
526 3814 745 3896 Augustinus,
762 3817 905 3898 qualiter
921 3826 1051 3898 poterat
1071 3815 1175 3877 homo
1195 3822 1329 3878 sanctus
1350 3812 1520 3876 hominem

366 3919 580 3998 reprobatum
597 3938 789 4000 comparare
805 3921 905 3983 Deo?
920 3932 954 3984 et
969 3918 1069 3982 solvit
1081 3921 1170 4001 quod
1184 3917 1411 4000 multipliciter
1428 3916 1522 3979 Deus

367 4021 400 4082 in
416 4021 577 4102 scriptura
593 4023 754 4103 accipitur
768 4043 828 4105 pro
849 4044 927 4086 vero
945 4023 1029 4097 Deo,
1045 4023 1224 4105 aliquando
1245 4020 1350 4085 aliter.
1398 4021 1444 4083 Et
1458 4021 1522 4084 hoc

367 4124 480 4187 multis
502 4125 630 4188 modis:
654 4127 713 4189 sed
735 4136 773 4190 ut
796 4127 897 4190 LXX
926 4127 1122 4208 interpretes
1149 4126 1407 4208 designaverunt
1429 4125 1521 4207 quod

366 4248 433 4293 non
464 4228 660 4310 loquebatur
690 4231 732 4294 de
764 4252 844 4296 vero
876 4232 952 4294 Deo
981 4231 1059 4294 ideo
1088 4240 1315 4312 apposuerunt
1346 4227 1521 4293 articulum

368 4331 531 4395 Graecum
551 4333 595 4395 ad
610 4351 733 4396 nomen
748 4335 812 4398 dei.
859 4335 948 4397 Nam
968 4335 1032 4398 hoc
1047 4344 1097 4398 est
1113 4335 1155 4397 de
1173 4333 1377 4416 proprietate
1392 4330 1520 4396 articuli

365 4445 403 4499 ut
424 4436 599 4499 veritatem
622 4435 667 4498 rei
690 4438 850 4520 designet.
898 4437 965 4502 Sed
988 4438 1051 4501 hoc
1076 4457 1142 4501 non
1168 4447 1308 4519 apparet
1330 4437 1363 4498 in
1387 4435 1520 4514 Latino,

395 4589 403 4617 ¹
421 4589 506 4638 There
518 4589 541 4638 is
552 4590 685 4652 evidently
695 4606 711 4639 a
723 4590 808 4640 hiatus
819 4591 893 4641 here.
924 4591 981 4640 The
992 4591 1091 4653 subject
1103 4590 1257 4640 considered
1270 4590 1293 4638 is
1306 4603 1367 4637 now
1379 4588 1425 4636 the
1437 4604 1485 4638 use
1497 4587 1529 4638 ol=

361 4668 406 4716 the
418 4667 507 4717 article
518 4668 545 4715 in
557 4667 655 4719 Greek.
