3575 5375
372 627 431 706 136
584 630 739 688 OPERIS
763 629 952 700 MAJORIS
975 628 1091 688 PARS
1115 627 1300 702 QUARTA.

370 799 403 853 et
424 788 457 851 in
475 788 618 852 solstitio
638 788 783 870 hyemali
806 788 933 853 accedit
948 790 991 851 ad
1007 789 1187 871 Tropicum
1206 787 1406 871 Capricorni.
1452 787 1521 854 Sed

369 894 480 956 eundo
511 895 553 957 de
584 913 649 956 uno
680 894 724 958 ad
755 893 845 956 aliud
880 893 999 957 transit
1029 893 1081 957 bis
1112 913 1212 975 super
1244 893 1521 975 aequinoctialem

369 996 536 1075 circulum,
561 996 684 1062 scilicet
710 998 742 1059 in
766 997 927 1080 principio
951 996 1076 1060 Arietis
1100 1007 1134 1060 et
1162 997 1293 1076 Librae,
1319 1006 1353 1060 et
1380 997 1443 1060 hoc
1470 1007 1522 1061 est

369 1101 402 1163 in
441 1102 603 1184 principio
645 1103 731 1165 veris
764 1112 797 1166 et
831 1101 992 1179 autumni,
1029 1111 1166 1183 propter
1198 1102 1288 1182 quod
1326 1101 1522 1165 aestimatur

369 1226 389 1268 a
420 1205 543 1285 multis,
578 1207 668 1288 quod
697 1205 789 1269 locus
811 1204 878 1268 'sub
906 1203 1139 1286 aequinoctiali
1170 1204 1213 1268 sit
1245 1205 1393 1268 maxime
1429 1224 1522 1269 com-

368 1311 496 1391 bustus,
528 1321 563 1374 et
593 1312 637 1374 ad
670 1309 734 1374 hoc
768 1309 891 1373 faciunt
926 1311 1070 1373 rationes
1100 1311 1283 1373 secundum
1319 1310 1521 1392 multiplica·

370 1415 476 1479 tiones
490 1415 686 1498 praedictas.
733 1414 821 1476 Nam
835 1413 882 1476 ibi
898 1414 1017 1477 saltem
1030 1413 1126 1477 bisin
1139 1433 1227 1478 anno
1241 1423 1318 1477 sunt
1331 1414 1522 1496 pyramides

368 1518 533 1582 breviores
563 1529 597 1582 et
624 1519 704 1581 radii
730 1519 889 1581 cadentes
912 1518 956 1581 ad
982 1517 1123 1599 angulos
1150 1528 1258 1582 rectos
1283 1539 1323 1582 ac
1346 1517 1522 1600 perpendi-

369 1621 505 1701 culares,
521 1632 555 1685 et
578 1642 636 1704 per
658 1641 864 1703 consequens
888 1642 955 1684 non
971 1620 1187 1703 franguntur,
1209 1622 1348 1685 redeunt
1370 1622 1404 1684 in
1426 1641 1463 1684 se
1486 1630 1523 1684 ut

370 1729 578 1809 geminentur
595 1726 686 1804 radii,
703 1735 735 1789 et
758 1726 833 1788 ideo
850 1726 981 1789 videtur
1002 1725 1109 1808 prima
1128 1725 1210 1790 facie
1225 1727 1316 1807 quod
1335 1735 1408 1790 tota
1427 1725 1523 1788 forti-

366 1831 453 1893 'tudo
479 1830 619 1893 actionis
646 1829 804 1893 naturalis
830 1830 876 1892 ibi
904 1830 1068 1894 concurrit
1091 1829 1190 1912 longe
1213 1829 1410 1912 plusquam
1433 1825 1522 1894 alibi.

372 1933 439 1998 Sed
466 1944 597 1998 constat
619 1934 714 1997 nobis
737 1936 827 2017 quod
851 1936 915 1999 sub
938 1934 1091 2017 Tropicis
1117 1944 1195 1997 sunt
1219 1933 1405 2016 Aethiopes
1430 1944 1523 1997 com·

370 2038 468 2103 busti.
516 2038 609 2120 Ergo
635 2038 766 2102 videtur
794 2039 885 2120 quod
912 2037 1005 2102 locus
1038 2039 1101 2102 sub
1134 2039 1368 2119 aequinoctiali
1402 2035 1534 2112 circulo·

370 2143 413 2208 sit
448 2142 745 2221 combustissimus,
771 2144 856 2206 sicut
889 2143 1009 2225 vulgus
1043 2142 1145 2226 ponit.
1203 2142 1271 2206 Sed
1305 2141 1525 2224 proculdubio

372 2247 582 2311 Ptolemaeus
597 2247 667 2312 vult
682 2247 767 2312 libro
783 2249 961 2330 praedict0,
977 2249 1068 2332 quod
1085 2246 1176 2311 locus
1192 2246 1248 2310 ille
1262 2248 1304 2311 sit
1318 2257 1526 2330 temperatus

370 2359 522 2434 respectu
560 2351 790 2434 Tropicorum.
836 2353 953 2434 Atque
989 2351 1163 2416 Avicenna
1200 2354 1300 2416 docet
1337 2352 1445 2434 primo
1481 2351 1526 2415 de

371 2454 591 2534 Animalibus,
623 2465 656 2519 et
683 2458 791 2537 primo
823 2458 904 2520 artis
929 2456 1121 2535 medicinae,
1147 2456 1237 2538 quod
1265 2455 1358 2521 locus
1387 2457 1444 2520 ille
1473 2465 1526 2519 est

371 2561 678 2644 temperatissimus.
724 2560 770 2624 Et
786 2570 924 2644 propter
939 2561 1002 2624 hoc
1017 2560 1167 2642 theologi
1183 2569 1314 2643 ponunt
1328 2561 1379 2623 his
1394 2562 1523 2639 diebus,

371 2665 462 2746 quod
482 2664 526 2728 ibi
545 2664 587 2727 sit
607 2664 790 2747 paradisus,
805 2674 839 2727 et
862 2665 938 2729 ideo
960 2663 1080 2747 vulgus
1103 2665 1273 2729 indoctum
1297 2674 1385 2729 errat
1406 2665 1440 2729 in
1462 2664 1526 2734 hoc

374 2767 456 2830 loco.
517 2768 563 2830 Et
586 2770 775 2833 tenebimus
797 2770 996 2834 sententiam
1020 2769 1204 2833 Ptolemaei
1228 2772 1271 2835 ad
1295 2770 1411 2850 minus,
1434 2770 1525 2852 quic-

373 2871 452 2953 quid
469 2872 510 2935 sit
526 2872 567 2935 de
582 2873 740 2956 opinione
755 2873 947 2939 Avicennae
963 2884 997 2938 et
1012 2874 1254 2962 theologorum,
1269 2875 1421 2957 quamvis
1436 2874 1527 2957 leges

375 2974 657 3059 multiplicationis
684 2979 868 3060 specierum
891 2978 945 3041 hic
968 2978 1168 3043 concludant
1191 2990 1353 3062 quantum
1376 2987 1526 3061 possunt.

375 3078 443 3144 Sed
480 3100 598 3144 causae
629 3079 779 3144 fortiores
812 3091 890 3145 sunt
924 3084 956 3145 in
997 3084 1205 3162 contrarium,
1239 3104 1323 3166 quas
1356 3083 1528 3145 Avicenna

373 3184 504 3267 egregie
518 3185 675 3268 assignat,
691 3185 844 3251 videlicet
862 3187 952 3269 quod
968 3187 1146 3251 declinatio
1166 3187 1245 3251 solis
1261 3190 1383 3269 magna
1406 3199 1456 3251 est
1472 3188 1527 3266 ibi,

374 3298 408 3353 et
430 3290 691 3370 aequidistantes
717 3300 795 3354 sunt
819 3292 993 3356 distinctae
1015 3302 1049 3355 et
1073 3292 1198 3356 distant
1224 3292 1377 3356 multum.
1437 3291 1528 3354 Nam

374 3412 450 3457 cum
486 3402 557 3457 tota
594 3393 774 3458 declinatio
804 3393 882 3457 solis
912 3395 956 3460 sit
986 3393 1053 3458 sere
1087 3413 1128 3471 24
1159 3397 1282 3477 gradus
1314 3396 1360 3459 de
1392 3394 1528 3473 Coluro,

374 3496 441 3560 sere
474 3512 513 3561 12
543 3498 708 3562 debentur
738 3498 840 3581 signis
870 3498 1178 3580 aequinoctialibus,
1207 3498 1330 3563 scilicet
1358 3499 1465 3563 Arieti
1493 3508 1529 3562 et

374 3600 511 3685 Virgini,
540 3600 661 3666 Librae
687 3612 721 3666 et
757 3602 917 3684 Piscibus,
944 3613 978 3666 et
1004 3612 1081 3666 octo
1107 3601 1175 3666 sere
1208 3603 1373 3667 debentur
1406 3603 1530 3681 Tauro,

376 3704 492 3785 Leoni,
531 3704 713 3789 Scorpioni,
749 3707 909 3790 Aquari0,
941 3716 975 3770 et
1013 3718 1050 3772 ut
1087 3706 1154 3783 sere
1186 3719 1329 3789 quatuor
1364 3708 1530 3771 debentur

376 3807 535 3888 Geminis,
565 3809 701 3891 Cancr0,
729 3810 921 3895 Sagittario,
947 3811 1158 3893 Capricorno.
1204 3811 1250 3874 Et
1284 3811 1360 3875 ideo
1392 3811 1530 3893 quando

376 3913 427 3975 sol
459 3922 509 3976 est
538 3913 573 3976 in
602 3915 702 3998 signis
733 3915 789 3977 ubi
814 3916 992 3979 declinatio
1016 3915 1156 3979 estsere
1181 3934 1203 3992 4
1232 3916 1406 3997 graduum,
1428 3914 1531 3978 fertur

378 4026 515 4099 propter
530 4018 757 4083 confusionem
778 4021 1067 4103 aequidistantium
1086 4040 1185 4103 super
1202 4020 1340 4083 eandem
1361 4020 1529 4101 regionem

378 4141 437 4203 per
463 4138 507 4197 40
530 4122 610 4201 dies,
628 4132 662 4186 et
682 4126 848 4190 comburit
866 4136 904 4189 ut
925 4126 958 4188 in
977 4124 1136 4207 Tropicis.
1181 4124 1250 4190 Sed
1273 4124 1381 4187 minus
1404 4126 1437 4187 in
1458 4123 1531 4186 aliis

380 4225 437 4288 ubi
464 4226 644 4291 declinatio
673 4241 723 4293 est
747 4240 823 4294 octo
849 4229 1022 4311 graduum,
1047 4229 1180 4294 minime
1205 4250 1284 4293 vero
1314 4229 1370 4292 ubi
1398 4238 1448 4292 est
1482 4243 1532 4306 12,

378 4341 413 4392 et
428 4330 493 4395 hoc
507 4340 558 4395 est
573 4334 662 4416 apud
678 4334 964 4417 aequinoctialem.

209 4450 288 4502 Eneet
300 4452 329 4501 of
422 4434 502 4500 Alia
514 4455 612 4501 causa
626 4450 676 4503 est
688 4450 825 4522 propter
837 4438 1094 4520 aequinoctium,
1103 4438 1182 4519 quia
1193 4458 1250 4500 aer
1261 4445 1391 4501 tantum
1404 4445 1532 4519 tempe-

208 4518 347 4648 ζξὲζζὶξξζγ.
379 4548 470 4601 ratur
492 4539 535 4602 de
558 4552 665 4622 nocte,
681 4555 717 4607 ut
742 4564 809 4607 non
827 4543 932 4625 possit
955 4562 1028 4606 esse
1047 4541 1135 4605 calor
1152 4540 1339 4625 superfluus
1359 4540 1403 4604 de
1417 4540 1481 4619 die,
1498 4549 1533 4605 et

378 4654 514 4724 propter
531 4642 595 4709 hoc
613 4646 657 4710 ibi
680 4659 730 4713 est
753 4630 939 4729 aequalitas
960 4645 1053 4726 aeris,
1068 4655 1103 4709 et
1117 4644 1247 4711 nobiles
1261 4644 1532 4727 complexionum
