3575 5375
374 633 431 694 182
595 636 751 695 OPERIS
774 636 963 706 MAJORIS
987 636 1102 694 PARS
1127 635 1309 709 QUARTA.

371 799 545 883 perspicuo
575 810 609 864 et
639 799 840 881 hujusmodi,
869 810 972 883 atque
1009 800 1053 863 de
1088 799 1262 866 influentia,
1290 797 1458 862 coelomm
1489 796 1525 860 in

371 903 453 968 haec
476 903 640 983 inferiora,
663 914 696 968 et
717 905 761 967 de
787 904 973 969 differentia
994 903 1078 968 coeli
1096 915 1131 968 et
1153 915 1291 968 naturae
1314 900 1525 967 elementaris

371 1007 546 1091 praecipue
566 1018 703 1092 propter
720 1009 842 1092 ignem.
888 1008 978 1072 Nam
993 1007 1205 1092 Augustinus
1220 1017 1253 1072 et
1269 1007 1324 1072 alii
1343 1007 1524 1089 aliquando

370 1113 551 1176 secundum
575 1114 767 1197 opinionem
793 1112 941 1177 Platonis
964 1113 1136 1176 nominant
1158 1113 1288 1177 coelum
1312 1132 1384 1177 esse
1406 1111 1523 1192 igneae

370 1226 516 1281 naturae.
562 1216 736 1300 Quaerunt
756 1217 858 1281 etiarn
877 1217 920 1280 de
939 1217 1019 1281 locis
1039 1217 1155 1280 mundi
1171 1227 1308 1299 propter
1322 1215 1523 1297 paradisum,

369 1341 411 1384 an
435 1322 477 1384 sit
499 1323 562 1385 sub
584 1321 818 1404 aequinoctiali
842 1321 964 1385 circulo
984 1320 1038 1384 vel
1059 1342 1148 1400 non;
1178 1332 1213 1384 et
1239 1321 1282 1384 de
1310 1319 1437 1384 inlerno
1463 1319 1522 1382 ubi

368 1425 432 1500 sit;
463 1436 497 1490 et
524 1433 635 1489 utrum
660 1426 820 1490 coelestia
845 1424 971 1488 habent
998 1445 1096 1508 posse
1125 1445 1224 1507 super
1257 1423 1457 1509 generabilia
1486 1433 1522 1488 et

369 1528 603 1610 corruptibilia,
619 1538 652 1592 et
672 1538 783 1592 utrum
805 1549 904 1612 super
922 1529 1072 1593 animam
1095 1528 1312 1604 rationalem3
1334 1538 1368 1592 et
1388 1528 1521 1592 delato

369 1645 403 1696 et
415 1633 601 1714 hujusmodi
613 1654 698 1715 quae
713 1633 755 1696 ad
766 1632 890 1714 judicia
906 1633 1129 1697 astronomiae
1145 1643 1326 1696 noscuntur
1337 1632 1521 1715 pertinere;

368 1745 403 1799 et
417 1734 482 1800 alia
498 1736 748 1799 innumerabilia
769 1735 1032 1819 multiplicantur
1051 1737 1200 1818 quotidie
1221 1737 1253 1799 in
1269 1737 1521 1819 quaestionibus

368 1839 566 1924 theologiae.
627 1838 694 1904 Sed
731 1860 797 1904 non
836 1839 944 1904 solum
979 1850 1140 1905 tractatus
1176 1843 1422 1915 sententiarum,
1461 1843 1520 1905 sed

368 1947 439 2026 ipse
461 1955 575 2008 textus
591 1965 682 2008 sacer
698 1965 773 2007 cum
794 1944 1062 2028 expositionibus
1077 1955 1266 2008 sanctorum
1283 1945 1348 2007 hoc
1374 1946 1519 2027 requirit.

369 2050 460 2113 Nam
486 2048 669 2132 capitulum
696 2049 839 2130 primum
870 2049 1007 2113 Genesis
1034 2049 1157 2113 multas
1182 2049 1285 2113 habet
1311 2048 1520 2114 difficultates

367 2163 503 2237 propter
519 2152 683 2231 coelestia,
702 2163 739 2217 ut
757 2175 801 2216 ex
825 2153 898 2235 ipso
917 2164 1015 2217 textu
1036 2162 1138 2238 patet,
1155 2164 1188 2218 et
1211 2174 1271 2235 per
1292 2153 1519 2234 expositiones

366 2269 565 2339 sanctorum,
587 2259 764 2342 praecipue
788 2258 912 2332 Basilii,
936 2258 1117 2333 Ambrosii,
1137 2258 1259 2336 Bedae‚
1280 2258 1313 2321 in
1337 2258 1428 2322 libris
1450 2260 1519 2324 suis

366 2363 422 2445 qui
445 2361 637 2428 Exemeron
652 2372 824 2427 vocantur.
871 2363 917 2425 Et
940 2363 973 2424 in
997 2361 1107 2442 Josue‚
1130 2372 1266 2445 propter
1286 2363 1351 2426 diei
1373 2362 1518 2446 longitu-

365 2467 486 2542 dinem,
502 2466 572 2532 sole
587 2478 705 2542 stante,
722 2467 897 2550 praecipue
913 2486 972 2548 per
983 2467 1209 2549 operationem
1221 2467 1264 2530 ad
1277 2468 1519 2551 longitudinem

365 2571 440 2649 diei,
464 2591 530 2653 qua
555 2573 740 2635 retrocessit
759 2572 808 2634 sol
828 2573 943 2635 decem
965 2571 1059 2634 lineis
1083 2571 1127 2635 ad
1149 2570 1288 2634 verbum
1313 2571 1418 2635 isaiae
1440 2593 1518 2654 pro-

365 2673 496 2757 phetae.
543 2675 631 2739 Nam
648 2676 779 2739 videtur
801 2697 873 2740 esse
896 2676 1114 2740 contradictio
1136 2675 1170 2739 in
1192 2675 1244 2739 his
1266 2675 1356 2740 locis.
1401 2676 1518 2759 Atque

366 2798 441 2841 cum
453 2778 612 2843 Salomon
626 2782 715 2843 dicat
732 2782 764 2842 in
777 2780 979 2847 Ecclesiaste
988 2782 1078 2862 quod
1095 2779 1145 2844 sol
1160 2782 1249 2844 omni
1264 2782 1319 2845 die
1335 2782 1518 2846 secundum

366 2883 609 2964 expositionem
635 2884 835 2966 Hieronymi
859 2886 891 2948 in
914 2885 1065 2968 originali
1088 2884 1230 2950 flectitur
1254 2886 1298 2950 ad
1317 2887 1518 2968 aquilonem,

364 2988 423 3049 vix
439 2986 557 3070 aliquis
574 2987 884 3053 mathematicorum
901 2999 1011 3072 potest
1029 2989 1094 3054 hoc
1110 2989 1303 3074 intelligere.
1347 2990 1518 3074 Quoniam

364 3091 472 3155 sciunt
487 3092 577 3173 quod
598 3112 617 3154 a
637 3092 779 3157 solstitio
801 3092 948 3175 hyemali
972 3114 1075 3176 usque
1094 3096 1136 3158 ad
1160 3095 1337 3159 solstitium
1360 3095 1518 3160 aestivale

365 3194 517 3260 flectatur
531 3198 622 3261 omni
638 3198 693 3260 die
708 3198 751 3261 ad
771 3196 962 3281 aquilonem
978 3218 1037 3279 per
1052 3200 1194 3280 gradum
1210 3220 1312 3263 unum
1333 3199 1409 3264 lere.
1447 3200 1517 3265 Sed

365 3300 397 3361 in
424 3298 487 3364 alia
515 3302 693 3365 medietate
715 3303 793 3365 anni
817 3324 836 3367 e
858 3322 1026 3366 converso.
1071 3303 1118 3366 Et
1140 3305 1184 3367 de
1205 3304 1381 3368 altitudine
1404 3304 1516 3369 firma-

365 3405 467 3467 menti
492 3405 524 3467 in
549 3404 802 3481 Ecclesiastico;
825 3417 859 3471 et
881 3406 1053 3488 quomodo
1075 3407 1124 3469 sol
1148 3408 1181 3469 in
1204 3407 1386 3471 meridiano
1405 3410 1517 3474 exurit

362 3518 492 3585 terram,
523 3518 559 3572 ut
589 3511 712 3575 ibidem
744 3511 874 3587 dicitur,
905 3512 1055 3594 indigent
1077 3514 1299 3577 astronomica
1322 3514 1516 3596 capacitate.

362 3609 479 3693 Atque
494 3612 633 3693 Hyades
646 3626 680 3677 et
692 3614 841 3678 Pleiades
854 3625 888 3677 et
899 3615 1064 3679 Arcturus
1076 3626 1176 3698 atque
1188 3615 1303 3689 Orion,
1315 3626 1349 3679 et
1361 3618 1517 3681 interiora

364 3714 479 3779 Austri
501 3717 545 3780 de
567 3719 688 3798 quibus
711 3720 828 3783 beatus
846 3718 913 3799 Job
935 3719 1088 3803 loquitur,
1105 3721 1229 3784 habent
1252 3741 1409 3803 magnam
1429 3722 1517 3786 diffi-

363 3819 532 3896 cultatem,
556 3821 731 3905 praecipue
761 3842 836 3886 cum
866 3824 971 3887 dictat
1008 3825 1124 3888 beatus
1154 3826 1380 3907 Hieronymus
1416 3845 1517 3909 super

364 3922 495 3998 isaiam,
510 3925 600 4006 quod
617 3924 722 3989 Orion
740 3926 842 3990 habet
862 3928 936 3989 xxii
955 3927 1078 4005 stellas,
1093 3948 1234 4011 quarum
1250 3950 1369 3993 novem
1386 3930 1513 4011 primae

363 4036 440 4088 sunt
463 4027 496 4088 in
515 4028 614 4092 tertia
633 4030 872 4113 magnitudine,
888 4043 922 4095 et
942 4052 1064 4095 novem
1084 4032 1169 4096 aliae
1189 4034 1223 4096 in
1244 4044 1363 4115 quarta
1383 4036 1512 4117 magni-

362 4131 488 4206 tudine,
510 4140 544 4193 et
564 4144 706 4214 quatuor
726 4134 877 4198 residuae
899 4136 932 4198 in
952 4136 1069 4217 quinta
1090 4138 1331 4219 magnitudine,
1354 4159 1415 4201 nec
1438 4138 1514 4220 plus

361 4234 448 4298 dicit.
495 4235 563 4301 Sed
584 4238 665 4301 haec
686 4238 761 4301 sciri
783 4260 848 4303 non
868 4249 1009 4321 possunt
1031 4241 1094 4304 nisi
1116 4261 1160 4304 ex
1178 4251 1297 4306 octavo
1314 4241 1514 4326 Almagesti,

362 4340 417 4404 ubi
447 4362 507 4405 sex
534 4343 659 4423 gradus
689 4344 929 4425 magnitudinis
959 4344 1129 4409 stellarum
1159 4348 1376 4429 assignantur,
1398 4356 1433 4409 et
1456 4348 1514 4410 de·

361 4446 579 4510 terminantur
601 4466 687 4529 quae
713 4447 829 4511 stellae
858 4458 936 4512 sunt
957 4449 991 4511 in
1014 4448 1162 4531 qualibet
1183 4449 1322 4514 illarum.
1362 4450 1409 4513 Et
1434 4452 1513 4533 quia

360 4547 489 4613 infinita
505 4559 581 4614 sunt
596 4551 661 4614 alia
676 4551 709 4614 in
725 4553 887 4635 scriptura
907 4562 942 4616 et
964 4553 998 4615 in
1024 4554 1288 4635 expositionibus
1312 4564 1514 4633 sanctorum,

359 4673 446 4734 quae
476 4655 648 4719 scientiam
682 4655 850 4721 coelorum
885 4664 920 4721 et
945 4658 1167 4722 astronomiae
1193 4658 1318 4741 judicia
1349 4669 1513 4743 tangunt:
