3575 5375
388 617 430 694 64
592 618 748 677 OPERIS
771 618 835 675 MA
833 618 961 688 JORIS
986 617 1100 676 PARS
1125 617 1335 677 SECUNDA.

387 782 455 845 suis
485 781 681 846 tractatibus
707 801 775 844 non
801 781 907 845 solum
935 780 1026 845 dicta
1056 780 1330 863 philosophorum
1355 782 1398 846 de
1421 780 1541 845 divinis

387 885 582 950 veritatibus
612 884 777 968 colligere,
801 886 859 949 sed
892 885 990 967 longe
1016 884 1153 948 ulterius
1177 886 1342 969 progredi,
1369 905 1540 969 usquequo

387 1000 537 1073 potestas
567 989 797 1074 philosophiae
826 989 929 1053 totius
959 988 1174 1071 compleatur.
1209 990 1282 1055 ,Et
1312 999 1447 1073 propter
1476 989 1540 1053 hoc

386 1094 555 1179 complens
579 1093 824 1177 philosophiam
855 1114 914 1175 per
943 1093 1134 1175 hujusmodi
1158 1094 1313 1158 veritates
1343 1114 1408 1159 non
1439 1093 1541 1158 debet

385 1198 450 1262 dici
465 1198 672 1280 theologicus
684 1218 744 1261 nec
754 1198 986 1261 transcendere
998 1208 1104 1261 metas
1117 1197 1344 1280 philosophiae
1356 1222 1363 1275 3
1380 1198 1538 1281 quoniam

387 1302 450 1366 ista
475 1322 562 1384 quae
585 1311 664 1366 sunt
688 1302 880 1365 communia
903 1300 1133 1383 philosophiae
1156 1311 1189 1366 et
1213 1301 1403 1383 theologiae
1427 1311 1540 1385 potest

386 1425 500 1469 secure
515 1414 657 1469 tractare
672 1415 706 1469 et
721 1427 760 1469 ea
774 1425 862 1487 quae
874 1405 1094 1469 communiter
1105 1405 1229 1469 habent
1241 1406 1341 1489 recipi
1354 1428 1374 1469 a
1386 1404 1539 1469 fidelibus

386 1520 420 1573 et
435 1509 633 1574 infidelibus,
666 1508 713 1574 Et
721 1509 801 1573 talia
814 1509 918 1573 multa
929 1517 1007 1572 sunt
1020 1516 1151 1592 praeter
1161 1510 1251 1573 dicta
1263 1508 1541 1591 philosophorum

387 1612 578 1692 infidelium,
601 1634 687 1696 quae
710 1623 870 1696 tanquam
895 1612 1028 1695 propria
1053 1611 1138 1676 infra
1163 1613 1283 1677 limites
1309 1612 1539 1696 philosophiae

386 1718 488 1781 debet
515 1727 604 1781 recte
628 1716 866 1799 philosophans
888 1716 1051 1799 colligere,
1075 1717 1263 1798 ubicunque
1286 1738 1325 1781 ea
1351 1716 1481 1795 invenit,
1505 1725 1539 1779 et

386 1833 545 1904 tanquam
564 1842 625 1887 sua
646 1822 748 1885 habet
770 1841 979 1904 congregare,
995 1822 1063 1883 sive
1086 1822 1119 1883 in
1142 1820 1234 1905 libris
1257 1831 1455 1899 sanctorum,
1469 1822 1538 1885 sive

385 1928 670 2010 philosophorum,
685 1928 754 1991 sive
776 1927 809 1990 in
836 1945 930 1989 sacra
954 1926 1123 2007 scriptura,
1146 1926 1216 1989 sive
1241 1927 1274 1989 in
1300 1925 1453 2001 historiis,
1468 1927 1539 1989 sive

385 2032 471 2096 alibi.
518 2031 639 2095 Nullus
655 2031 742 2095 enim
759 2040 876 2094 auctor
890 2042 941 2094 est
956 2032 1035 2112 quin
1053 2039 1183 2112 praeter
1198 2030 1412 2113 principalem
1429 2031 1537 2096 inten-

385 2138 511 2201 tionem
527 2137 640 2217 aliqua
656 2136 838 2200 incidenter
853 2135 968 2199 recitet
984 2154 1070 2216 quae
1085 2144 1162 2199 sunt
1174 2134 1252 2197 alibi
1266 2135 1371 2219 magis
1384 2136 1537 2219 propria3

385 2250 419 2305 et
435 2242 531 2324 hujus
545 2262 644 2305 causa
660 2252 712 2305 est
726 2240 873 2304 annexio
894 2239 1113 2316 scientiarum,
1129 2240 1206 2321 quia
1226 2240 1393 2322 quaelibet
1409 2240 1452 2303 ab
1472 2240 1537 2303 alia

385 2348 531 2429 quodam
548 2347 648 2410 modo
663 2345 850 2427 dependet3
873 2344 933 2407 sed
948 2345 1067 2418 omnis,
1083 2344 1141 2425 qui
1157 2343 1271 2407 debito
1290 2344 1392 2407 modo
1406 2353 1537 2421 tractat,

385 2451 485 2515 debet
507 2471 592 2532 quae
615 2461 693 2514 sunt
715 2449 848 2532 propria
874 2448 904 2511 ei
928 2447 1108 2530 assignare,
1127 2457 1162 2510 et
1187 2467 1273 2530 quae
1296 2450 1478 2511 necessaria
1503 2459 1537 2511 et

385 2575 464 2618 suae
479 2554 703 2637 competentia
719 2552 883 2636 dignitati,
894 2562 927 2616 et
943 2553 1017 2615 ideo
1034 2551 1220 2633 ubicunque
1236 2572 1274 2615 ea
1291 2552 1435 2615 inveniat
1446 2552 1538 2617 velut

383 2679 443 2723 sua
461 2677 670 2740 cognoscere,
687 2667 721 2722 et
739 2667 899 2739 tanquam
924 2656 1057 2740 propria
1080 2654 1181 2720 habet
1204 2676 1328 2740 rapere,
1345 2665 1378 2721 et
1402 2656 1434 2720 in
1459 2657 1536 2722 locis

386 2765 526 2847 propriis
549 2763 720 2827 collocare.
778 2762 918 2844 Propter
942 2762 1031 2843 quod
1058 2760 1296 2845 philosophans
1331 2761 1537 2826 Christianus

386 2877 497 2952 potest
527 2867 648 2931 multas
678 2866 892 2930 auctoritates
924 2874 957 2928 et
987 2865 1131 2929 rationes
1155 2876 1190 2928 et
1213 2865 1396 2930 sententias
1419 2887 1536 2948 quarn-

384 2971 543 3054 plurimas
570 2973 612 3036 de
641 2971 772 3052 scriptis
798 2969 881 3048 aliis,
904 2990 1039 3052 quoque
1068 2971 1111 3033 de
1141 2969 1232 3033 libris
1262 2969 1535 3053 philosophorum

385 3074 567 3139 infidelium
592 3076 748 3153 adunare,
769 3074 954 3138 dummodo
982 3074 1048 3139 sint
1071 3075 1204 3157 propria
1227 3065 1468 3157 philosophiae,
1483 3073 1534 3137 vel

383 3181 573 3244 communia
589 3180 619 3244 ei
636 3188 669 3244 et
684 3179 882 3262 theologiae,
897 3189 931 3243 et
946 3199 1032 3261 quae
1048 3179 1268 3242 communiter
1283 3178 1406 3242 habent
1422 3178 1536 3243 fideles

384 3295 417 3348 et
444 3284 601 3367 infideles„
616 3286 766 3367 reperire.
823 3284 869 3347 Et
896 3283 957 3347 nisi
985 3283 1048 3348 hoc
1075 3281 1143 3362 fiat,
1166 3303 1233 3346 non
1259 3282 1453 3366 perficietur,
1476 3284 1535 3348 sed

384 3390 524 3454 multum
540 3391 570 3454 ei
585 3390 809 3473 derogabitur.
856 3388 903 3451 Et
918 3408 984 3451 non
1000 3387 1108 3451 solum
1123 3387 1224 3450 debet
1240 3386 1303 3451 hoc
1315 3386 1385 3451 fieri
1401 3396 1536 3470 propter

383 3494 664 3578 complementum
679 3491 919 3577 philosophiae,
935 3492 993 3555 sed
1010 3502 1144 3575 propter
1167 3492 1403 3555 conscientiam
1424 3491 1537 3555 Chris·

280 3587 286 3595 ’
383 3599 519 3676 tianam,
535 3619 621 3680 quae
643 3598 745 3662 habet
768 3617 903 3660 omnem
918 3597 1091 3660 veritatem
1116 3597 1237 3658 ducere
1257 3596 1300 3660 ad
1322 3597 1477 3669 divinam,
1498 3606 1536 3659 ut

383 3703 412 3764 ei
436 3702 630 3783 subjiciatur
651 3711 685 3765 et
705 3701 891 3765 famuletur.
946 3699 1063 3781 Atque
1077 3712 1215 3782 propter
1234 3699 1307 3774 hoc,
1325 3700 1536 3783 philosophia

383 3805 566 3869 infidelium
582 3815 632 3869 est
654 3805 785 3889 penitus
803 3806 931 3884 nociva,
948 3813 981 3868 et
1003 3803 1084 3867 nihil
1099 3803 1188 3868 valet
1208 3806 1390 3868 secundum
1407 3825 1443 3868 se
1458 3825 1536 3868 con·

384 3910 536 3983 siderata,
560 3929 638 3973 nam
656 3907 875 3992 ⁸philosophia
897 3910 1080 3973 secundum
1104 3929 1140 3972 se
1161 3909 1251 3972 ducit
1275 3909 1318 3971 ad
1341 3910 1536 3973 eaecitatem

383 4013 577 4078 infernalem
596 4024 631 4077 et
653 4014 730 4078 ideo
745 4001 879 4097 oportet
899 4016 989 4095 quod
1010 4015 1191 4077 secundum
1212 4033 1247 4076 se
1266 4014 1308 4076 sit
1327 4014 1484 4077 tenebrae
1501 4023 1536 4077 et

382 4118 497 4202 caligo·

767 4234 992 4300 chamutum
1017 4234 1148 4299 XVIII.

213 4353 354 4418 Summary.
428 4357 493 4421 His
508 4356 722 4421 consideratis
732 4355 753 4431 ¹,
767 4365 859 4437 patet
871 4356 1036 4419 intentum
1050 4355 1249 4438 principale3
1271 4366 1305 4421 et
1322 4354 1535 4419 manifestum

383 4461 543 4545 estquod
564 4481 680 4526 omnes
701 4459 891 4544 philosophi
912 4459 1061 4524 infideles
1081 4471 1115 4524 et
1137 4460 1260 4525 Poetae
1279 4470 1312 4524 et
1332 4457 1481 4540 Sibyllae
1502 4471 1536 4524 et

413 4599 420 4627 ¹
439 4599 515 4647 From
527 4598 578 4647 this
591 4597 664 4659 point
676 4603 704 4645 to
712 4597 758 4645 the
769 4597 821 4645 end
834 4596 863 4645 ol
872 4596 933 4645 Part
943 4597 967 4645 II
980 4597 1002 4646 is
1013 4597 1120 4646 omitted
1133 4597 1197 4646 here
1210 4597 1235 4645 in
1249 4597 1281 4646 Ο.
1292 4597 1343 4646 and
1351 4595 1373 4645 is
1380 4596 1536 4658 transposed

380 4686 406 4727 to
419 4678 480 4726 Part
491 4677 539 4727 111.
570 4676 638 4726 Vide
648 4683 711 4724 note
722 4691 756 4724 on
768 4691 792 4737 p.
804 4689 844 4736 54.
