3575 5375
677 607 966 670 GEOGRAPHIA.
1338 627 1400 688 339

248 766 402 851 Quatuor
417 769 528 853 itaque
545 770 642 834 urbes
658 771 811 836 incensae
828 779 917 846 sunt,
933 792 1072 854 quarum
1094 773 1212 837 umbra
1233 775 1399 856 quaedam

247 883 280 936 et
299 874 427 956 species
449 875 482 938 in
504 874 622 938 favillis
640 875 779 940 videtur.
824 875 949 940 Arsere
969 884 1086 952 terrae,
1100 878 1217 942 ardent
1232 897 1348 960 aquae,
1364 879 1398 942 in

247 978 368 1061 quibus
386 980 537 1044 coelestis
555 980 640 1064 ignis
659 980 817 1062 reliquiae
838 981 947 1045 adhuc
967 990 1110 1046 manent
1155 980 1311 1064 Aspicies
1332 982 1398 1046 illic

248 1083 290 1146 ad
318 1084 463 1166 speciem
490 1105 590 1167 poma
616 1085 802 1160 viridantia,
824 1085 984 1149 formatos
1012 1106 1149 1150 uvarum
1180 1107 1338 1164 racemos,
1361 1096 1398 1152 ut

248 1188 369 1252 edendi
388 1189 527 1272 gignant
542 1189 770 1272 spectantibus
790 1190 1030 1272 cupiditatem3
1051 1193 1079 1255 si
1099 1212 1226 1274 carpas,
1242 1189 1398 1255 fatiscunt

249 1303 282 1355 et
305 1292 510 1358 resolvuntur
540 1293 572 1357 in
601 1294 754 1370 cinerem,
777 1293 972 1377 fumumque
994 1294 1145 1360 excitant
1170 1296 1265 1377 quasi
1290 1295 1399 1359 adhuc

211 1467 213 1472 Α
249 1398 393 1460 ardeant.
448 1397 615 1480 Quicquid
638 1419 717 1462 vero
743 1399 889 1462 Isidorus
913 1409 947 1464 et
971 1398 1106 1463 Solinus
1128 1400 1172 1462 de
1194 1399 1399 1464 mirabilibus

252 1503 367 1565 mundi
383 1510 417 1564 et
433 1501 660 1584 Hieronymus
675 1504 805 1568 decimo
824 1514 943 1585 quarto
959 1503 1044 1567 libro
1056 1525 1157 1586 super
1171 1503 1350 1584 jeremiam
1365 1513 1400 1567 et

252 1604 376 1667 Plinius
396 1605 500 1669 etalii
524 1606 619 1669 multi
638 1607 763 1685 dicunt,
783 1608 845 1670 sub
864 1609 1027 1671 sententia
1049 1607 1233 1691 Hegesippi
1251 1628 1401 1690 compre·

251 1708 449 1774 henduntur.
495 1710 584 1774 Nam
601 1711 628 1774 si
645 1713 716 1794 ipse
730 1712 841 1792 aliqua
857 1713 1049 1776 summatim
1062 1714 1272 1794 perstringat,
1288 1712 1400 1775 dicens'

252 1812 331 1875 nihil
346 1813 457 1877 vivum
473 1814 518 1877 ibi
535 1834 632 1895 posse
649 1815 763 1879 nutriri
783 1836 844 1881 nec
864 1816 979 1899 mergi,
993 1815 1048 1880 alii
1063 1815 1264 1898 specificam.
1310 1816 1400 1879 Nam

251 1916 374 1981 Plinius
404 1928 438 1982 et
469 1917 604 1984 Solinus
634 1922 747 1986 dicunt
781 1922 873 2002 quod
902 1919 1030 1983 nullum
1060 1939 1180 2002 corpus
1210 1919 1400 1983 animalium

249 2023 365 2104 recipit
378 2043 385 2100 ;
406 2023 491 2086 tauri
507 2024 691 2106 camelique
706 2023 839 2087 fluitant
848 2022 871 2083 ¹.
905 2023 950 2086 Et
963 2022 1192 2104 Hieronymus
1207 2024 1298 2099 dicit,
1310 2022 1400 2104 quod

250 2137 387 2208 propter
406 2127 659 2192 amaritudinem
680 2128 780 2190 maris
800 2125 879 2189 nihil
904 2126 1033 2208 spirans
1053 2126 1100 2189 ibi
1123 2127 1299 2204 invenitur,
1313 2127 1402 2189 unde

251 2250 311 2293 nec
328 2231 433 2313 pisces
448 2251 509 2294 nec
523 2241 700 2313 serpentes,
717 2232 776 2293 sed
792 2240 827 2294 et
842 2230 950 2312 pisces
972 2251 992 2293 a
1015 2230 1169 2311 Jordanis
1185 2230 1401 2294 inundatione

251 2334 354 2398 delati
384 2334 417 2395 in
449 2334 512 2398 hoc
543 2355 633 2398 mare
666 2335 779 2398 statim
819 2334 1013 2398 moriuntur.
1077 2334 1225 2398 lsidorus
1260 2353 1339 2398 vero
1369 2333 1402 2396 in

253 2436 543 2519 Etymologiarum
567 2437 652 2501 libro
675 2439 776 2502 verba
799 2438 986 2520 Hegesippi
1009 2458 1183 2519 exponens
1205 2437 1292 2510 dicit,
1309 2438 1400 2519 quod

252 2562 312 2604 nec
337 2540 443 2604 ventis
464 2552 625 2620 movetur,
648 2543 820 2606 resistente
838 2541 1026 2605 turbinibus
1048 2541 1219 2620 bitumine,
1233 2561 1301 2623 quo
1315 2561 1403 2622 aqua

252 2645 361 2709 omnis
398 2656 581 2729 stagnatur,
610 2667 672 2711 nec
710 2646 811 2711 ullam
842 2647 1015 2711 materiam
1046 2646 1196 2724 sustinet,
1225 2646 1288 2710 nisi
1316 2666 1403 2729 quae

253 2751 414 2815 bitumine
429 2752 619 2817 illustratur.
667 2753 712 2816 Et
728 2752 920 2816 extenditur
944 2753 1029 2815 inter
1043 2752 1177 2835 Jericho
1193 2760 1228 2815 et
1252 2752 1403 2833 Zoaram,

253 2876 337 2938 quae
353 2868 404 2920 est
421 2854 537 2941 Segor.

297 2959 464 3042 Quoniam
486 2982 566 3025 vero
589 2960 750 3041 Jordanes
772 2960 878 3025 influit
902 2961 934 3023 in
957 2981 1048 3025 mare
1081 2961 1263 3039 Mortuum,
1291 2970 1326 3024 et
1356 2961 1401 3023 ibi
1414 2970 1470 3019 The
1482 2970 1538 3034 Jor-

254 3086 373 3129 nomen
392 3087 488 3129 suum
504 3076 539 3131 et
559 3066 713 3131 virtutem
737 3067 873 3144 amittit,
888 3076 988 3147 atque
1007 3067 1155 3148 regiones
1171 3066 1402 3129 Hebraeorum
1414 3036 1471 3085 ‘³³¹¹'

254 3183 287 3235 et
303 3170 428 3234 multae
448 3171 534 3235 aliae
556 3170 767 3234 notificantur
788 3191 847 3252 per
867 3169 1059 3250 jordanem,
1074 3170 1150 3233 ideo
1170 3172 1214 3233 de
1234 3168 1292 3233 illo
1316 3188 1403 3232 nunc

254 3275 430 3338 dicendum
465 3283 524 3338 est.
586 3274 747 3357 Quamvis
783 3295 862 3338 vero
902 3274 1128 3355 Hieronymus
1164 3271 1334 3356 eleganter
1370 3282 1404 3335 et

254 3379 413 3441 veraciter
443 3378 596 3459 loquatur
629 3380 672 3442 de
694 3388 768 3442 ortu
796 3376 971 3441 manifesto
1001 3385 1035 3441 et
1065 3378 1215 3440 discursu
1237 3376 1404 3457 Jordanis,

255 3493 356 3564 atque
386 3482 511 3545 Plinius
540 3492 575 3545 et
609 3482 756 3545 Isidorus
793 3491 827 3545 et
862 3480 927 3556 alii,
956 3492 1070 3545 tamen
1100 3479 1255 3543 omnibus
1285 3481 1405 3545 merito

258 3587 510 3669 praeponendus
540 3595 591 3649 est
623 3585 846 3669 Hegesippus,
870 3585 927 3667 qui
958 3585 991 3648 in
1016 3584 1115 3649 tertio
1142 3583 1228 3648 libro
1257 3583 1405 3667 explicat

256 3692 377 3755 certius
393 3701 427 3755 et
441 3689 666 3755 abundantius
682 3690 776 3753 istius
795 3689 941 3753 fluminis
956 3689 1128 3773 originem.
1174 3687 1302 3753 Omnes
1315 3688 1405 3753 enim

255 3805 406 3859 auctores
422 3805 553 3878 praeter
569 3794 810 3877 Hegesippum,
826 3794 883 3876 qui
904 3814 963 3877 per
985 3793 1226 3876 experientiam
1248 3792 1406 3875 procedit,

255 3900 431 3963 aestimant
461 3898 642 3979 Jordanem
673 3897 810 3961 fluvium
843 3898 921 3962 oriri
951 3918 995 3961 ex
1025 3898 1157 3963 duobus
1190 3896 1336 3961 sontibus
1361 3896 1405 3960 ad

256 4002 383 4065 radices
399 4002 522 4065 montis
544 4001 662 4065 Libani
685 4001 784 4083 juxta
805 4000 1013 4081 Daneadem,
1027 4020 1113 4082 quae
1132 4020 1220 4063 nunc
1243 3999 1407 4065 Caesarea

257 4106 400 4188 Philippi
421 4105 630 4180 nominatur3
652 4124 792 4186 quorum
812 4104 953 4169 sontium
977 4125 1063 4168 unus
1077 4106 1147 4187 Jor,
1163 4115 1198 4168 et
1218 4104 1302 4169 alius
1319 4104 1407 4185 Dan,

256 4214 312 4293 qui
328 4232 388 4275 sua
409 4210 570 4295 profluvia
588 4211 719 4275 divisim
739 4211 977 4293 protendentes
996 4212 1133 4275 tandem
1154 4210 1407 4274 concordantia

256 4336 369 4395 unum,
385 4315 473 4379 unde
489 4315 652 4396 Jordanes
672 4314 832 4394 efficitur;
854 4326 888 4378 et
907 4335 967 4397 per
985 4315 1120 4396 aliquod
1135 4314 1280 4396 spatium
1298 4322 1406 4378 terrae

288 4494 374 4545 ¹Plin.
392 4511 415 4543 v.
438 4497 467 4543 16
483 4494 607 4542 ‘Nullum
630 4509 724 4555 corpus
746 4492 893 4543 animalium
912 4494 1019 4557 recipit:
1043 4493 1109 4543 tauri
1130 4492 1271 4556 camelique
1292 4492 1407 4557 fluitant5

257 4580 318 4629 inde
330 4579 398 4628 fama
409 4578 473 4627 nihil
485 4578 511 4625 in
524 4592 558 4626 eo
571 4574 668 4639 mergi!

800 4700 855 4753 22
