3575 5375
403 617 754 677 MATHEMATICAE
778 619 827 676 IN
849 620 1053 681 PHYSICIS
1080 623 1288 684 UTILITAS.
1362 642 1420 704 125

267 789 407 862 possunt
429 781 512 844 radii
532 791 693 845 exeuntes
715 802 736 845 a
759 781 908 846 terminis
936 784 1090 848 diametri
1117 787 1264 869 corporis
1287 788 1422 870 majoris

267 885 406 948 transire
432 885 517 949 ultra
544 886 742 949 diametrum
766 887 912 968 corporis
939 888 1081 962 minoris,
1103 901 1140 954 ut
1164 891 1322 974 majorem
1349 892 1421 973 ejus

267 989 453 1072 portionem
479 990 786 1073 comprehendaut3
821 1001 854 1054 et
881 1012 900 1055 e
926 993 1090 1057 contrario
1117 996 1263 1077 corporis
1289 997 1422 1079 majoris

277 1201 783 1591 010
1281 1272 1413 1539 0

795 1720 854 1768 Fro.
868 1737 892 1783 9.

269 1843 377 1907 minor
392 1842 502 1926 portio
524 1843 639 1925 recipit
655 1842 811 1907 virtutem
832 1863 852 1905 a
873 1843 991 1907 minori
1007 1863 1153 1925 corpore,
1169 1843 1247 1927 quia
1263 1843 1425 1906 diameter

269 1947 402 2011 minoris
431 1948 580 2029 corporis
610 1968 675 2010 non
702 1956 864 2029 aequatur
889 1948 1052 2011 diametro
1079 1947 1223 2028 majoriS,
1246 1947 1305 2010 sed
1329 1947 1424 2010 alicui

268 2048 413 2115 chordae
426 2051 558 2114 minoris
574 2050 733 2135 portionis
748 2052 893 2134 corporis
906 2051 1047 2134 majoris.
1093 2053 1139 2115 Et
1156 2051 1265 2114 nullus
1282 2063 1425 2135 punctus

269 2155 427 2238 sphaerici
444 2155 587 2236 corporis
603 2165 716 2237 potest
735 2154 841 2219 lacere
855 2156 1012 2218 virtutem
1031 2177 1051 2218 a
1072 2177 1117 2231 se,
1133 2157 1193 2219 nisi
1216 2157 1258 2218 ad
1279 2155 1422 2239 spatium

269 2260 360 2342 quod
381 2269 551 2340 separatur
565 2259 608 2322 ab
623 2280 664 2322 eo
683 2279 743 2342 per
766 2258 885 2322 lineam
907 2281 992 2342 quae
1011 2260 1181 2343 contingat
1201 2259 1281 2322 illud
1303 2279 1423 2341 corpus

270 2363 304 2426 in
329 2374 453 2445 puncto
474 2363 532 2426 illo
553 2385 574 2427 a
597 2385 664 2446 quo
690 2361 728 2427 iit
751 2363 875 2440 virtus;
899 2365 1054 2445 quoniam
1079 2364 1122 2428 ab
1149 2385 1171 2426 a
1201 2373 1327 2447 puncto
1357 2384 1423 2425 non

270 2477 381 2550 potest
393 2467 504 2549 aliqua
518 2467 604 2531 linea
619 2468 737 2532 cadere
749 2468 832 2531 inter
848 2467 971 2531 lineam
987 2470 1237 2550 contingentem
1255 2477 1289 2532 et
1304 2487 1423 2550 corpus

270 2572 489 2655 sphaericum,
513 2583 550 2636 ut
573 2574 819 2636 demonstratur
842 2572 877 2635 in

270 2698 317 2741 xv
345 2677 432 2741 tertii
456 2675 693 2740 elementorum
721 2676 877 2742 Euclidis.

272 2781 319 2845 Et
348 2782 425 2845 ideo
453 2782 607 2865 spatium,
641 2783 731 2864 quod
764 2792 815 2846 est
845 2781 877 2843 in

271 2886 394 2969 angulo
419 2886 674 2967 contingentiae,
695 2896 729 2949 et
750 2886 796 2950 sic
820 2907 880 2969 per

271 2998 378 3053 totam
392 3000 479 3054 retro
495 2990 615 3053 lineam
627 2991 876 3072 contingentem

271 3114 383 3165 versus
410 3113 539 3176 corpus,
562 3113 630 3156 non
658 3094 792 3176 recipiet
816 3094 877 3156 vir-

271 3207 379 3261 tutem
406 3198 450 3261 ab
475 3219 498 3260 a
521 3208 655 3278 puncto,
683 3199 741 3262 sed
769 3206 879 3261 totum

273 3302 418 3383 spatium
463 3302 548 3365 ultra
588 3300 708 3366 lineam
751 3302 879 3365 contin·
926 3328 941 3369 e

272 3405 412 3489 gentiae,
429 3406 461 3468 in
476 3427 543 3488 quo
557 3418 635 3469 sunt
651 3416 775 3488 puncta
784 3405 880 3482 bede,
950 3450 974 3516 d

273 3509 410 3593 recipiet
453 3510 620 3573 virtutem.
678 3509 724 3572 Et
762 3529 880 3572 omnes
1182 3540 1201 3604 b

274 3614 354 3677 radii
370 3614 425 3697 qui
444 3624 569 3678 exeunt
584 3635 604 3677 a
618 3612 789 3695 superficie
811 3633 882 3677 cor·

274 3717 363 3801 poris
387 3718 555 3801 sphaerici,
580 3738 720 3800 quorum
745 3718 881 3781 directio

274 3817 362 3881 cadit
386 3819 418 3880 in
445 3828 593 3882 centrum
618 3818 764 3900 corporis
790 3817 885 3891 illius,
909 3824 987 3879 sunt
1011 3814 1298 3900 perpendiculares
1327 3838 1427 3901 super

265 3910 382 4002 ¹ipsum
413 3932 447 3985 et
477 3922 560 3986 tales
591 3922 734 4004 undique
765 3934 890 3986 exeunt
922 3921 1040 3984 infiniti
1069 3931 1106 3985 ut
1136 3931 1228 4004 patet
1254 3921 1286 3985 in
1312 3920 1426 4003 figura.

278 4026 323 4089 Et
352 4036 423 4089 turn
459 4028 503 4090 ab
537 4026 655 4089 eodem
687 4036 810 4109 puncto
837 4026 1022 4109 superficiei
1052 4026 1207 4107 eorporis,
1236 4046 1258 4090 a
1290 4047 1358 4109 quo
1389 4026 1426 4090 fit

276 4130 386 4193 radius
408 4129 697 4213 perpendicularis,
712 4150 812 4212 super
834 4130 924 4193 idem
947 4150 1068 4212 corpus
1091 4128 1174 4193 fiunt
1196 4130 1279 4194 radii
1300 4129 1427 4207 infiniti,

276 4242 313 4297 ut
336 4242 429 4317 patet
450 4234 494 4297 ad
518 4254 539 4296 a
562 4242 733 4316 punctum,
754 4242 789 4297 et
811 4232 858 4298 sic
879 4234 922 4297 de
941 4233 1117 4307 omnibus;
1140 4234 1199 4297 sed
1223 4253 1307 4296 unus
1328 4234 1429 4313 solus,

275 4337 400 4401 scilicet
426 4360 449 4401 a
478 4337 507 4415 b,
537 4338 648 4401 radius
678 4345 729 4401 est
756 4336 1038 4420 perpendicularis
1064 4358 1164 4419 super
1192 4336 1274 4400 illud
1299 4357 1425 4419 corpus,

275 4442 354 4523 quia
370 4440 424 4504 ille
440 4442 538 4520 solus,
559 4443 586 4506 si
608 4440 820 4524 protrahatur
839 4442 871 4505 in
888 4441 1083 4505 continuum
1099 4452 1134 4505 et
1149 4442 1319 4515 directum,
1334 4442 1427 4505 vadit

276 4547 310 4609 in
327 4556 475 4610 centrum
492 4546 649 4629 corporis,
665 4554 699 4610 et
714 4545 790 4610 ideo
805 4546 861 4611 ille
876 4554 927 4611 est
938 4546 1146 4621 fortissimus
1162 4556 1196 4609 et
1211 4544 1313 4610 habet
1328 4544 1428 4629 louge

277 4650 353 4733 plus
368 4651 411 4714 de
426 4651 556 4715 virtute.

1385 3474 1402 3515 0

1117 3658 1179 3706 Fre.
1195 3672 1232 3708 ιο.
