3575 5375
351 645 678 706 PHILOSOPHIAE
704 644 795 703 CUM
820 644 1066 703 THEOLOGIA
1091 646 1331 703 AFFINITAS.
1375 645 1415 722 65

263 810 453 892 quicunque
465 808 647 891 sapientiae
662 817 738 871 sunt
751 806 865 881 dediti,
875 807 1000 870 inventi
1015 802 1093 871 sunt
1109 818 1185 891 post
1198 807 1413 891 philosophos

262 934 358 978 veros
376 924 410 977 et
426 912 551 992 fideles,
565 912 622 994 qui
645 912 777 975 suerunt
799 910 857 974 filii
881 910 966 975 Seth
989 920 1022 975 et
1041 911 1117 976 Noe
1139 932 1213 975 cum
1238 911 1313 975 filiis
1337 914 1413 989 suis,

262 1020 383 1099 quibus
407 1018 500 1082 Deus
521 1018 615 1081 dedit
640 1016 749 1080 vivere
770 1025 949 1080 sexcentos
971 1035 1077 1079 annos
1104 1026 1239 1099 propter
1265 1018 1412 1081 studium

263 1122 444 1205 sapientiae
456 1120 701 1203 complendum,
710 1129 746 1183 ut
757 1120 838 1184 dicit
852 1120 1020 1202 Josephus
1033 1120 1139 1202 primo
1151 1120 1414 1203 Antiquitatum,

262 1247 411 1291 asserens
420 1228 511 1309 quod
523 1227 555 1288 in
566 1227 694 1289 minore
704 1237 854 1308 tempore
863 1244 930 1287 non
940 1235 1116 1307 potuerant
1129 1225 1295 1308 complere
1304 1225 1412 1308 philo-

262 1330 414 1413 sophiam
426 1331 603 1414 praecipue
614 1339 751 1411 propter
761 1329 998 1393 astronomiam
1012 1329 1046 1391 in
1061 1350 1127 1411 qua
1142 1340 1193 1393 est
1210 1330 1314 1412 major
1324 1328 1412 1395 diffi-

262 1435 377 1513 cultas,
393 1435 534 1517 eoquod
551 1431 780 1498 acaelestibus
790 1431 941 1496 homines
954 1432 1109 1497 mortales
1118 1433 1257 1497 multum
1267 1435 1412 1510 distant3

263 1541 321 1603 sed
344 1540 438 1602 Deus
454 1539 501 1603 eis
521 1538 676 1609 revelavit
692 1538 812 1616 omnia,
823 1547 857 1601 et
879 1538 972 1601 dedit
991 1537 1038 1600 eis
1057 1538 1144 1602 vitae
1162 1538 1412 1623 longitudinem,

263 1653 301 1707 ut
322 1643 566 1726 philosophiam
595 1662 656 1727 per
681 1640 902 1725 experientias
926 1642 1138 1724 complerent.
1185 1642 1253 1707 Sed
1278 1656 1412 1726 propter

262 1747 423 1811 malitiam
440 1747 612 1811 hominum
628 1746 685 1828 qui
700 1746 795 1809 abusi
815 1756 893 1809 sunt
908 1746 969 1809 viis
984 1746 1174 1827 sapientiae,
1191 1757 1228 1811 ut
1246 1748 1412 1825 Nimroth‚

262 1860 296 1915 et
319 1852 506 1926 Zoroaster,
524 1861 559 1914 et
575 1849 684 1929 Atlas,
699 1861 733 1914 et
752 1850 980 1929 Prometheus
997 1860 1030 1913 et
1049 1850 1231 1916 Mercurius
1247 1861 1304 1915 aut
1319 1853 1411 1916 Tris·

262 1957 431 2037 megistus,
452 1964 487 2019 et
512 1954 743 2038 Aesculapius,
767 1963 802 2018 et
828 1953 964 2037 Apollo,
985 1965 1019 2018 et
1045 1954 1100 2018 alii
1129 1956 1186 2038 qui
1204 1948 1412 2021 ¹colebantur

262 2060 347 2123 sicut
360 2060 417 2123 Dii
429 2070 566 2143 propter
580 2060 786 2144 sapientiam,
798 2059 890 2122 Deus
903 2060 1092 2124 obscuravit
1106 2079 1165 2125 cor
1180 2062 1410 2141 multitudinis,

262 2172 297 2227 et
309 2163 424 2228 recidit
436 2164 595 2246 paulatim
608 2185 686 2229 usus
697 2162 927 2247 philosophiae
937 2183 1108 2247 usquequo
1121 2166 1240 2229 iterum
1251 2166 1409 2231 Salomon

261 2288 335 2331 eam
360 2269 528 2333 revocavit
540 2279 573 2333 et
588 2266 725 2352 perfecit
739 2268 882 2342 omnino,
896 2268 981 2331 sicut
995 2268 1162 2352 Josephus
1178 2270 1277 2335 docet
1288 2280 1409 2336 octavo

262 2371 524 2455 Antiquitatum.
571 2372 616 2435 Et
632 2374 749 2436 iterum
772 2381 909 2455 propter
924 2383 1060 2456 peccata
1080 2373 1253 2438 hominum
1275 2377 1410 2439 evanuit

262 2477 407 2540 studium
430 2477 620 2560 sapientiae,
639 2478 746 2541 donec
763 2475 888 2540 Thales
911 2477 1058 2541 Milesius
1079 2479 1255 2562 resumpsit
1276 2500 1359 2555 eam,
1376 2492 1411 2545 et

262 2580 333 2663 ejus
357 2602 562 2646 successores
587 2580 819 2655 dilataverunt,
841 2602 1014 2665 usquequo
1038 2581 1234 2648 Aristoteles
1256 2604 1410 2649 consum-

262 2686 374 2762 mavit,
390 2697 551 2770 quantum
573 2686 635 2751 suit
661 2685 819 2770 possibile
839 2685 939 2769 juxta
963 2688 1050 2750 idem
1076 2697 1217 2770 tempus.
1263 2688 1332 2754 Sed
1357 2690 1410 2754 isti

260 2791 303 2854 ab
321 2790 484 2856 Hebraeis
504 2792 688 2856 didicerunt
710 2792 833 2864 omnia,
849 2791 935 2855 sicut
950 2791 1149 2856 Aristoteles
1170 2793 1249 2857 dicit
1273 2794 1306 2856 in
1324 2792 1410 2857 libro

261 2906 469 2973 secretorum,
484 2897 641 2978 quoniam
664 2895 852 2980 philosophi
877 2893 1037 2973 infideles,
1055 2904 1092 2959 ut
1113 2896 1268 2960 Nimroth
1289 2906 1323 2961 et
1343 2897 1410 2976 alii,

260 2997 391 3063 suerunt
402 3010 481 3082 post
491 2999 583 3077 Seth,
593 3000 678 3079 Noe,
688 2998 779 3076 Sem,
788 3008 822 3063 et
831 2997 1008 3063 Abraham
1021 3022 1029 3073 ;
1051 3009 1084 3062 et
1097 3013 1172 3083 post
1186 3001 1411 3083 Salomonem,

261 3103 317 3184 qui
336 3105 481 3168 secundo
499 3103 636 3188 perfecit
656 3123 739 3177 eam,
756 3101 889 3166 suerunt
908 3102 1021 3185 reliqui
1048 3104 1237 3188 philosophi
1261 3105 1410 3171 infideles

261 3217 298 3271 ut
319 3207 444 3272 Thales
467 3218 502 3273 et
527 3208 744 3291 Pythagoras,
766 3206 922 3272 Socrates
948 3217 983 3271 et
1010 3207 1113 3285 Plato,
1139 3219 1174 3272 et
1199 3208 1410 3274 Aristoteles.

261 3311 343 3375 Ideo
366 3312 578 3376 manifestum
601 3312 763 3394 estquod
788 3310 1017 3394 philosophiae
1038 3312 1196 3394 perfectio
1219 3313 1279 3376 fuit
1302 3314 1411 3396 primo

260 3417 341 3481 data
356 3417 489 3494 sanctis,
505 3415 703 3480 Patriarchis
718 3427 752 3480 et
769 3414 950 3497 Prophetis,
966 3417 1086 3498 quibus
1107 3416 1162 3480 lex
1180 3416 1242 3479 Dei
1262 3417 1411 3482 similiter

260 3519 323 3585 tuit
337 3520 380 3584 ab
396 3541 462 3584 uno
477 3529 512 3584 et
526 3522 643 3585 eodem
661 3520 736 3583 Deo
755 3519 899 3583 revelata
914 3541 922 3598 ;
944 3521 1033 3602 quod
1054 3540 1120 3584 non
1141 3518 1256 3585 suisset
1277 3519 1410 3599 factum,

261 3625 322 3690 nisi
338 3623 549 3708 philosophia
566 3625 703 3687 omnino
723 3633 811 3688 esset
832 3624 956 3688 sanctis
973 3623 1038 3687 Dei
1059 3632 1093 3686 et
1113 3622 1177 3709 legi
1198 3644 1309 3689 sacrae
1331 3645 1409 3689 con-

260 3727 374 3794 formis
399 3739 434 3793 et
464 3727 553 3792 utilis
582 3747 621 3791 ac
651 3729 833 3792 necessaria
862 3738 999 3811 propter
1028 3727 1233 3793 intellectum
1264 3728 1346 3812 legis
1376 3739 1409 3793 et

260 3831 509 3896 excusationem
525 3841 560 3896 et
574 3829 820 3909 defensionem3
843 3833 976 3913 insuper
998 3843 1035 3896 ut
1057 3831 1115 3896 fiat
1137 3833 1208 3915 ejus
1231 3834 1409 3915 persuasio,

259 3946 293 4000 et
309 3935 467 4019 probetur
488 3944 522 3999 et
545 3936 804 4000 communicetur
825 3944 859 3998 et
881 3936 1060 4013 dilatetur;
1082 3957 1159 4000 nam
1183 3938 1337 4002 omnibus
1360 3938 1411 4002 his

260 4041 369 4105 modis
399 4041 581 4104 necessaria
611 4049 672 4114 est,
697 4039 784 4104 sicut
807 4040 1023 4105 discurrendo
1050 4061 1109 4124 per
1132 4050 1243 4123 partes
1265 4042 1409 4124 singulas

260 4143 491 4228 philosophiae
511 4143 695 4226 apparebit
750 4143 796 4207 Et
825 4145 901 4208 ideo
931 4144 1141 4227 philosophia
1172 4166 1239 4210 non
1268 4156 1318 4209 est
1347 4146 1410 4208 nisi

259 4249 440 4330 sapientiae
455 4247 586 4312 divinae
600 4247 781 4330 explicatio
795 4268 854 4329 per
870 4248 1054 4313 doctrinam
1070 4258 1104 4312 et
1120 4269 1213 4331 opus,
1225 4259 1259 4312 et
1275 4258 1410 4332 propter

258 4352 322 4417 hoc
337 4373 403 4416 una
417 4362 469 4417 est
483 4352 646 4434 sapientia
663 4349 819 4435 perfecta,
835 4372 923 4434 quae
937 4352 1038 4416 sacris
1053 4352 1155 4419 literis
1171 4353 1365 4418 continetur.
