3575 5375
419 628 770 686 MATHEMATICAE
794 628 844 685 IN
865 629 1035 688 DIVINIS
1062 629 1268 688 UYILITAS.
1364 645 1421 704 197

269 791 450 855 secundum
478 793 567 873 quod
594 792 773 872 respondet
799 791 945 874 praecise
974 791 1136 856 lunationi
1164 792 1325 868 Arabum,
1353 814 1421 859 non

269 905 380 978 potest
400 916 472 959 esse
487 895 561 978 plus
582 917 682 978 quam
698 897 813 978 viginti
838 917 958 960 noveru
980 898 1049 961 dies
1071 907 1104 960 et
1122 899 1299 962 duodecim
1320 899 1421 962 horae

270 1010 304 1064 et
336 1000 539 1084 septingenti
576 1001 758 1082 nonaginta
793 1002 880 1064 duae
912 1010 1023 1082 partes
1057 1001 1152 1065 unius
1186 1002 1294 1065 horae.
1352 1002 1420 1068 Sed

268 1105 401 1168 Arabes
425 1105 458 1167 in
481 1104 603 1168 tabulis
624 1115 658 1168 et
680 1105 862 1168 canonibus
889 1115 1087 1186 computant
1109 1106 1279 1184 diminute,
1303 1118 1337 1171 et
1364 1110 1420 1173 de·

270 1209 384 1273 ficiunt
400 1210 432 1272 in
447 1211 537 1272 omni
554 1210 721 1272 lunatione
738 1229 796 1290 per
812 1209 875 1271 tria
890 1210 1046 1288 secunda,
1061 1218 1095 1273 et
1109 1211 1298 1292 quindecim
1315 1212 1421 1284 tertia,

269 1324 302 1377 et
317 1315 534 1397 quadraginta
549 1322 693 1396 quatuor
708 1322 835 1394 quarta,
850 1313 941 1395 quod
954 1322 1047 1395 patet
1062 1334 1122 1395 per
1137 1315 1420 1380 examinationem

269 1419 461 1500 legitimam.
509 1417 554 1481 Et
582 1418 657 1482 ideo
686 1416 833 1480 Hebraei
860 1418 1052 1494 astronomi,
1077 1417 1227 1482 volentes
1253 1421 1421 1504 complere

269 1522 481 1594 lunationem,
517 1531 743 1603 apposuerunt
778 1541 878 1584 unam
916 1531 1057 1603 partem,
1091 1524 1168 1604 quia
1206 1526 1315 1586 minus
1352 1545 1419 1588 non

269 1635 448 1710 potuerunt
471 1645 593 1707 ponere
621 1625 803 1689 secundum
830 1625 915 1689 hanc
940 1626 1137 1690 divisionem
1164 1647 1231 1709 qua
1257 1629 1307 1691 usi
1333 1641 1420 1692 sunt.

270 1730 316 1793 Et
331 1731 408 1794 ideo
424 1740 620 1813 computant
636 1749 740 1811 usque
756 1749 842 1792 nunc
858 1730 891 1792 in
909 1751 974 1793 una
988 1730 1158 1794 lunatione
1169 1732 1284 1814 viginti
1300 1752 1419 1796 novem

268 1834 339 1898 dies
360 1844 393 1898 et
408 1834 586 1897 duodecim
602 1834 701 1898 horas
719 1843 752 1897 et
772 1834 1000 1916 septingentas
1019 1837 1199 1918 nonaginta
1221 1846 1287 1899 tres
1309 1848 1420 1919 partes

268 1939 378 2002 horae.
425 1939 471 2002 Et
491 1938 590 2019 longe
608 1938 727 2002 certior
742 1947 793 2001 est
816 1959 931 2002 eorum
951 1940 1173 2003 consideratio
1192 1960 1294 2023 quam
1315 1952 1420 2004 astro·

269 2063 443 2107 nomorum
462 2042 623 2106 utentium
646 2041 767 2106 tabulis
788 2053 821 2107 et
844 2042 1027 2108 canonibus
1046 2045 1135 2125 apud
1155 2044 1237 2108 alias
1260 2046 1420 2123 nationes,

269 2168 457 2231 quanquam
485 2156 519 2211 et
546 2147 620 2230 plus
645 2145 888 2228 aliquantulum
916 2157 1112 2230 computant
1145 2169 1245 2230 quarn
1275 2153 1421 2231 praecise

269 2253 381 2336 exigat
397 2252 534 2315 lunatio.
580 2251 668 2314 Nam
685 2254 852 2316 excedunt
868 2252 900 2313 in
915 2262 1059 2334 quatuor
1077 2253 1184 2315 tertiis
1200 2263 1234 2315 et
1248 2254 1420 2317 sexdecim

269 2357 393 2438 quartis
409 2358 506 2419 unius
520 2355 630 2420 horae.
677 2354 744 2420 Sed
766 2355 829 2418 hoc
846 2355 944 2437 longe
961 2356 1069 2419 minus
1085 2365 1136 2420 est
1154 2376 1254 2438 quam
1270 2356 1421 2421 defectus

269 2461 421 2524 Arabum
459 2462 657 2544 praedictus.
702 2459 918 2543 Quapropter
954 2460 1035 2525 satis
1072 2459 1189 2524 melius
1226 2470 1421 2544 computant

271 2565 427 2629 Hebraei.
474 2566 546 2629 Nec
570 2575 620 2628 est
643 2565 824 2628 curandum
848 2567 891 2629 de
914 2585 1053 2628 excessu
1074 2563 1303 2628 Hebraeorum
1327 2585 1420 2648 prae-

268 2672 377 2747 dicto;
400 2672 558 2755 quoniam
580 2671 613 2734 in
630 2671 779 2736 maximo
799 2680 951 2753 ternpore
972 2669 1127 2733 minimus
1142 2691 1232 2734 error
1248 2671 1420 2753 contingit,

268 2786 302 2840 et
329 2778 371 2840 de
396 2797 462 2859 quo
487 2795 552 2838 non
575 2786 625 2839 est
646 2777 837 2839 curandum.
884 2775 1018 2839 Menses
1040 2785 1153 2838 autem
1178 2775 1419 2851 Hebraeorum,

269 2892 303 2945 et
323 2882 502 2964 scripturae
525 2880 655 2944 usuales
674 2879 946 2943 diversificantur.
993 2881 1084 2943 Nam
1106 2900 1190 2944 unus
1212 2890 1263 2943 est
1286 2881 1421 2962 triginta

269 2985 395 3048 dierum
418 2996 452 3049 et
474 2983 558 3047 alius
580 2984 695 3067 viginti
719 3004 849 3061 novem,
865 2986 943 3067 quia
964 2985 1084 3067 vulgus
1107 3005 1174 3047 non
1196 2994 1306 3067 potest
1329 3004 1420 3048 com·

267 3101 384 3173 putare
400 3090 461 3153 nisi
477 3108 536 3172 per
552 3088 697 3171 integros
713 3089 793 3152 dies.

314 3194 377 3257 His
407 3195 507 3275 igitur
539 3194 754 3257 consideratis
788 3203 923 3274 propter
954 3192 1135 3275 scripturae
1165 3201 1200 3256 et
1229 3201 1419 3256 sanctorum
1433 3204 1515 3254 Luna:

1433 3272 1503 3333 cycle
1515 3271 1544 3318 ol

268 3297 485 3373 intellectum,
507 3296 649 3359 occurrit
672 3296 892 3359 consideratio
923 3295 1066 3372 ulterior,
1088 3306 1127 3358 ut
1156 3296 1299 3359 sciamus
1328 3295 1418 3377 quod
1430 3337 1504 3401 Im

270 3403 415 3469 Hebraei
447 3412 585 3465 utuntur
612 3400 707 3482 cyclo
737 3401 852 3476 lunari,
880 3400 973 3482 cujus
1003 3402 1263 3464 consideratione
1292 3400 1419 3484 indiget

267 3510 428 3590 scriptura
450 3506 658 3587 exponenda
704 3505 793 3567 Nam
823 3504 909 3568 sicut
932 3524 992 3567 nos
1014 3507 1139 3568 utimur
1160 3505 1256 3585 cyclo
1285 3505 1419 3569 decem·

253 3611 449 3695 novennali,
470 3610 516 3673 sic
536 3610 597 3691 ipsi
619 3606 713 3691 cyclo
733 3608 846 3685 lunari,
862 3608 955 3690 cujus
975 3610 1101 3690 primus
1118 3629 1223 3673 annus
1247 3609 1363 3691 incipit
1386 3610 1420 3671 in

267 3728 386 3801 quarto
401 3735 489 3779 anno
503 3723 626 3778 nostro
673 3713 718 3778 Et
733 3713 810 3777 ideo
822 3712 942 3775 salsum
956 3713 1071 3778 dicunt
1082 3714 1138 3797 qui
1155 3733 1220 3776 non
1237 3725 1418 3798 posuerunt

271 3821 444 3885 Hebraeos
466 3819 514 3882 uti
536 3819 654 3901 cyclo;
677 3817 800 3882 habent
822 3818 910 3881 enim
933 3818 1147 3882 embolismos
1169 3820 1202 3881 in
1225 3840 1286 3882 suo
1315 3819 1418 3901 cyclo,

268 3926 350 3989 sicut
383 3946 444 3988 nos
480 3925 512 3987 in
545 3934 680 3998 nostr03
711 3923 814 3986 immo
845 3942 907 3986 nos
932 3923 1109 3986 habuimus
1134 3924 1179 3987 ab
1205 3924 1274 3999 eis3
1307 3934 1341 3987 et
1360 3945 1419 4008 per

268 4029 482 4093 embolismos
525 4037 669 4110 aequant
714 4046 817 4091 annos
861 4026 993 4091 lunares
1032 4028 1195 4092 solaribus
1232 4028 1418 4111 colligendo

268 4134 420 4197 undecim
439 4132 510 4195 dies
527 4142 586 4209 ter,
603 4142 638 4195 ut
659 4131 780 4194 saciant
805 4132 837 4193 in
859 4132 959 4195 tertio
981 4152 1069 4196 anno
1093 4152 1239 4197 mensem
1261 4133 1417 4196 embolis-

269 4236 399 4311 malem,
430 4236 462 4300 id
493 4245 544 4301 est
581 4247 933 4318 superexcrescentem.
979 4237 1026 4301 Et
1061 4257 1122 4300 nos
1155 4237 1244 4302 hunc
1280 4238 1416 4301 modum

267 4342 538 4405 embolismorum
562 4341 724 4403 traximus
747 4340 791 4404 ab
806 4342 861 4403 eis.
910 4341 956 4406 Et
977 4342 1052 4405 ideo
1069 4341 1154 4405 male
1170 4343 1284 4406 dicunt
1299 4340 1415 4405 famosi

268 4516 302 4577 by
311 4514 462 4563 calculation
472 4513 535 4560 srom
543 4528 575 4560 an
588 4512 684 4575 eclipse
696 4513 822 4562 observed
832 4513 867 4575 by
876 4514 920 4562 the
929 4513 1093 4563 Chaldaeans
1105 4529 1153 4575 720
1162 4528 1185 4562 u.
1192 4528 1222 4575 c,
1231 4514 1283 4561 and
1294 4512 1358 4561 from
1368 4528 1418 4562 one

267 4594 392 4642 observed
405 4595 431 4640 in
445 4590 517 4641 Paris
527 4592 552 4639 in
568 4606 637 4651 1771,
651 4592 673 4639 is
685 4588 738 4653 ²9⁶,
750 4590 804 4653 rel,
816 4598 876 4655 44¹⁶,
890 4592 949 4650 2¹·8,
962 4608 979 4640 ι
989 4592 1070 4641 result
1080 4591 1204 4654 agreeing
1213 4590 1305 4639 almost
1316 4592 1420 4652 exactly

267 4674 332 4721 with
344 4672 388 4721 the
400 4671 476 4720 velue
487 4672 564 4733 given
576 4670 612 4731 by
623 4670 668 4719 the
678 4669 780 4731 Jewisb
792 4679 977 4720 astronomers.
