3575 5375
382 621 441 680 160
598 621 754 681 OPERIS
778 622 968 693 MAJORIS
993 624 1107 683 PARS
1132 622 1315 697 QUARTA.

380 795 430 848 est
460 797 609 868 quatuor,
647 807 704 850 seu
742 787 889 868 pyramis
926 797 1069 869 quatuor
1103 788 1232 851 basium
1270 783 1533 868 triangularium.

383 888 536 954 Secunda
558 889 660 955 habet
682 890 870 973 superficies
892 901 970 954 octo
992 891 1217 973 triangulares,
1242 902 1276 954 et
1299 890 1375 954 ideo
1396 897 1536 952 vocatur

381 995 883 1078 octaedrum,namoctopun1m
895 1003 946 1059 est
957 995 1132 1073 Graecum,
1142 1016 1207 1059 non
1220 995 1388 1058 Latinum.
1419 992 1536 1056 Tertia

382 1098 486 1164 habet
508 1099 623 1182 viginti
646 1099 835 1184 superficies
858 1099 1085 1183 triangulam,
1100 1112 1135 1164 et
1156 1111 1296 1166 vocatur
1318 1098 1536 1162 icosaedrum.

383 1203 427 1266 ab
443 1205 541 1268 εἴκοσι
556 1205 645 1286 quod
662 1214 713 1268 est
727 1204 855 1289 viginti.
907 1206 952 1269 Et
966 1226 1032 1270 non
1049 1215 1188 1288 possunt
1200 1223 1273 1268 esse
1288 1204 1396 1286 plures
1412 1200 1536 1283 figurae

384 1308 549 1391 regulares
573 1330 615 1373 ex
646 1310 782 1376 basibus
820 1311 1083 1395 triangularibus.
1138 1309 1228 1372 Nam
1259 1306 1369 1372 nullus
1398 1303 1539 1389 angulus

386 1412 566 1495 corporalis
586 1423 698 1495 potest
718 1415 829 1480 valere
851 1427 995 1499 quatuor
1016 1424 1125 1479 rectos
1139 1410 1371 1496 superficiales
1386 1419 1423 1473 ut
1439 1409 1539 1472 docet

386 1517 449 1580 xxi
472 1518 635 1581 undecimi
659 1519 733 1583 libri
766 1519 1026 1585 Elementorum.
1073 1517 1141 1582 Sed
1164 1537 1226 1581 sex
1248 1515 1361 1598 anguli
1390 1515 1540 1607 triangu-

386 1619 495 1683 lorum
511 1621 804 1704 aequiangulorum
816 1623 929 1688 valent
945 1632 1088 1705 quatuor
1101 1631 1229 1685 rectos:
1252 1639 1329 1684 nam
1345 1627 1413 1682 tres
1426 1617 1541 1680 valent

387 1724 473 1788 duos
496 1735 611 1803 rectos,
627 1736 663 1790 ut
685 1736 779 1809 patet
802 1749 846 1792 ex
869 1728 970 1791 xxxii
994 1725 1220 1809 propositione
1242 1723 1340 1806 primi
1359 1722 1435 1786 libri
1456 1740 1542 1802 quae

387 1827 524 1908 vulgata
547 1839 606 1894 est.
653 1831 699 1894 Et
722 1831 797 1896 ideo
819 1853 879 1895 sex
912 1831 1024 1914 anguli
1047 1829 1288 1912 triangulorum
1311 1847 1378 1892 non
1401 1835 1542 1908 possunt

389 1951 588 2014 componere
602 1932 761 2017 angulum
779 1936 986 2019 corporalem
1001 1957 1009 2014 ;
1031 1945 1064 1998 et
1077 1935 1154 1998 ideo
1169 1953 1231 1998 nec
1244 1932 1349 2014 figura
1363 1927 1544 2014 corporalis

390 2044 502 2117 potest
518 2036 586 2101 fieri
602 2059 645 2102 ex
661 2038 897 2120 superficiebus
911 2039 1178 2120 triangularibus,
1192 2057 1331 2120 quarum
1351 2055 1412 2099 sex
1431 2033 1543 2115 anguli

390 2159 521 2222 semper
536 2153 732 2206 concurrant
748 2144 791 2207 ad
804 2144 962 2226 angulum
979 2163 1081 2207 unum
1097 2141 1279 2225 corporalis
1294 2139 1429 2224 figurae.
1475 2137 1543 2202 Scd

391 2243 475 2307 bene
490 2254 601 2328 potest
620 2245 700 2325 fieri,
720 2247 809 2330 quod
832 2248 979 2329 quinque
999 2243 1114 2331 anguli
1137 2243 1189 2309 vel
1214 2255 1282 2308 tres
1302 2241 1544 2326 triangulorum

390 2349 595 2412 constituant
611 2351 720 2414 minus
734 2371 834 2434 quam
847 2360 990 2434 quatuor
1001 2351 1088 2414 recti.
1135 2349 1181 2413 Et
1197 2349 1225 2412 si
1242 2369 1285 2411 ex
1299 2348 1403 2410 tribus
1415 2345 1546 2429 angulis

393 2452 634 2534 triangulorum
659 2455 881 2519 constituatur
905 2454 1049 2538 angulus
1078 2452 1269 2536 corporalis,
1299 2463 1379 2516 ωηο
1412 2458 1547 2532 oportet

391 2556 481 2635 quod
514 2556 579 2619 sint
609 2569 753 2639 quatuor
782 2556 970 2641 superficies
1001 2557 1218 2640 triangulares
1247 2557 1279 2619 in
1311 2573 1451 2636 corpore
1481 2550 1547 2614 illo.

394 2657 481 2722 Etsi
497 2679 542 2723 ex
558 2660 687 2743 angulis
701 2673 845 2745 quatuor
860 2661 1100 2746 triangulorum
1122 2660 1180 2725 fiat
1201 2659 1342 2742 angulus
1357 2655 1548 2742 corporalis,

395 2772 475 2826 tunc
495 2774 628 2845 oportet
643 2768 733 2846 quod
750 2767 815 2831 sint
835 2773 912 2831 octo
933 2766 1088 2848 trianguli
1109 2767 1142 2829 in
1164 2766 1270 2848 figura
1291 2762 1466 2845 corporali.
1513 2759 1548 2821 Si

394 2885 474 2930 vero
489 2867 637 2948 quinque
645 2868 755 2951 anguli
765 2870 1005 2953 triangulorum
1018 2870 1141 2933 saciant
1157 2867 1317 2951 angulum
1330 2863 1551 2948 corporalem,

394 2978 474 3033 tunc
497 2980 630 3052 oportet
652 2972 742 3053 quod
766 2972 799 3035 in
824 2972 929 3055 figura
952 2972 1115 3057 corporali
1136 2972 1202 3036 sint
1223 2970 1339 3055 viginti
1362 2967 1552 3052 superficies

396 3074 611 3159 triangulares
627 3076 782 3159 undique,
798 3089 834 3142 ut
851 3088 944 3161 patet
968 3080 1010 3142 ad
1031 3096 1166 3142 sensum
1191 3077 1224 3141 in
1242 3076 1355 3158 figuris
1372 3072 1551 3157 corporali·

395 3178 467 3241 bus.
514 3180 570 3243 Ex
586 3180 718 3243 duobus
729 3191 839 3245 autem
851 3181 982 3263 angulis
993 3179 1256 3264 superficialibus
1272 3199 1337 3242 non
1353 3186 1467 3261 potest
1483 3174 1553 3261 fieri

395 3280 535 3363 angulus
554 3284 744 3365 corporalis,
760 3286 840 3367 quia
860 3286 970 3350 omnis
991 3284 1132 3369 angulus
1151 3284 1229 3348 talis
1244 3295 1296 3349 est
1315 3283 1357 3345 ad
1380 3282 1492 3345 minus
1507 3300 1552 3343 ex

395 3388 502 3452 tribus
518 3387 787 3471 superficialibus,
803 3400 838 3452 ut
854 3389 934 3454 dicit
951 3389 1108 3453 Euclides
1127 3390 1159 3451 in
1176 3388 1340 3472 principio
1353 3387 1409 3461 xi;
1431 3394 1466 3448 et
1481 3385 1555 3468 qui·

397 3474 478 3555 libet
493 3502 665 3576 geometer
685 3493 746 3557 scit
767 3492 840 3557 hoc.
888 3492 979 3575 Ergo
1000 3503 1131 3557 tantum
1150 3494 1214 3556 tria
1233 3510 1373 3574 corpora
1390 3488 1556 3572 regularia

397 3606 493 3657 erunt
509 3617 553 3658 ex
574 3596 757 3680 triangulis.
804 3596 861 3659 Ex
880 3597 1052 3678 quadratis
1073 3617 1152 3659 vero
1173 3615 1240 3659 ηοη
1262 3603 1376 3679 potest
1399 3614 1475 3657 esse
1493 3591 1556 3655 nisi

398 3716 519 3774 unum;
543 3718 621 3761 nam
637 3699 777 3781 angulus
797 3700 951 3783 quadrati
974 3712 1081 3763 rectus
1104 3710 1165 3777 est,
1181 3708 1216 3763 et
1241 3700 1318 3762 ideo
1339 3708 1406 3761 tres
1422 3707 1557 3761 tantum

399 3799 483 3861 tales
501 3803 693 3883 congregati
715 3813 854 3884 possunt
879 3802 986 3867 lacere
1010 3801 1169 3884 angulum
1190 3802 1409 3885 corporalem,
1424 3802 1506 3883 quia
1532 3801 1558 3862 si

400 3914 538 3983 quartus
553 3906 696 3968 addatur
707 3906 776 3988 jam
800 3928 865 3970 non
886 3916 998 3989 potest
1018 3927 1090 3971 essc
1111 3908 1254 3989 angulus
1269 3906 1464 3988 corporalis,
1479 3906 1561 3987 quia

401 4007 509 4069 omnis
524 4006 665 4088 angulus
683 4010 807 4073 solidus
828 4020 878 4073 est
898 4012 1005 4073 minor
1028 4021 1170 4094 quatuor
1191 4011 1298 4073 rectis.
1346 4009 1415 4074 Sed
1439 4010 1468 4073 si
1492 4020 1561 4073 tres

401 4109 512 4191 anguli
529 4111 766 4191 quadratorum
790 4126 983 4178 concurrant
1005 4115 1048 4177 ad
1067 4115 1227 4197 angulum
1250 4113 1405 4190 solidum,
1421 4124 1503 4177 tunc
1529 4114 1562 4174 in

400 4232 538 4295 corpore
560 4215 740 4277 constituto
763 4226 860 4279 erunt
883 4237 944 4279 sex
967 4216 1155 4299 superficies
1178 4218 1373 4299 quadratae,
1390 4226 1429 4280 ut
1452 4228 1505 4279 est
1529 4217 1563 4277 in

401 4317 544 4395 taxillo;
567 4328 600 4380 et
622 4329 761 4382 vocatur
782 4319 864 4383 haec
896 4318 1001 4402 figura
1024 4323 1128 4385 cubus
1157 4333 1192 4385 et
1222 4323 1434 4386 hexaedrum
1458 4320 1505 4385 ab
1528 4318 1567 4395 ἕξ

402 4417 538 4496 Graece,
569 4421 659 4501 quod
692 4431 741 4483 est
775 4442 835 4484 sex
867 4422 994 4486 Latine.
1041 4422 1077 4487 Si
1105 4444 1185 4488 vero
1211 4425 1418 4509 accipiantur
1445 4424 1564 4505 anguli

403 4532 666 4603 pentagonorum
683 4524 891 4604 regularium,
907 4537 986 4590 tunc
1003 4538 1069 4590 tres
1083 4528 1209 4593 faciunt
1225 4527 1388 4611 angulum
1404 4528 1567 4599 solidum,

404 4633 437 4685 et
462 4644 528 4685 ηοη
554 4624 673 4705 plures,
696 4626 774 4707 quia
796 4628 823 4689 si
847 4639 991 4710 quatuor
1013 4630 1249 4713 acciperentur,
1267 4630 1339 4715 J'am
1368 4642 1459 4697 esset
1487 4630 1568 4717 plus
