3575 5375
339 527 400 605 360
562 530 717 590 OPERIS
741 530 929 602 MAJORIS
953 523 1073 589 PARS
1093 529 1278 603 QUARTA.

170 703 225 752 Reli
245 701 333 772 'orsos
386 693 485 757 Ritus
503 715 582 758 vero
605 695 743 760 istarum
765 695 915 779 gentium
937 705 1015 760 sunt
1038 694 1169 759 diversi.
1216 695 1305 759 Nam
1329 689 1497 769 Prusceni,
1559 773 1563 778 .

343 795 510 873 Curlandi,
536 799 674 875 Livonii,
703 800 844 875 Estonii,
868 798 1051 883 Semigalli,
1074 798 1233 864 Leucovii
1263 808 1340 862 sunt
1363 797 1496 881 pagani.

171 769 236 846 N⁰f¹
254 784 296 818 ern

170 843 277 884 nntrons.

173 1337 305 1388 Sclavonic

173 1404 317 1469 langnnges.

341 901 443 966 Alani
458 922 536 968 vero
552 923 619 967 non
636 914 722 984 sunt,
738 905 817 986 quia
837 902 968 967 Tartari
992 913 1115 967 terram
1135 902 1227 966 illam
1243 903 1445 979 invaserunt,
1460 910 1497 964 et

341 1005 539 1089 fugaverunt
555 1006 726 1072 Cumanos
741 1029 846 1091 usque
866 1010 910 1072 ad
934 1007 1165 1090 Hungariam3
1187 1017 1223 1072 et
1248 1006 1394 1071 Cumani
1417 1015 1497 1070 sunt

342 1111 473 1193 pagani,
494 1122 527 1175 et
551 1111 651 1176 Alani
671 1113 803 1177 suerunt
825 1112 983 1189 similiter,
1005 1112 1064 1176 sed
1087 1111 1190 1175 deleti
1213 1121 1300 1176 sunt.
1348 1109 1496 1174 Rusceni

342 1225 420 1279 sunt
436 1214 613 1280 Christiani
625 1227 659 1280 et
674 1226 752 1282 sunt
767 1216 977 1292 schismatici,
993 1215 1157 1280 habentes
1166 1216 1266 1280 ritum
1283 1214 1496 1291 Graecorum,

341 1319 401 1383 sed
418 1340 484 1384 non
500 1331 637 1386 utuntur
652 1321 763 1403 lingua
780 1319 917 1396 Graeca,
932 1320 1035 1384 immo
1058 1320 1169 1402 lingua
1188 1319 1393 1398 Sclavonica,
1407 1339 1496 1401 quae

343 1433 393 1487 est
423 1444 488 1488 una
518 1426 561 1488 de
592 1425 711 1508 linguis
742 1445 828 1507 quae
858 1423 968 1508 plures
1004 1434 1145 1510 occupat
1180 1425 1345 1508 regiones.
1405 1424 1496 1486 Nam

345 1527 511 1607 Rusciam,
535 1528 719 1607 Poloniam‚
741 1539 775 1594 et
799 1528 1004 1603 Bohemiam,
1032 1537 1066 1592 et
1097 1528 1219 1593 multas
1241 1528 1322 1594 alias
1344 1528 1498 1592 nationes

344 1641 444 1696 tenet.
489 1631 618 1696 Tartari
636 1654 715 1697 vero
736 1653 756 1696 a
780 1633 937 1697 Danubio
958 1632 1147 1697 inhabitant
1165 1643 1287 1696 terram
1308 1631 1497 1695 Alanorum

343 1756 402 1799 seu
434 1734 669 1818 Cumanorum,
694 1747 727 1800 et
757 1737 893 1802 ulterius
924 1757 1029 1818 usque
1058 1736 1126 1802 fere
1157 1737 1200 1800 ad
1228 1747 1339 1820 partes
1361 1735 1497 1799 ultimas

345 1839 479 1904 orientis
493 1862 500 1918 ;
523 1849 557 1904 et
566 1840 647 1905 alias
657 1841 808 1922 nationes
822 1841 871 1904 eis
885 1841 1010 1906 vicinas
1019 1842 1063 1905 ad
1075 1840 1262 1923 aquilonem
1275 1851 1311 1905 et
1325 1840 1498 1904 meridiem

344 1943 605 2027 subjugaverunt
621 1965 681 2027 pro
702 1945 852 2010 maxima
872 1954 975 2029 parte.
1020 1945 1110 2009 Nam
1131 1943 1263 2028 aliquae
1282 1952 1400 2028 gentes
1417 1951 1496 2007 sunt

346 2049 379 2111 in
404 2049 570 2113 montanis
592 2061 627 2114 et
649 2050 730 2115 locis
752 2049 935 2127 tutissimis,
957 2061 1041 2132 quas
1062 2069 1130 2112 non
1151 2058 1290 2132 possunt
1319 2047 1497 2121 debellare,

345 2152 421 2217 licet
437 2154 502 2218 sint
517 2153 565 2217 eis
580 2154 686 2232 vicini,
702 2154 778 2238 quia
793 2163 873 2218 sunt
888 2152 1171 2236 inexpugnabiles.

389 2256 513 2321 Tanais
543 2259 678 2340 quidem
716 2257 834 2321 fluvius
872 2257 1041 2321 descendit
1078 2277 1099 2320 a
1135 2257 1304 2321 montibus
1335 2255 1497 2338 Riphaeis

345 2361 522 2434 altissimis,
546 2363 603 2444 qui
625 2372 703 2426 sunt
725 2363 757 2426 in
779 2382 858 2425 vero
880 2361 1045 2445 aquilone,
1067 2381 1128 2424 nec
1158 2369 1210 2424 est
1239 2361 1325 2424 ultra
1354 2359 1430 2424 illos
1451 2359 1497 2422 ad

347 2465 536 2549 aquilonem
571 2465 744 2532 habitatio.
779 2466 838 2531 =Et
873 2468 907 2530 in
937 2465 1079 2530 termino
1109 2465 1260 2529 orientali
1291 2465 1434 2528 Rusciae
1463 2472 1500 2528 et

348 2567 500 2650 Alaniae,
516 2570 572 2633 ubi
589 2580 788 2634 mercatores
803 2581 837 2635 et
861 2570 917 2634 alii
942 2570 1000 2652 qui
1018 2579 1179 2633 venerunt
1199 2569 1242 2633 de
1263 2568 1435 2651 Hungaria
1464 2577 1500 2631 et

348 2671 511 2751 Cassaria,
542 2682 576 2738 et
607 2673 754 2751 Polonia,
784 2685 819 2740 et
850 2675 980 2753 Russia,
1009 2684 1061 2739 est
1090 2674 1261 2757 quoddam
1291 2672 1408 2752 casale,
1437 2671 1498 2736 ubi

349 2778 481 2860 navigio
504 2779 722 2860 pertransitur
743 2778 867 2843 flumen
894 2778 1027 2844 Tanais.
1073 2779 1119 2841 Et
1148 2789 1199 2842 est
1229 2778 1351 2843 Tanais
1380 2778 1426 2841 ibi
1448 2776 1493 2841 ad

178 2892 233 2939 The
243 2891 333 2955 Volga.
347 2880 555 2945 latitudinem
592 2882 739 2947 Secanae
771 2882 921 2947 Parisius.
979 2882 1025 2945 Et
1054 2882 1141 2947 ultra
1178 2881 1301 2946 flumen
1331 2882 1411 2945 illud
1442 2892 1500 2945 est

182 3923 272 3970 Tartar

182 3986 325 4065 principali·

181 4064 235 4103 tres

348 2983 493 3049 Albania
523 2987 672 3069 superior
701 3006 804 3069 usque
841 2987 884 3050 ad
915 2984 1005 3051 aliud
1043 2986 1167 3050 flumen
1206 3006 1372 3070 magnum,
1405 2986 1497 3068 quod

348 3100 486 3154 vocatur
509 3088 644 3168 Ethilia,
659 3110 746 3173 quae
770 3088 874 3173 major
893 3101 945 3155 est
968 3091 1002 3153 in
1023 3090 1210 3174 quadruplo
1231 3110 1332 3172 quam
1358 3089 1499 3167 Secana,

350 3204 383 3259 et
406 3206 456 3259 est
478 3195 522 3258 de
543 3194 722 3276 majoribus
745 3194 934 3259 fluminibus
957 3194 1083 3270 mundi,
1106 3202 1140 3257 et
1163 3195 1278 3258 crescit
1309 3196 1342 3258 in
1373 3204 1501 3258 aestate

349 3298 434 3362 sicut
450 3298 546 3363 Nilus
557 3298 578 3363 ¹.
626 3300 671 3363 Et
687 3320 708 3364 a
727 3308 822 3383 parte
843 3298 1008 3381 aquilonis
1022 3298 1125 3361 distat
1140 3296 1203 3363 hoc
1219 3298 1341 3362 flumen
1357 3320 1377 3362 a
1393 3298 1500 3362 Tanai

350 3404 544 3484 perdecem
568 3404 684 3485 dietas,
707 3404 765 3467 sed
789 3422 902 3468 versus
929 3402 1096 3466 meridiem
1123 3402 1266 3467 multum
1295 3412 1502 3486 separantur.

351 3505 439 3569 Nam
471 3505 593 3571 Tanais
616 3509 707 3571 cadit
730 3508 763 3570 in
788 3527 879 3572 mare
911 3507 1096 3585 Ponticum,
1124 3515 1159 3569 et
1190 3506 1316 3571 Ethilia
1347 3508 1379 3569 in
1410 3526 1502 3570 mare

351 3608 519 3693 Caspium,
535 3622 569 3676 et
585 3611 662 3677 facit
679 3611 759 3675 illud
777 3631 868 3675 mare
883 3631 959 3675 cum
977 3610 1049 3675 aliis
1064 3609 1256 3674 fluminibus
1276 3611 1398 3686 multis,
1415 3629 1502 3693 quae

349 3715 487 3777 veniunt
496 3717 538 3779 de
548 3716 689 3791 Perside,
701 3725 735 3779 et
744 3714 815 3777 aliis
826 3714 915 3779 locis.
946 3714 1217 3778 NamaPontico
1228 3714 1308 3778 mari
1321 3714 1502 3778 secundum

352 3816 504 3894 Plinium,
519 3828 596 3881 sunt
611 3818 755 3881 ccclxxx
772 3815 923 3880 milliaria
938 3818 1100 3900 usquead
1116 3836 1207 3880 mare
1223 3815 1392 3901 Caspium.

396 3920 442 3984 Et
458 3920 491 3982 in
507 3921 570 3983 hac
586 3932 673 3983 terra
691 3921 887 3985 habitabant
908 3920 1060 3999 Cumani,
1075 3922 1134 3985 sed
1158 3920 1289 3985 Tartari
1310 3920 1502 3986 deleverunt

351 4045 476 4103 omnes,
506 4026 592 4089 sicut
621 4046 665 4089 ex
702 4026 807 4089 altera
837 4036 933 4108 parte
969 4025 1094 4089 Tanais
1132 4024 1281 4090 fecerunt
1318 4046 1422 4110 usque
1458 4026 1502 4090 ad

352 4128 553 4206 Danubium,
569 4138 605 4193 ut
621 4128 748 4193 dictum
770 4139 830 4195 est.
878 4129 924 4192 Et
940 4130 1071 4193 Tartari
1094 4129 1219 4195 habent
1238 4150 1360 4213 pecora
1375 4129 1504 4195 infinita

386 4324 394 4353 ²
411 4324 468 4373 The
479 4324 571 4373 Tartar
588 4340 662 4373 name
680 4324 720 4373 sor
731 4323 815 4387 Volgn
826 4324 848 4373 is
860 4324 947 4384 Ethel,
959 4313 1045 4374 w'hieh
1056 4340 1145 4374 means
1155 4325 1290 4374 bountilul.
1325 4324 1355 4374 ln
1374 4324 1437 4387 May
1452 4326 1505 4375 and

350 4407 421 4467 June
433 4408 485 4456 this
497 4408 564 4456 river
577 4407 598 4455 is
609 4406 719 4456 swollen
732 4407 768 4470 by
778 4406 885 4470 melting
896 4422 981 4467 snow,
994 4408 1046 4456 and
1062 4408 1228 4457 inundations
1239 4407 1328 4458 result.
1362 4407 1404 4469 By
1417 4407 1506 4459 Marco

353 4490 416 4538 Polo
430 4490 475 4537 the
486 4489 570 4551 Volga
581 4490 604 4537 is
616 4496 663 4539 not
674 4489 775 4552 spoken
788 4489 819 4538 of
830 4489 866 4552 by
877 4489 928 4538 this
942 4504 1026 4551 name,
1038 4490 1084 4539 but
1095 4490 1179 4539 under
1193 4490 1250 4539 that
1261 4490 1292 4539 os
1298 4488 1386 4552 Tigeri
1398 4490 1440 4554 (el.
1451 4490 1466 4539 i.
1479 4506 1504 4553 9,

352 4572 393 4621 ed
406 4570 495 4634 Yule).
529 4570 582 4621 See
593 4586 617 4633 p.
631 4586 688 4633 322.
