3575 5375
424 639 775 699 MATHEMATICAE
799 640 851 700 IN
872 640 1043 700 DIVINIS
1069 640 1277 700 UTILITAS.
1365 655 1425 719 237

273 803 358 868 saria
388 813 465 868 sunt
495 804 683 888 theologiae
713 805 746 869 in
783 803 905 869 multis.
957 805 1046 870 Nam
1080 805 1156 869 licet
1191 825 1259 869 non
1293 813 1425 888 oportet

273 921 411 992 propter
438 911 610 975 scientiam
642 912 822 994 scripturae
848 912 940 993 quod
969 911 1091 975 habeat
1121 908 1296 994 theologus
1328 930 1423 974 usum

273 1024 391 1078 cantus
426 1025 461 1079 et
494 1015 789 1080 instrumentorum
826 1026 860 1079 et
889 1015 1029 1080 aliarum
1064 1034 1172 1078 rerum
1207 1012 1425 1090 musicalium,

272 1128 387 1183 tamen
408 1117 508 1185 debet
529 1121 613 1184 scire
634 1121 796 1184 rationem
812 1120 962 1184 omnium
981 1121 1130 1195 istorum,
1144 1130 1180 1183 ut
1196 1120 1276 1184 sciat
1293 1127 1426 1182 naturas

274 1233 307 1287 et
341 1224 562 1307 proprietates
595 1225 711 1288 harum
742 1243 850 1287 rerum
880 1233 915 1288 et
944 1242 1094 1308 operum,
1123 1225 1304 1287 secundum
1334 1224 1424 1305 quod

274 1329 400 1391 musica
418 1329 622 1410 speculativa
637 1339 670 1392 et
691 1329 837 1411 practica
852 1330 983 1392 docent.
1030 1327 1202 1410 Scriptura
1217 1328 1304 1391 enim
1328 1327 1425 1408 plena

274 1442 325 1495 est
354 1432 526 1496 vocabulis
559 1433 779 1506 musicalibus,
807 1432 892 1496 sicut
919 1429 1067 1510 jubilare,
1094 1432 1254 1510 exultare,
1283 1443 1424 1508 cantare,

273 1534 422 1619 psallere,
453 1537 599 1618 cythara,
633 1535 798 1618 cymbala,
833 1546 867 1600 et
904 1534 1095 1618 hujusmodi
1131 1536 1251 1601 diversi
1285 1536 1423 1620 generis.

275 1639 447 1706 Praeterea
461 1643 608 1706 continet
625 1641 657 1704 in
672 1661 709 1705 se
724 1639 829 1704 multa
845 1660 965 1722 genera
983 1640 1186 1706 canticomm
1203 1650 1272 1705 tam
1289 1642 1322 1703 in
1337 1660 1425 1704 novo

273 1764 374 1826 quam
403 1745 437 1808 in
463 1745 565 1809 veteri
592 1754 801 1808 testamento.
849 1744 936 1808 item
963 1745 1069 1808 multa
1095 1766 1217 1827 genera
1244 1755 1424 1810 metrorum

273 1849 483 1913 continentur
509 1850 542 1912 in
569 1858 665 1912 textu
690 1869 784 1913 sacro
815 1847 991 1925 Hebraico,
1013 1869 1100 1931 quae
1122 1850 1226 1912 sancti
1249 1858 1367 1912 notant
1390 1848 1424 1910 in

272 1953 538 2035 expositionibus
578 1953 645 2016 suis
684 1950 915 2036 multipliciter.
962 1950 1029 2017 Sed
1068 1954 1213 2018 musicae
1253 1962 1304 2016 est
1345 1954 1424 2016 dare

272 2075 388 2122 causas
418 2068 453 2122 et
485 2059 629 2120 rationes
658 2058 788 2132 horum,
818 2055 897 2119 licet
925 2056 1162 2140 grammaticus
1191 2057 1320 2130 doceat,
1345 2056 1424 2139 quia

272 2171 322 2225 est
345 2163 388 2226 de
413 2162 474 2225 his.
522 2161 695 2224 Praeterea
720 2168 793 2224 tota
814 2161 1042 2244 pronuntiatio
1067 2160 1249 2243 scripturae
1274 2161 1424 2224 consistit

272 2285 374 2348 penes
403 2275 567 2340 accentus,
599 2264 832 2347 longitudines,
862 2272 897 2327 et
928 2264 1115 2340 brevitates,
1148 2273 1182 2328 et
1211 2283 1313 2345 penes
1339 2263 1423 2340 cola,

272 2377 450 2448 commata,
473 2368 647 2451 periodos;
678 2377 712 2432 et
738 2369 820 2432 haec
846 2369 958 2432 omnia
985 2368 1152 2450 pertinent
1177 2368 1353 2432 causaliter
1378 2369 1422 2432 ad

273 2474 442 2550 musicam,
464 2475 543 2557 quia
568 2473 687 2538 horum
714 2473 863 2538 omnium
890 2471 1034 2538 musicus
1060 2472 1141 2537 dicit
1170 2481 1306 2556 propter
1331 2473 1423 2556 quid,

272 2578 509 2658 grammaticus
529 2599 607 2642 vero
623 2578 701 2660 quia
716 2588 767 2641 est
788 2586 928 2641 tantum.
974 2576 1029 2642 Sic
1048 2577 1136 2640 enim
1153 2587 1303 2641 auctores
1315 2576 1423 2660 philo·

271 2681 408 2763 sophiae
433 2684 666 2761 determinant,
693 2692 727 2747 et
752 2681 963 2767 Augustinus
992 2682 1025 2746 in
1056 2681 1268 2746 musicalibus
1298 2682 1342 2745 de
1370 2681 1423 2747 his

271 2788 482 2854 determinat.
528 2790 617 2853 Nam
649 2789 774 2853 musica
802 2788 868 2852 alia
899 2788 1037 2853 vertitur
1065 2788 1152 2852 circa
1177 2787 1331 2862 audibile,
1358 2786 1423 2851 alia

271 2892 357 2955 circa
378 2892 513 2965 visibile,
537 2902 575 2956 ut
596 2904 746 2958 auctores
773 2893 1016 2969 determinant;
1044 2913 1130 2975 quae
1155 2912 1235 2955 vero
1260 2902 1311 2956 est
1337 2891 1423 2955 circa

271 2997 431 3073 audibilia
451 2997 554 3063 habet
572 3006 683 3081 partes
702 2998 805 3073 duas;
828 3018 894 3062 una
914 3007 965 3061 est
985 2998 1072 3061 circa
1092 3018 1209 3062 vocem
1232 2996 1421 3070 humanam,

270 3099 336 3165 alia
353 3103 439 3167 circa
455 3104 683 3168 instrumenta.
728 3101 824 3185 Quae
839 3122 919 3166 vero
933 3112 985 3165 est
1001 3102 1089 3166 circa
1103 3122 1220 3165 vocem
1240 3101 1421 3164 humanam

270 3213 321 3269 est
350 3204 567 3288 quadruplex.
613 3206 702 3271 Nam
735 3206 800 3269 alia
829 3214 880 3269 est
910 3206 1036 3281 melica,
1066 3216 1103 3269 ut
1137 3206 1169 3267 in
1203 3215 1324 3281 cantu3
1357 3203 1421 3267 alia

272 3310 417 3387 metrica,
444 3332 529 3394 quae
558 3310 745 3376 considerat
773 3318 925 3375 naturam
956 3318 991 3373 et
1020 3310 1240 3392 proprietates
1269 3308 1421 3373 omnium

270 3414 452 3478 carminum
473 3424 507 3477 et
528 3424 707 3479 metrorum
723 3424 758 3478 et
778 3414 921 3497 pedum;
944 3414 1042 3477 tertia
1057 3423 1108 3476 est
1123 3412 1320 3494 rhythmica,
1333 3432 1421 3494 quae

270 3537 403 3581 omnem
436 3519 630 3583 varietatem
664 3518 915 3602 proportionum
946 3518 980 3581 in
1015 3516 1179 3599 rhythmis
1211 3518 1420 3593 considerat3

270 3632 389 3704 quarta
401 3630 453 3686 est
467 3622 627 3704 prosaica,
643 3641 729 3704 quae
743 3631 900 3686 accentus
915 3630 949 3685 et
967 3619 1033 3685 alia
1050 3622 1219 3705 praedicta
1233 3622 1421 3685 considerat

269 3726 303 3789 in
318 3746 470 3791 sermone
484 3727 641 3810 prosaico.
677 3725 765 3789 Nam
781 3736 937 3790 accentus
954 3736 1006 3790 est
1021 3725 1156 3808 quidam
1172 3736 1308 3803 cantus3
1333 3726 1422 3790 unde

269 3830 389 3895 dicitur
408 3841 564 3896 accentus
579 3831 623 3895 ab
637 3832 755 3910 occino,
769 3832 897 3908 accinis,
912 3832 990 3915 quia
1004 3850 1121 3894 omnes
1135 3830 1286 3912 syllabae
1299 3830 1422 3895 habeat

269 3954 365 3999 suum
396 3955 515 3999 sonum
545 3936 715 4018 proprium
747 3933 912 3999 elevatum
940 3946 995 3999 aut
1025 3936 1218 4017 depressum
1245 3945 1305 3999 aut
1329 3954 1420 3999 com·
1476 4001 1479 4005 ,

269 4038 425 4121 positum,
447 4049 481 4103 et
507 4059 624 4103 omnes
648 4037 797 4121 syllabae
824 4040 920 4104 unius
942 4040 1097 4103 dictionis
1123 4040 1325 4123 adaptantur
1348 4039 1420 4102 sive

268 4151 485 4207 accantantur
500 4143 553 4206 uni
569 4143 719 4225 syllabae
733 4163 832 4225 supra
847 4163 948 4225 quam
964 4145 1086 4208 residet
1103 4164 1203 4207 sonus
1220 4141 1419 4227 principalis.

270 4246 317 4311 Et
338 4248 386 4311 sic
409 4246 583 4331 longitudo
605 4256 638 4311 et
661 4248 805 4311 brevitas
828 4258 862 4311 et
884 4259 1014 4313 caetera
1036 4248 1147 4312 omnia
1169 4248 1308 4330 quaein
1330 4258 1419 4311 recta

268 4352 538 4434 pronuntiatione
557 4352 767 4433 requiruntur
783 4352 826 4415 ad
848 4352 1008 4415 musicam
1030 4352 1240 4427 reducuntur,
1258 4359 1292 4414 et
1310 4352 1353 4414 de
1372 4352 1419 4413 eis

268 4453 490 4520 determinant
512 4465 664 4521 auctores
688 4456 842 4533 musicae,
865 4456 950 4520 sicut
971 4463 1064 4537 patet
1085 4455 1176 4536 apud
1201 4453 1417 4519 Censorinum

267 4558 311 4622 de
328 4561 518 4627 accentibus
539 4570 574 4624 et
594 4560 683 4644 apud
706 4560 907 4624 Martianum
928 4570 962 4623 et
979 4559 1068 4643 apud
1092 4557 1224 4621 multos.
1270 4558 1317 4621 Et
1337 4558 1418 4621 haec

267 4674 385 4747 patent
414 4684 473 4749 per
505 4664 670 4729 Isidorum
701 4674 736 4729 et
766 4663 1001 4729 Cassiodorum
1032 4663 1067 4727 in
1102 4662 1325 4727 musicalibus.
1372 4662 1418 4726 Et
