3575 5375
685 616 975 676 oaocnranm.
1342 631 1404 696 305

250 799 382 845 rumore
409 780 514 861 magis
543 801 645 864 quam
675 802 734 866 per
762 781 1002 864 experientiam
1032 779 1218 846 habuerunt
1246 791 1402 846 auctores

251 885 340 948 Nam
356 894 390 950 et
407 884 532 950 Plinius
547 886 656 950 minus
671 888 757 951 bene
772 888 859 951 dixit
875 906 966 951 mare
982 885 1139 970 Caspium
1160 887 1238 952 oriri
1257 909 1301 951 ex
1320 887 1402 951 mari

252 987 399 1066 Ocean0,
414 999 449 1055 et
471 990 681 1056 Ptolemaeus
701 992 733 1055 in
749 991 939 1074 Almagesti
958 992 1001 1055 de
1022 989 1121 1074 plano
1142 991 1264 1058 erravit
1278 993 1322 1057 de
1338 993 1402 1056 situ

252 1094 442 1159 Britanniae
458 1097 591 1178 majoris
606 1107 640 1160 et
657 1096 799 1176 minoris,
813 1097 900 1160 sicut
916 1094 1126 1160 manifestum
1144 1105 1195 1160 est
1210 1095 1354 1174 cuilibet,
1369 1105 1404 1161 et

251 1198 298 1262 sic
319 1199 373 1263 isti
397 1201 438 1264 de
460 1201 533 1264 aliis
554 1200 677 1280 multis,
698 1211 732 1266 et
753 1201 871 1265 caeteri
889 1209 1039 1264 auctores
1059 1199 1219 1265 similiter.
1265 1201 1405 1284 Propter

252 1305 342 1384 quod
358 1324 522 1368 recurram
538 1306 580 1369 ad
603 1325 660 1370 eos
675 1305 731 1389 qui
748 1305 821 1369 loca
836 1304 934 1389 hujus
954 1303 1068 1368 mundi
1088 1325 1148 1388 pro
1170 1325 1291 1388 magna
1311 1313 1405 1387 parte

253 1410 419 1490 peragrati
456 1419 542 1473 sunt.
604 1409 650 1474 Et
686 1411 833 1474 maxime
866 1409 900 1472 in
933 1409 1124 1490 regionibus
1157 1409 1404 1492 aquilonaribus

252 1533 371 1595 sequar
400 1512 534 1578 fratrem
565 1515 782 1598 praedictum,
811 1533 913 1596 quem
944 1512 1110 1577 Dominus
1140 1513 1216 1576 Rex
1247 1514 1406 1579 Franciae

253 1615 442 1682 Lodovicus
464 1618 553 1683 misit
575 1619 618 1682 ad
642 1619 799 1682 Tartaros
821 1638 908 1682 anno
932 1617 1068 1681 Domini
1095 1631 1187 1702 1253,
1201 1619 1259 1702 qui
1282 1619 1407 1702 perlus-

169 1745 173 1754 ·
253 1723 353 1786 travit
377 1723 525 1805 regiones
545 1724 682 1788 orientis
703 1731 736 1788 et
757 1723 923 1807 aquilonis
943 1731 978 1785 et
998 1723 1071 1785 loca
1095 1723 1128 1786 iu
1152 1722 1264 1786 medio
1290 1723 1405 1786 mundi

253 1825 305 1888 his
333 1845 475 1900 annexa,
499 1836 533 1891 et
563 1827 695 1909 scripsit
724 1825 808 1892 haec
837 1827 1007 1910 praedicta
1037 1826 1153 1890 illustri
1184 1827 1274 1911 regi3
1304 1847 1405 1910 quem

253 1928 373 1994 librum
390 1930 566 2015 diligenter
580 1931 657 2008 vidi,
672 1939 706 1995 et
721 1951 796 1995 cum
813 1931 884 2014 ejus
900 1940 1035 1994 auctore
1054 1930 1189 2007 contuli,
1205 1939 1238 1994 et
1256 1931 1407 1994 similiter

253 2054 329 2097 cum
354 2036 468 2100 multis
489 2035 569 2114 aliis,
592 2037 648 2120 qui
673 2035 745 2098 loca
767 2035 904 2099 orientis
926 2044 961 2099 et
983 2035 1164 2098 meridiana
1186 2035 1296 2100 rimati
1318 2045 1405 2098 sunt.

255 2137 347 2203 Sicut
362 2149 492 2203 tantam
506 2141 650 2221 priorem
667 2137 922 2222 descriptionem
939 2139 1009 2213 leci,
1023 2139 1127 2221 magis
1142 2148 1278 2223 propter
1292 2159 1405 2203 exem·

255 2243 328 2324 plar
357 2253 392 2306 et
424 2244 662 2308 excitationem
698 2241 833 2306 Gloriae
862 2242 1011 2321 Vestrae,
1040 2251 1078 2307 ut
1110 2242 1316 2324 compleatur
1347 2261 1407 2307 suo

254 2356 405 2428 tempore
431 2368 488 2430 per
511 2347 677 2429 sapientes
699 2346 797 2429 hujus
820 2347 944 2423 mundi,
965 2366 1067 2429 quam
1090 2357 1226 2431 propter
1248 2345 1407 2410 certifica·

255 2452 390 2529 tionem,
420 2452 467 2514 sic
496 2461 530 2515 et
562 2451 647 2516 hanc
680 2451 873 2516 divisionem
908 2461 989 2515 noto
1017 2459 1055 2515 ut
1083 2451 1206 2514 Vestra
1236 2450 1410 2533 Sapientia

256 2566 468 2638 recognoscat
491 2555 582 2638 quod
606 2555 713 2638 major
735 2555 829 2619 labor
848 2555 903 2618 hic
925 2555 1109 2637 requiritur,
1130 2575 1231 2637 quam
1255 2576 1408 2638 praesens

256 2659 425 2743 persuasio
451 2660 571 2725 debeat
593 2660 772 2725 continere.
826 2657 996 2743 Scriptura
1012 2650 1109 2724 'enim
1132 2657 1277 2742 perlecta
1306 2679 1406 2744 quam

257 2764 422 2847 requiritis
437 2764 538 2829 habet
553 2776 728 2848 utramque
742 2764 998 2848 descriptionem
1014 2762 1182 2846 perficere.

302 2868 526 2951 Expediendo
548 2869 685 2951 quidem
716 2868 916 2933 naturalium
940 2878 975 2933 et
999 2870 1337 2951 experimentatorum
1361 2870 1411 2932 in-

257 3192 393 3259 carunt3
430 3203 507 3247 nam
549 3202 655 3264 pauca
687 3192 763 3245 sunt
793 3182 896 3259 haec;
932 3182 991 3245 sed
1027 3179 1126 3245 latius
1163 3183 1412 3264 progredientes

256 3285 454 3350 auctoritate
480 3294 513 3349 et
540 3286 745 3369 experientia
775 3284 948 3367 multiplici
978 3284 1124 3348 roborati
1153 3284 1294 3349 dicimus
1318 3286 1410 3367 quod

256 3409 323 3452 non
346 3388 454 3453 solum
476 3398 604 3470 septem
627 3388 762 3453 climata
791 3388 991 3462 habitantur,
1014 3388 1072 3451 sed
1096 3398 1214 3471 quarta
1237 3399 1353 3460 terrae,
1377 3400 1411 3453 et

258 3492 333 3575 plus
356 3491 456 3575 longe
477 3512 578 3574 quam
601 3500 728 3573 quarta,
750 3490 924 3555 hominum
947 3491 1094 3554 continet
1116 3491 1276 3555 nationes.
1322 3492 1411 3556 Nam

258 3596 442 3659 invenimus
461 3596 550 3678 apud
568 3596 709 3659 Plinium
729 3604 763 3658 et
783 3594 875 3672 alios,
889 3594 980 3676 quod
1003 3596 1168 3677 quaedam
1189 3595 1264 3660 loca
1286 3598 1412 3661 suntin

260 3708 373 3764 nostro
395 3699 577 3776 habitabili,
599 3720 685 3783 quae
707 3699 796 3764 ascia
819 3700 981 3773 dicuntur,
1002 3699 1036 3762 id
1060 3700 1204 3764 estsine
1226 3702 1354 3779 umbra,
1369 3700 1413 3765 ab

260 3826 282 3869 a
296 3806 387 3888 quod
402 3806 548 3883 estsine,
564 3814 598 3869 et
612 3804 680 3868 scia
694 3805 784 3887 quod
801 3813 851 3868 est
870 3802 996 3881 umbra,
1011 3813 1045 3868 et
1065 3804 1148 3868 haec
1167 3806 1280 3869 multis
1303 3806 1413 3871 modis

259 3909 436 3972 variantur.
483 3909 573 3972 Nam
598 3908 631 3971 in
657 3908 823 3993 aliquibus
845 3905 926 3972 locis
949 3924 1000 3972 res
1022 3928 1088 3971 nou
1112 3907 1238 3973 habeut
1259 3911 1412 3973 umbram

259 4013 484 4095 aquilonarem
521 4033 582 4075 nec
621 4012 837 4077 meridianam
874 4012 908 4074 in
937 4011 1080 4076 solstitio
1110 4013 1265 4077 aestivali.
1325 4012 1414 4077 Nam

260 4117 395 4199 quando
427 4116 478 4180 sol
504 4116 608 4179 fertur
633 4136 732 4199 supra
759 4114 871 4197 capita
896 4134 1010 4179 eorum
1042 4116 1075 4179 in
1102 4118 1247 4191 meridie,
1274 4136 1341 4180 non
1364 4128 1415 4181 est

260 4219 372 4302 aliqua
387 4220 504 4284 umbra
521 4240 626 4302 neque
642 4219 683 4282 ad
700 4218 958 4300 septentrionem
973 4218 1025 4282 vel
1046 4220 1089 4283 ad
1112 4222 1293 4296 meridiem,
1307 4240 1414 4303 neque

261 4324 304 4387 ad
329 4323 491 4387 orientem
513 4322 565 4385 vel
590 4322 805 4397 occidentem,
825 4330 859 4385 et
882 4321 947 4385 hoc
972 4331 1024 4385 est
1048 4322 1080 4385 in
1108 4323 1214 4386 insula
1238 4322 1307 4386 Nili
1329 4343 1415 4406 quae

261 4426 382 4491 dicitur
398 4426 517 4507 Syene,
533 4446 619 4508 quae
637 4434 688 4489 est
710 4426 742 4488 in
763 4445 917 4508 suprema
936 4434 1031 4508 parte
1045 4425 1198 4511 Aegypti
1219 4426 1252 4490 in
1272 4426 1415 4492 confinio

263 4530 349 4595 illius
364 4540 397 4594 et
412 4530 623 4612 Aethiopiae,
638 4529 723 4594 sicut
740 4540 833 4613 patet
854 4551 898 4593 ex
921 4530 1029 4594 Plinio
1052 4531 1084 4593 in
1107 4532 1192 4595 libro
1214 4533 1359 4595 secundo
1382 4541 1415 4597 et

262 4634 400 4718 quinto;
423 4644 457 4698 et
478 4633 632 4699 Lucanus
648 4634 729 4699 dicit
745 4635 916 4698 ‘umbram
931 4633 1022 4699 nullo
1037 4634 1190 4700 flectente
1211 4634 1358 4719 Syene'3
1381 4636 1416 4700 id

308 4752 389 4804 VOL.
406 4752 429 4803 1.
847 4752 872 4802 X

1421 2807 1557 3011 {fitted

257 2994 356 3056 super
370 2984 558 3039 sanctorum
572 2974 753 3039 sententias
769 2975 855 3039 circa
867 2984 978 3056 partes
990 2972 1189 3037 habitabiles
1201 2994 1266 3037 non
1278 2983 1411 3056 oportet
1477 2960 1523 2995 ⁰⁰⁵

1423 3010 1496 3061 south
1509 3010 1539 3059 ol

258 3097 318 3141 nos
336 3079 495 3142 coarctari
518 3078 551 3142 in
574 3078 626 3141 his
651 3098 737 3162 quae
762 3076 988 3141 mathematici
1011 3077 1101 3159 apud
1127 3076 1267 3142 Latinos
1290 3078 1410 3143 certifi·
1423 3078 1541 3206 {pm
