3575 5375
330 615 390 695 380
552 618 707 678 OPERIS
732 616 920 688 MAJORIS
944 616 1060 676 PARS
1085 614 1270 688 QUARTA.

331 778 471 863 plantis3
494 780 572 863 quia
587 781 668 845 dicit
684 781 886 846 Aristoteles
903 781 936 844 in
952 779 1038 844 libro
1047 778 1304 863 vegetabilium,
1314 777 1406 859 quod
1422 775 1483 841 Sol

330 895 380 949 est
403 897 497 968 pater
521 885 707 968 plantarum
732 897 767 950 et
790 885 894 950 ·Luna
921 895 1035 948 mater.
1097 883 1144 946 Et
1169 882 1203 945 in
1230 881 1421 947 hominibus
1449 892 1484 945 et

330 989 526 1054 animalibus
544 991 635 1068 dicit,
654 991 745 1072 quod
765 989 867 1054 homo
884 998 1020 1071 generat
1035 987 1204 1051 hominem
1225 995 1259 1050 et
1277 985 1328 1048 sol
1338 985 1360 1048 ¹.
1414 984 1482 1049 Sed

330 1092 496 1158 Averroes
511 1094 696 1176 dicitquod
712 1095 761 1158 sol
778 1094 852 1179 plus
865 1092 943 1158 facit
955 1113 1055 1175 quam
1064 1090 1168 1154 homo
1177 1091 1220 1154 ad
1233 1088 1483 1172 productionem

332 1198 387 1261 rei.
442 1197 531 1260 Nam
560 1199 664 1263 virtus
695 1199 774 1263 solis
808 1199 1019 1262 continuatur
1047 1198 1079 1259 in
1111 1196 1237 1258 semine
1271 1215 1292 1257 a
1322 1194 1483 1277 principio

331 1303 550 1385 generationis
570 1323 674 1385 usque
695 1304 737 1368 ad
758 1302 867 1376 finem,
890 1303 992 1366 virtus
1012 1311 1124 1365 autern
1145 1299 1249 1381 patris
1271 1319 1347 1375 non,
1368 1297 1426 1361 sed
1444 1297 1484 1360 ht

331 1404 443 1484 semel,
458 1406 580 1471 scilicet
595 1408 703 1471 solum
720 1408 753 1471 in
770 1407 903 1470 seminis
918 1405 1096 1483 decisione,
1110 1416 1145 1468 et
1161 1405 1237 1467 ideo
1257 1401 1338 1466 nihil
1360 1400 1484 1467 laceret

332 1510 390 1572 nisi
406 1521 493 1574 esset
508 1511 610 1575 virtus
626 1511 708 1575 coeli
724 1511 878 1577 continue
901 1507 1123 1592 multiplicata
1142 1520 1176 1573 et
1197 1505 1314 1584 inlusa,
1330 1505 1484 1589 regularis

331 1623 439 1677 totam
454 1616 713 1696 generationem.

162 1733 319 1805 rouroperass
375 1717 438 1780 Per
451 1718 581 1782 coelum
597 1738 677 1801 ergo
693 1718 941 1801 complexiones
961 1718 1110 1782 omnium
1132 1736 1240 1780 rerum
1259 1715 1434 1788 habentur,
1450 1722 1485 1776 et

161 1808 237 1922 {1¹33
235 1813 263 1910 {⁰
272 1807 303 1856 be
330 1840 396 1884 non
411 1821 519 1885 solum
535 1823 685 1905 regiones
700 1821 959 1886 diversificantur
974 1841 1033 1903 per
1047 1821 1188 1894 coelum,
1200 1822 1260 1885 sed
1272 1840 1325 1883 res
1334 1817 1483 1898 ejusdem

161 1937 274 2002 gutshed.
331 1924 472 2008 regionis
498 1935 532 1990 et
556 1935 666 2007 partes
693 1927 841 2009 ejusdem
865 1927 919 2000 rei,
944 1937 977 1991 et
1001 1946 1068 1989 non
1091 1925 1199 1990 solum
1218 1925 1252 1987 in
1274 1922 1485 2007 generatione

330 2038 419 2093 recta
434 2031 493 2095 sed
510 2041 726 2110 monstruosa,
742 2041 776 2096 et
792 2031 938 2112 peccatis
960 2051 999 2093 ac
1018 2031 1181 2094 erroribus
1201 2040 1347 2092 naturae.
1394 2025 1483 2089 Nam

330 2152 389 2215 per
412 2135 619 2199 diversitates
650 2136 868 2210 horizontum‚
893 2135 1072 2199 secundum
1094 2135 1185 2216 quod
1209 2132 1339 2214 singula
1361 2142 1485 2215 puncta

330 2247 437 2302 terrae
452 2249 529 2302 sunt
549 2249 663 2303 centra
685 2241 719 2304 in
739 2240 969 2305 horizontibus
992 2240 1094 2317 novis,
1110 2248 1203 2322 patet
1224 2238 1338 2301 omnia
1357 2233 1484 2308 variari,

330 2353 367 2406 ut
382 2343 532 2424 superius
547 2353 699 2408 notatum
716 2354 767 2408 est
785 2346 828 2408 de
843 2345 954 2409 herbis
969 2344 1173 2408 diversarum
1189 2343 1383 2426 specierum,
1399 2357 1485 2420 quae

332 2456 512 2511 nascuntur
538 2448 632 2530 quasi
659 2449 692 2510 in
718 2449 836 2512 eodem
863 2458 989 2532 puncto
1019 2457 1135 2519 terrae,
1159 2458 1193 2511 et
1219 2448 1264 2511 de
1293 2445 1485 2509 diversitate

331 2550 548 2632 gemellorum
564 2551 597 2614 in
613 2553 730 2615 eadem
748 2552 883 2616 matrice
896 2574 904 2626 ;
919 2561 1055 2637 propter
1067 2552 1130 2615 hoc
1141 2552 1231 2634 quod
1247 2548 1322 2616 coni
1337 2549 1484 2612 diversa·

333 2675 405 2718 rum
430 2656 640 2739 pyramidum
665 2657 906 2722 continentium
928 2657 1068 2721 virtutes
1089 2655 1260 2722 stellarum
1282 2665 1317 2720 et
1341 2653 1484 2738 partium

333 2760 416 2823 coeli
445 2780 544 2843 super
573 2762 681 2845 capita
710 2762 933 2827 habitantium
966 2763 1101 2827 veniunt
1129 2762 1173 2826 ad
1202 2760 1333 2845 singula
1363 2767 1486 2841 puncta

334 2874 449 2939 terrae,
465 2874 502 2928 ut
517 2864 614 2928 cadat
630 2866 803 2929 diversitas
819 2866 918 2948 plena
935 2866 968 2928 in
984 2866 1089 2930 rebus.
1147 2865 1214 2930 Sed
1231 2863 1297 2927 alia
1311 2862 1485 2926 diversitas

333 2976 384 3031 est
407 2987 466 3048 per
487 2966 732 3051 elongationem
756 2969 883 3053 apulis
907 2980 942 3033 et
964 2990 984 3032 a
1008 2970 1118 3033 medio
1141 2969 1263 3033 mundi
1318 2968 1365 3032 Et
1387 2964 1486 3046 hujus

334 3090 434 3135 causa
459 3071 585 3154 duplex
609 3084 670 3137 est.
718 3073 795 3139 Una
825 3084 877 3138 est
903 3092 1002 3139 causa
1027 3073 1229 3148 universalis,
1252 3072 1378 3136 scilicet
1405 3068 1485 3133 solis

334 3176 494 3240 distantia
519 3176 571 3240 vel
598 3177 825 3261 propinquitas
851 3179 1033 3243 secundum
1057 3178 1148 3261 quod
1176 3178 1326 3259 superius
1349 3174 1382 3239 in
1403 3170 1485 3237 locis

336 3282 448 3345 mundi
475 3292 527 3345 est
551 3293 781 3348 memoratum.
827 3282 908 3347 Alia
931 3293 982 3347 est
1004 3302 1103 3346 causa
1125 3281 1340 3365 particularis
1362 3279 1488 3345 scilicet

334 3386 507 3449 diversitas
521 3386 691 3451 stellarum
708 3386 850 3451 fixarum
866 3407 967 3469 super
982 3388 1093 3469 capita
1107 3386 1340 3452 habitantium.
1396 3384 1485 3447 Nam

335 3490 522 3574 specialiter
539 3509 597 3572 per
612 3490 672 3553 has
688 3492 857 3555 variantur
879 3510 931 3553 res
955 3489 1121 3554 naturales
1140 3490 1173 3552 in
1191 3490 1327 3553 diversis
1346 3487 1487 3571 regioni·

335 3595 406 3669 bus,
422 3605 456 3658 et
470 3595 630 3673 homines,
646 3616 712 3658 non
727 3596 835 3659 solum
859 3597 892 3659 in
912 3595 1127 3669 naturalibus,
1143 3596 1201 3659 sed
1221 3595 1254 3657 in
1277 3594 1433 3666 moribus,
1453 3592 1485 3654 in

335 3698 490 3777 scientiis,
508 3698 541 3761 in
559 3701 694 3775 artibus,
714 3701 746 3762 in
768 3699 897 3781 linguis,
914 3710 949 3764 et
967 3700 1000 3761 in
1020 3700 1185 3764 omnibus.
1243 3698 1354 3763 Tertia
1372 3705 1422 3760 est
1443 3714 1487 3758 ex

337 3802 602 3885 praedominanti
617 3804 737 3867 virtute
753 3805 928 3869 duodecim
944 3804 1123 3887 signorum.
1147 3804 1237 3868 Nam
1248 3806 1378 3867 diversa
1392 3802 1489 3884 signa

304 3930 306 3936 ’
334 3906 549 3970 dominantur
565 3908 598 3970 in
614 3908 750 3971 diversis
766 3909 961 3991 regionibus,
978 3920 1036 3972 aut
1050 3909 1129 3990 quia
1145 3908 1178 3970 in
1194 3908 1311 3971 mundi
1323 3906 1488 3991 principio

336 4009 467 4075 luerunt
495 4012 528 4074 in
551 4011 677 4075 directo
700 4011 829 4076 illarum
852 4022 1076 4077 creaturarum
1099 4013 1326 4096 recipientium
1348 4013 1488 4077 virtutes

336 4118 467 4200 primas,
494 4126 528 4180 et
550 4116 640 4198 quod
669 4137 753 4179 nova
776 4127 862 4182 testa
884 4118 975 4199 capit
997 4120 1178 4183 inveterata
1200 4119 1308 4201 sapit;
1329 4127 1389 4182 aut
1410 4116 1489 4199 quia

334 4233 410 4286 suut
426 4222 549 4285 similes
565 4222 595 4283 in
613 4232 730 4285 natura
751 4242 826 4285 curn
849 4222 954 4286 stellis
974 4242 1061 4305 quae
1084 4243 1182 4305 super
1203 4223 1316 4305 capita
1335 4222 1490 4285 habitan·

369 4410 377 4439 ¹
395 4409 456 4459 Nat.
467 4411 584 4460 Ausmlt.
599 4411 624 4460 ii.
633 4426 649 4458 s
659 4408 782 4474 ἅνθρωπος
792 4410 840 4474 γὰρ
851 4409 976 4472 ἄνθρωπον
987 4411 1061 4473 γεννᾷ
1074 4413 1114 4459 nal
1128 4410 1204 4473 ἥλιος.
1237 4412 1294 4460 The
1309 4410 1444 4461 reference
1462 4421 1489 4460 to

336 4491 381 4540 the
399 4490 558 4552 apocryphrd
575 4490 648 4540 work
666 4490 704 4539 De
719 4490 821 4540 Plans's
836 4504 923 4538 seems
939 4497 965 4539 to
983 4489 1015 4538 be
1034 4490 1189 4553 incorrectly
1205 4491 1290 4553 given.
1327 4490 1380 4539 See
1400 4490 1456 4541 Lib.
1472 4491 1489 4551 i,

336 4570 422 4631 cap.6
438 4567 616 4633 Ἀναξαγόρας.
634 4606 640 4618 .
660 4604 666 4617 .
683 4568 730 4633 ἔφη
747 4567 803 4631 πρὸς
818 4566 938 4631 Λεχίνιον
955 4566 992 4617 ὅτι
1009 4569 1025 4631 ἡ
1048 4568 1081 4631 γῆ
1098 4568 1177 4633 μήτηρ
1192 4568 1238 4631 μέν
1256 4569 1310 4619 lori
1327 4570 1378 4619 τᾶν
1397 4570 1490 4633 φυτῶν,

335 4646 381 4697 ὁδ’
393 4647 459 4710 ἥλιος
471 4646 559 4711 πατὴρ.
