3575 5375
585 647 758 718 JUDICIA
785 648 1107 709 ASTRONOMIAE.
1370 664 1428 727 251

279 819 377 892 prout
391 810 541 876 videmus
557 811 646 894 quod
663 832 683 875 a
699 811 830 876 duobus
841 812 973 895 punctis
984 821 1093 876 terrae
1104 811 1265 896 proximis
1280 811 1431 876 oriuntur

279 913 401 978 herbae
414 915 561 980 diversae
578 918 760 981 secundum
775 915 930 998 speciem.
976 917 1023 980 Et
1037 916 1091 980 hic
1106 917 1208 979 sumit
1220 926 1431 980 astronomus

278 1017 496 1083 fundamenta
511 1021 560 1084 sui
573 1020 699 1103 judicii,
714 1029 749 1085 et
764 1021 892 1095 merito,
909 1021 987 1103 quia
1007 1022 1180 1085 diversitas
1201 1020 1300 1104 plena
1320 1040 1429 1084 rerum

278 1141 337 1204 per
352 1123 481 1187 coelum
496 1125 543 1187 sic
559 1124 733 1188 invenitur.

323 1225 538 1310 Quapropter
551 1238 663 1311 potest
678 1238 889 1293 astronomus
904 1228 1029 1311 peritus
1045 1249 1111 1294 non
1125 1228 1234 1293 solum
1250 1229 1284 1291 in
1296 1237 1428 1292 natura·
1441 1240 1595 1290 Poedictions

277 1329 363 1393 libus
379 1331 437 1394 sed
454 1333 486 1394 in
506 1330 661 1395 humanis
677 1333 774 1396 rebus
795 1332 902 1396 multa
925 1334 1133 1397 considerare
1150 1333 1195 1397 de
1215 1334 1379 1416 praesenti
1394 1342 1428 1396 et
1440 1313 1585 1421 {Juffitfff

278 1431 389 1497 futuro
412 1436 446 1499 et
468 1436 655 1516 praeterito,
671 1445 705 1499 et
728 1437 803 1499 ideo
826 1435 945 1501 saltem
969 1457 1068 1519 super
1093 1456 1196 1520 regna
1219 1446 1253 1500 et
1278 1436 1428 1501 civitates
1440 1453 1509 1486 more
1520 1453 1579 1500 easy

278 1545 388 1619 potest
404 1537 554 1620 judicare
572 1559 631 1622 per
651 1539 806 1603 coelestia
825 1548 860 1603 et
881 1541 1026 1604 secunda
1047 1541 1241 1603 coelestium
1260 1560 1348 1622 quae
1370 1560 1429 1624 per
1440 1503 1598 1618 fflffluffig

277 1640 413 1704 virtutes
442 1641 601 1725 speciales
630 1643 797 1708 coelorum
823 1654 1033 1718 renovantur,
1058 1653 1096 1708 ut
1121 1654 1197 1707 sunt
1223 1653 1374 1709 cometae
1396 1653 1430 1707 et

278 1743 477 1826 hujusmodi,
489 1747 567 1829 quia
580 1747 708 1812 facilius
721 1748 879 1830 judicium
897 1757 947 1811 est
963 1768 1061 1829 super
1076 1748 1314 1812 communitate
1328 1767 1428 1830 quam

278 1869 377 1931 super
406 1850 563 1932 singulari
593 1871 743 1935 persona.
790 1851 878 1915 Nam
907 1851 1067 1933 judicium
1098 1852 1346 1916 communitatis
1377 1862 1428 1915 est

273 1953 435 2035 judicium
466 1955 657 2032 universale,
683 1966 717 2020 et
743 1967 956 2020 astronomus
985 1966 1096 2038 potest
1126 1958 1212 2020 bene
1242 1957 1276 2020 in
1304 1956 1429 2038 judicia

279 2058 483 2122 universalia.
534 2059 580 2123 Et
610 2061 689 2142 quia
717 2061 759 2123 ad
785 2079 892 2123 mores
915 2068 950 2123 et
972 2060 1230 2124 consuetudines
1252 2059 1427 2141 cujuslibet

278 2163 422 2226 civitatis
442 2162 589 2226 famosae
610 2172 683 2227 tota
705 2164 873 2244 provincia
899 2163 1132 2244 circumjacens
1157 2163 1340 2240 inclinatur,
1355 2173 1428 2227 tum

279 2276 414 2350 propter
440 2266 601 2348 refugium
628 2267 670 2329 ad
695 2287 768 2330 eam
791 2277 824 2331 et
851 2267 1186 2332 communicationem
1216 2268 1426 2350 negotiorum

278 2371 376 2448 vitae,
391 2379 464 2434 tum
479 2379 615 2453 propter
630 2371 813 2453 potentiam
832 2373 1003 2436 civitatum
1021 2392 1121 2454 super
1140 2371 1213 2436 loca
1227 2371 1334 2436 vicina
1347 2396 1355 2448 ;
1379 2369 1429 2454 (et

279 2473 429 2537 similiter
452 2483 502 2538 est
528 2476 570 2539 de
593 2494 694 2558 regno
717 2476 893 2557 potentiori
918 2485 1068 2560 respectu
1092 2497 1267 2559 regnorum
1290 2477 1428 2539 circum-

275 2575 480 2664 jacentium)
489 2589 560 2643 tum
571 2589 706 2662 propter
717 2579 1062 2657 communicationem,
1072 2590 1144 2645 tum
1158 2588 1293 2663 propter
1303 2579 1428 2656 violen-

278 2685 381 2758 tiam3
404 2684 548 2767 prudens
563 2685 751 2768 astrologus
765 2695 877 2766 potest
896 2685 1002 2749 multa
1021 2685 1227 2750 considerare
1247 2684 1373 2748 utiliter
1394 2685 1428 2747 in

279 2787 341 2851 hac
355 2800 451 2871 parte
465 2809 565 2871 super
579 2790 726 2853 moribus
742 2799 775 2853 et
790 2788 920 2872 legibus
935 2801 969 2854 et
983 2789 1081 2853 sectis
1101 2800 1135 2854 et
1153 2791 1278 2871 guerris
1298 2799 1332 2853 et
1347 2810 1430 2873 pace

279 2901 312 2956 et
328 2891 529 2974 hujusmodi,
543 2913 629 2977 quae
644 2894 812 2976 pertinent
830 2896 874 2959 ad
896 2894 1131 2978 rempublicam
1154 2895 1338 2973 civitatum,
1354 2915 1430 2978 pro·

278 2996 468 3073 vinciarum,
478 3008 511 3061 et
524 3018 708 3083 regnomm,
718 2998 870 3081 quamvis
882 2998 1109 3063 difficultatem
1122 2999 1258 3084 recipiat
1268 2998 1428 3082 majorem

279 3101 311 3163 in
329 3102 459 3166 actibus
474 3102 690 3186 singularium
707 3122 922 3187 personarum
934 3103 1132 3186 judicandis.

324 3204 370 3268 Et
392 3206 418 3269 si
440 3205 520 3270 velit
543 3207 751 3271 considerare
771 3207 947 3288 diligenter
965 3217 999 3270 et
1014 3207 1085 3270 sine
1105 3227 1213 3270 errore
1231 3205 1330 3269 horas
1349 3226 1429 3270 con·
1443 3222 1563 3271 Butes-en

278 3310 467 3390 ceptionum
486 3319 521 3373 et
544 3310 749 3373 nativitatem
772 3310 987 3394 singularium
1007 3329 1232 3393 personarum,
1246 3319 1284 3372 ut
1306 3309 1429 3374 sciatur
1441 3287 1567 3402 fflssb

278 3415 466 3479 dominium
490 3414 644 3478 coelestis
665 3415 795 3478 virtutis
817 3416 860 3479 ad
883 3414 981 3478 horas
1004 3414 1088 3491 illas,
1104 3423 1138 3478 et
1155 3413 1332 3495 diligenter
1350 3433 1427 3476 con·
1441 3418 1529 3481 bouily

278 3518 402 3581 sideret
423 3519 559 3600 quando
581 3518 623 3581 ad
649 3538 704 3581 eas
728 3518 962 3601 dispositiones
982 3519 1116 3583 venient
1137 3516 1292 3582 coelestia
1312 3484 1550 3614 secun-ff,¹„¹¹;¹ff,{s

279 3624 359 3687 dum
394 3621 540 3704 singulas
572 3631 683 3704 partes
707 3624 825 3687 aetatis
855 3622 1039 3706 cujuslibet,
1066 3632 1177 3706 potest
1203 3622 1247 3686 de
1273 3615 1555 3686 omnibussorecet-

279 3727 493 3806 naturalibus,
524 3727 609 3791 sicut
642 3726 685 3789 de
719 3724 963 3792 infirmitatibus
1001 3736 1036 3791 et
1071 3728 1214 3791 sanitate
1251 3736 1286 3791 et
1318 3726 1431 3809 hujus·

280 3832 369 3895 modi
385 3831 534 3915 judicare
555 3830 761 3907 sufficienter,
784 3834 1049 3915 quandocunque
1076 3831 1199 3897 debent
1223 3832 1375 3895 occidere
1396 3842 1431 3897 et

278 3936 419 4019 qualiter
459 3936 637 4015 terminari,
676 3938 858 4001 secundum
898 3938 990 4020 quod
1025 3947 1179 4000 auctores
1214 3923 1280 4000 non
1321 3936 1429 4001 solum

279 4042 501 4106 astronomiae
525 4043 582 4106 sed
609 4042 801 4119 medicinae,
827 4051 864 4106 ut
893 4042 1130 4126 Hippocrates,
1157 4040 1311 4120 Galenus,
1339 4041 1429 4117 Hali,

280 4146 383 4224 Isaac,
406 4155 440 4210 et
464 4166 580 4211 omnes
606 4156 757 4211 auctores
790 4146 1020 4210 determinant.
1074 4145 1143 4211 Sed
1175 4147 1295 4210 medici
1330 4146 1429 4227 hujus

277 4250 439 4333 temporis
458 4252 556 4332 pauci
573 4252 681 4315 sciunt
695 4251 934 4315 astronomiam
950 4259 984 4313 et
1007 4250 1083 4314 ideo
1101 4270 1165 4314 nec
1178 4260 1328 4315 auctores
1352 4269 1430 4312 suos

279 4355 374 4419 multi
404 4354 592 4438 intelligunt
617 4374 677 4417 nec
700 4363 837 4438 possunt
867 4353 1061 4436 intelligere,
1087 4363 1122 4418 et
1151 4354 1228 4417 ideo
1257 4351 1429 4435 negligunt

278 4459 450 4523 meliorem
473 4470 602 4543 partem
622 4459 814 4523 medicinae.
860 4457 927 4523 Sed
950 4461 994 4523 de
1013 4458 1064 4523 his
1085 4458 1205 4541 longus
1227 4476 1336 4520 sermo
1356 4455 1427 4519 fieri

278 4574 388 4645 potest
412 4573 447 4628 et
469 4563 568 4641 utilis,
582 4583 657 4627 cum
682 4562 777 4627 luerit
798 4572 1034 4647 opportunum.
1080 4562 1127 4625 Et
1149 4581 1225 4625 cum
1245 4561 1426 4624 secundum

279 4669 526 4753 complexiones
557 4666 765 4733 infirmitates
796 4679 830 4734 et
862 4668 1022 4732 sanitates
1047 4668 1215 4731 varientur
1240 4662 1430 4730 voluntates
