3575 5375
162 3096 290 3161 Symbolic

163 3164 280 3227 meaning
292 3163 321 3213 of

163 3231 247 3289 direct,
259 3244 295 3279 re·

164 3294 318 3354 fractedand

164 3361 278 3410 reflected

164 3443 228 3490 mys,

330 632 392 694 216
554 606 711 693 oraxis
733 630 923 703 MAJoRJs
946 630 1062 689 Pras
1086 629 1270 703 Qunam.
1312 713 1316 719 ἡ

330 795 451 879 speciei
463 793 747 877 multiplicatione,
763 803 798 858 ut
811 814 831 856 a
842 813 1042 876 quocunque
1057 802 1177 877 agente
1189 790 1249 856 fiat
1259 792 1385 876 species
1398 790 1483 856 mul·

331 897 520 981 tiplicanda‚
537 909 574 962 ut
590 909 717 963 certum
734 909 785 963 est
803 898 919 962 scienti
932 908 1072 962 naturae
1085 897 1156 961 vias
1171 917 1231 979 per
1245 897 1481 981 geometricam

332 1013 543 1086 potestatem.
591 1003 635 1066 Et
656 1023 716 1087 per
730 1002 791 1066 has
807 1012 873 1067 tres
895 1001 1186 1086 multipIIcationes
1201 999 1360 1084 figuratas
1381 1001 1483 1065 oritur

332 1109 520 1172 combustio
541 1108 647 1180 tertia,
669 1108 712 1170 de
735 1127 800 1189 qua
821 1105 969 1190 loquitur
991 1106 1161 1188 scriptura
1207 1104 1275 1170 Sed
1302 1104 1385 1170 haec
1406 1105 1482 1168 sciri

330 1231 399 1276 nou
415 1221 562 1296 possunt,
578 1212 639 1275 nisi
655 1211 758 1275 homo
774 1211 900 1293 optime
918 1211 1001 1274 sciat
1016 1218 1216 1294 potestatem
1231 1208 1483 1294 geometricam.

377 1315 515 1400 Propter
535 1337 612 1380 vero
632 1315 844 1399 quaestiones
864 1334 955 1399 pono
975 1334 1077 1378 unum
1098 1313 1292 1397 exemplum
1307 1333 1368 1394 pro
1383 1312 1483 1390 mille,

332 1420 388 1484 ubi
408 1420 612 1502 geometrica
633 1419 806 1503 requiritur
826 1428 985 1501 potestas,
1001 1417 1078 1482 licet
1097 1416 1217 1500 vulgus
1233 1437 1301 1482 non
1320 1418 1482 1481 advertat.

333 1524 422 1588 Nam
443 1524 486 1588 de
501 1524 574 1589 luce
590 1534 623 1589 et
645 1522 920 1607 multiplicatione
936 1521 1008 1604 ejus
1023 1522 1131 1587 multa
1145 1531 1309 1604 quaerunt
1326 1519 1484 1603 theologi,

332 1628 456 1692 scilicet
470 1637 581 1692 utrum
604 1629 646 1692 sit
668 1627 856 1692 substantia
877 1625 929 1690 vel
944 1627 1106 1704 accidens,
1123 1637 1234 1691 utrum
1252 1625 1296 1690 sit
1316 1645 1436 1709 corpus
1451 1626 1484 1688 in

334 1732 453 1810 medio,
469 1743 580 1796 utrum
596 1732 706 1796 subito
722 1730 774 1796 vel
789 1732 971 1796 successive
983 1731 1107 1795 seratur
1121 1732 1155 1794 in
1171 1731 1282 1796 medio
1297 1741 1332 1794 et
1343 1741 1483 1794 caetera.

333 1835 400 1900 Sed
421 1836 504 1900 baec
519 1836 610 1901 nullo
627 1837 728 1901 modo
743 1835 816 1901 sciri
833 1845 974 1918 possunt
989 1835 1060 1899 sine
1077 1837 1125 1900 eis
1140 1855 1226 1918 quae
1241 1835 1424 1900 dictasunt
1441 1836 1484 1898 de

332 1940 606 2025 multiplicatione
639 1941 822 2005 secundum
851 1938 954 2005 lineas
983 1940 1121 2023 angulos
1154 1951 1187 2004 et
1218 1939 1349 2021 figuras.
1395 1939 1483 2004 Nam

333 2044 564 2128 multiplicatio
600 2045 682 2109 lucis
722 2055 774 2111 est
807 2044 893 2109 sicut
931 2042 1166 2128 multiplicatio
1203 2045 1313 2109 omnis
1349 2043 1484 2107 alterius

332 2149 451 2233 speciei
473 2147 695 2232 cujuscunque
709 2149 847 2231 agentis.
895 2148 974 2212 Lux
995 2148 1137 2213 enimin
1160 2149 1271 2213 medio
1286 2158 1338 2212 est
1359 2149 1485 2232 species

333 2253 413 2318 lucis
437 2275 522 2337 quae
545 2265 595 2319 est
618 2255 651 2318 in
675 2274 813 2338 corpore
839 2253 1012 2318 luminoso.
1059 2253 1105 2318 Et
1132 2253 1207 2318 ideo
1232 2253 1377 2334 regulae,
1399 2273 1485 2335 quae

332 2359 444 2423 dictae
470 2368 548 2422 sunt
575 2360 616 2423 de
643 2358 764 2440 speciei
791 2356 1068 2441 multiplicatione
1096 2367 1252 2441 sumptae
1280 2357 1486 2442 generaliter,

333 2461 560 2547 intelliguntur
581 2465 613 2528 in
633 2461 706 2526 luce
727 2472 761 2527 et
777 2463 810 2526 in
830 2460 980 2544 qualibet
995 2463 1105 2546 specie
1123 2462 1352 2527 determinata
1397 2459 1485 2525 Cum

333 2586 413 2650 ergo
451 2566 681 2651 multiplicatio
723 2566 844 2650 speciei
886 2567 1041 2631 absolute
1079 2567 1305 2632 consideratae
1341 2565 1486 2648 requirat

334 2671 520 2737 maximam
549 2672 751 2758 geometriae
787 2682 1001 2756 potestatem,
1034 2681 1071 2736 ut
1099 2671 1190 2756 prius
1227 2680 1398 2736 ostensum
1434 2680 1486 2735 est

331 2775 548 2853 abundanter,
572 2777 783 2841 manifestum
809 2786 861 2841 est
887 2778 977 2860 quod
1005 2778 1049 2841 ad
1070 2777 1152 2840 lucis
1177 2776 1486 2859 multiplicationem

332 2877 580 2963 intelligendam
621 2880 737 2943 eadem
774 2880 979 2963 geometriae
1015 2890 1165 2963 potestas
1201 2879 1387 2944 necessaria
1423 2890 1485 2954 est,

332 2983 484 3065 quamvis
500 2983 647 3068 theologi
662 3003 729 3047 non
745 2994 887 3048 utantur.

376 3087 507 3152 Deinde
529 3088 572 3151 de
594 3087 819 3171 spiritualibus
841 3090 940 3153 rebus
960 3088 1186 3173 exprimendis
1203 3107 1263 3170 per
1280 3109 1334 3152 res
1352 3108 1487 3171 geome-

332 3192 432 3257 tricas
459 3213 547 3275 pono
574 3192 766 3277 exemplum
794 3193 827 3255 in
855 3194 962 3275 gratia
992 3202 1026 3257 et
1055 3192 1161 3275 gloria
1190 3202 1225 3257 et
1250 3192 1418 3257 salvandis
1446 3213 1487 3256 ac

333 3298 539 3373 damnandis,
563 3308 599 3361 ut
621 3299 792 3362 videamus
814 3298 986 3379 quomodo
1016 3296 1124 3361 lineae
1154 3306 1272 3372 rectae,
1295 3297 1428 3370 fractae,
1453 3307 1488 3360 et

332 3400 485 3479 reflexae,
509 3400 640 3466 valeant
665 3400 854 3483 hujusmodi
882 3400 1108 3484 spiritualibus
1134 3402 1295 3484 adaptari.
1341 3400 1487 3466 Etcum

332 3507 459 3588 gratiae
474 3506 593 3569 inlusio
608 3507 756 3571 maxime
765 3505 994 3570 manifestatur
1005 3525 1064 3589 per
1074 3505 1155 3570 lucis
1168 3505 1488 3588 multiplicationem,

332 3610 470 3693 expedit
485 3630 544 3693 per
559 3630 692 3673 omnem
710 3611 847 3674 modum
867 3621 904 3673 ut
923 3630 982 3693 per
1002 3609 1294 3694 multiplicationes
1314 3608 1395 3673 lucis
1415 3629 1487 3673 cor·

331 3711 463 3795 porales
486 3712 736 3778 manifestentur
756 3714 853 3778 nobis
880 3714 1102 3797 proprietates
1123 3714 1248 3797 gratiae
1269 3715 1302 3777 in
1324 3714 1430 3791 bonis,
1451 3723 1487 3777 et

332 3815 464 3899 repulsa
478 3817 551 3898 ejus
567 3817 599 3880 in
617 3817 721 3882 malis.
768 3818 856 3881 Nam
876 3818 1027 3883 inbonis
1047 3818 1200 3900 perfectis
1220 3816 1341 3882 infusio
1360 3818 1488 3901 gratiae

332 3930 544 4003 comparatur
567 3920 631 3986 luci
653 3921 778 3985 directe
799 3923 956 3987 incidenti
980 3932 1014 3987 et
1038 3921 1308 4007 perpendiculari,
1328 3922 1486 4005 quoniam

332 4044 399 4088 non
416 4022 586 4089 reflectunt
602 4046 621 4087 a
637 4046 673 4089 se
686 4028 841 4109 gratiam,
853 4048 914 4089 nec
928 4026 1083 4112 frangunt
1099 4045 1158 4108 per
1173 4026 1427 4091 declinationem
1443 4026 1488 4089 ab

333 4130 461 4193 incessu
477 4139 577 4206 recto,
592 4130 650 4212 qui
665 4131 849 4195 attenditur
863 4132 1047 4195 secundum
1061 4132 1147 4194 viam
1164 4128 1373 4212 perfectionis
1387 4130 1488 4193 vitae.

334 4230 402 4296 Sed
433 4232 552 4296 infusio
577 4234 704 4317 gratiae
735 4235 768 4297 in
793 4233 1013 4317 imperfectos,
1036 4234 1113 4300 licet
1140 4233 1257 4313 bonos,
1278 4244 1489 4316 comparatur

334 4336 398 4401 luci
422 4336 564 4415 fractae;
594 4358 671 4403 nam
698 4350 835 4423 propter
861 4338 1129 4421 imperfectiones
1161 4359 1275 4403 eorum
1305 4358 1373 4403 non
1395 4348 1488 4403 tenet

333 4440 441 4521 gratia
457 4441 489 4503 in
506 4442 553 4503 eis
570 4442 731 4505 incessum
746 4442 882 4506 omnino
898 4453 1036 4506 rectum.
1080 4443 1273 4509 Peccatores
1291 4452 1414 4516 autem,
1429 4442 1489 4525 qui

334 4544 461 4609 suntin
482 4555 619 4625 peccato
638 4546 779 4621 mortali,
801 4544 976 4609 reflectunt
998 4555 1033 4610 et
1054 4546 1221 4631 repellunt
1242 4565 1264 4609 a
1285 4568 1322 4611 se
1344 4546 1489 4630 gratiam

334 4646 410 4727 Dei,
432 4658 466 4711 et
492 4649 567 4712 ideo
590 4649 698 4730 gratia
725 4650 814 4733 apud
841 4670 899 4714 eos
925 4662 1138 4733 comparatur
1167 4650 1232 4714 luci
1257 4648 1408 4735 repulsae
1429 4670 1488 4714 seu
