3575 5375
397 612 458 690 276
619 617 775 676 OPERIS
800 616 989 687 MAJORIS
1014 616 1129 676 PARS
1154 616 1339 691 QUARTA.

397 781 474 862 quia
493 783 550 846 xvi
572 783 701 847 minuta
719 795 751 849 et
770 785 807 848 xl
828 785 993 849 secundae
1016 794 1092 848 sunt
1112 805 1173 848 sex
1191 782 1294 849 horae
1312 795 1346 850 et
1364 783 1400 847 xl
1422 782 1551 846 minuta

397 885 494 950 unius
508 888 618 954 horae.
665 891 710 956 Et
726 893 758 955 in
774 892 929 958 omnibus
945 891 1034 955 ccciv
1048 891 1145 954 annis
1161 892 1286 957 recedit
1301 913 1321 956 a
1337 893 1411 956 loco
1428 891 1549 972 prima·

398 990 496 1056 tionis
520 997 553 1059 in
576 998 764 1064 calendario
784 1020 963 1082 perunum
984 999 1073 1062 diem
1093 1008 1127 1062 et
1150 997 1183 1061 vi
1204 998 1333 1063 minuta
1355 998 1454 1062 unius
1475 992 1551 1068 diei,

398 1104 432 1159 et
453 1097 488 1160 xl
511 1105 664 1168 secunda.
712 1105 757 1168 Et
779 1115 855 1188 post
875 1102 973 1182 4‚256
995 1122 1099 1166 annos
1119 1102 1245 1167 dicetur
1267 1103 1346 1167 luna
1368 1101 1549 1167 secundum

399 1199 621 1271 calendarium
643 1208 760 1290 prima,
776 1210 910 1290 quando
926 1218 976 1273 est
994 1207 1094 1289 plena
1108 1206 1242 1271 lumine.
1290 1207 1337 1272 Et
1354 1216 1431 1290 post
1452 1220 1548 1284 7,904

398 1325 505 1374 annos
529 1314 589 1376 erit
620 1336 709 1379 error
731 1315 826 1379 unius
848 1314 1029 1380 lunationis
1053 1315 1209 1398 integrae,
1231 1322 1377 1397 excepto
1407 1312 1549 1386 modico,

399 1412 524 1479 scilicet
536 1419 688 1502 exceptis
701 1419 834 1483 xxxviii
848 1419 993 1498 minutis,
1005 1430 1038 1484 et
1050 1440 1126 1482 xxx
1138 1419 1299 1483 secundis.
1339 1418 1385 1481 Et
1397 1416 1450 1481 hic
1461 1436 1550 1481 error

399 1527 510 1597 potest
525 1522 678 1588 devenire
700 1524 742 1587 ad
764 1534 897 1588 centum
921 1522 1119 1597 lunationes,
1135 1532 1168 1587 et
1192 1532 1272 1587 tunc
1291 1523 1411 1587 iterum
1427 1520 1549 1586 redibit

398 1640 488 1686 error
510 1625 643 1707 primus,
666 1639 702 1691 ut
725 1638 905 1710 sequantur
926 1637 1102 1712 sequentes
1125 1647 1183 1712 per
1205 1627 1365 1702 ordinem,
1388 1627 1491 1691 etsie
1514 1626 1548 1687 in

398 1725 563 1793 infinitum
590 1732 623 1795 hi
648 1752 773 1796 errores
797 1733 1017 1796 revolvuntur.
1064 1731 1110 1795 Et
1130 1732 1221 1814 quod
1243 1730 1327 1795 haec
1348 1730 1460 1794 omnia
1479 1730 1548 1794 sint

395 1851 471 1895 vera
501 1855 567 1898 non
599 1846 649 1901 est
680 1837 817 1901 dubium
854 1837 969 1919 peritis
1005 1836 1215 1900 astronomis.
1261 1835 1374 1900 Etiam
1407 1833 1548 1918 quilibet

396 1940 597 2019 computista
613 1942 714 2016 novit,
732 1943 821 2025 quod
838 1940 923 2005 fallit
937 1940 1092 2022 primatio
1105 1960 1164 2022 per
1178 1950 1245 2004 tres
1261 1940 1331 2004 dies
1344 1939 1396 2002 vel
1406 1947 1549 2021 quatuor

396 2037 447 2104 his
476 2046 690 2127 temporibus,
720 2055 753 2110 et
784 2044 925 2129 quilibet
961 2044 1099 2109 rusticus
1130 2054 1241 2127 potest
1272 2045 1305 2108 in
1335 2042 1429 2107 coelo
1458 2042 1547 2106 hunc

396 2164 540 2212 errorem
556 2150 784 2233 contemplari.

225 2249 280 2298 The
293 2250 363 2328 ¹¹3⁰ss
441 2249 747 2337 Quantumcunque
769 2275 848 2319 vero
880 2253 1013 2319 brevius
1042 2273 1187 2338 possum,
1217 2255 1364 2338 aperiam
1395 2270 1545 2338 grossam

224 2316 383 2432 ζξιέοέῃοῑ
397 2352 655 2424 declarationem
681 2380 827 2425 errorum
853 2359 1108 2442 praedictorum.
1153 2359 1314 2423 Nostrum
1336 2379 1414 2424 vero
1437 2357 1547 2422 calen-

225 2446 374 2577 gffigffi
396 2457 524 2524 darium
553 2464 646 2543 ponit
671 2462 802 2546 cyclum
826 2463 1162 2528 decemnovennalem
1189 2483 1261 2527 esse
1285 2463 1456 2546 aequalem
1483 2461 1546 2524 xix

223 2578 374 2628 tonheteen
394 2565 488 2628 annis
508 2567 671 2632 solaribus
693 2589 769 2632 cum
791 2578 909 2652 quarta
933 2568 1060 2652 integra
1082 2567 1234 2650 sumptis,
1254 2571 1435 2633 secundum
1455 2567 1547 2650 quod

224 2642 379 2709 ⁸⁰¹²¹ye²¹¹³
394 2668 619 2738 calendarium
643 2675 747 2738 utitur
768 2671 959 2755 hujusmodi
981 2694 1068 2738 anno
1091 2671 1199 2751 solari,
1223 2682 1259 2737 ut
1282 2673 1371 2755 prius
1393 2671 1546 2738 habitum

394 2783 453 2839 est.
501 2777 547 2841 Et
573 2778 628 2842 hic
658 2778 770 2859 cyclus
800 2778 948 2841 continet
978 2777 1164 2842 lunationes
1195 2798 1321 2857 omnes,
1351 2799 1437 2861 quae
1467 2798 1545 2842 con·

393 2880 525 2964 tingunt
557 2882 589 2944 in
621 2882 682 2944 xix
713 2882 807 2944 annis
837 2879 1014 2945 lunaribus.
1069 2881 1116 2946 Et
1145 2892 1381 2965 computantur
1408 2902 1544 2947 ccxxxv

394 2984 472 3066 quia
496 2983 644 3067 quolibet
667 2984 771 3049 lunari
801 3004 899 3058 anno,
925 2985 982 3066 qui
1012 2985 1132 3050 dicitur
1161 2988 1356 3062 communis,
1383 2986 1545 3051 habemus

394 3088 442 3150 xii
471 3088 667 3167 lunationes
690 3099 724 3153 et
747 3088 810 3152 illis
833 3089 988 3152 addimus
1013 3088 1056 3152 vii
1087 3088 1274 3154 lunationes
1295 3092 1329 3153 in
1353 3099 1428 3156 toto
1450 3090 1545 3172 cyclo

393 3194 684 3258 decemnovennali
708 3195 751 3258 ad
774 3194 1047 3259 restaurationem
1070 3193 1268 3273 defectuum,
1298 3194 1355 3276 qui
1385 3195 1539 3259 accidunt

392 3298 439 3361 xii
477 3298 703 3363 lunationibus
733 3307 882 3381 respectu
914 3298 962 3361 xii
993 3298 1155 3362 mensium
1193 3299 1347 3364 solarium
1385 3301 1417 3362 in
1454 3320 1542 3364 anno

393 3401 497 3480 solari,
513 3405 590 3487 quia
612 3424 717 3466 annus
740 3402 861 3467 lunaris
885 3403 1067 3467 consistens
1087 3424 1131 3466 ex
1153 3403 1202 3466 xii
1229 3403 1454 3468 lunationibus
1475 3424 1542 3467 non

392 3504 494 3570 habet
521 3508 583 3571 nisi
614 3507 714 3573 cccliv
739 3508 810 3571 dies
834 3508 989 3589 integros.
1019 3516 1053 3570 et
1080 3505 1197 3571 solaris
1224 3506 1325 3572 habet
1354 3508 1390 3572 xi
1420 3507 1541 3592 plures,

392 3629 469 3673 nam
507 3610 609 3675 habet
642 3611 765 3676 ccclxv.
812 3611 857 3675 Et
888 3612 964 3673 ideo
994 3630 1101 3674 annus
1137 3609 1259 3674 lunaris
1296 3612 1394 3676 citius
1431 3611 1544 3675 finitur

390 3734 490 3796 quam
518 3713 634 3778 solaris
664 3735 723 3796 per
745 3716 780 3779 xi
804 3715 892 3787 dies3
923 3725 955 3778 et
986 3724 1065 3779 tunc
1092 3714 1291 3797 colliguntur
1321 3716 1375 3780 isti
1406 3717 1442 3778 xi
1472 3716 1541 3780 dies

390 3818 545 3899 superflui
576 3839 680 3902 usque
711 3821 754 3884 ad
775 3821 910 3883 tertium
939 3840 1073 3897 annum,
1102 3829 1136 3883 et
1166 3818 1204 3882 fit
1233 3841 1300 3883 una
1330 3821 1458 3885 lunatio
1482 3840 1541 3885 seu

391 3922 512 3985 mensis
536 3922 665 3987 lunaris.
713 3922 758 3986 Et
781 3924 827 3986 sic
851 3924 883 3985 in
907 3924 1005 3987 tertio
1027 3944 1116 3988 anno
1145 3923 1231 4005 cycli
1256 3924 1435 4007 apponitur
1457 3946 1542 3989 unus

390 4024 511 4089 mensis
530 4025 660 4105 lunaris,
676 4037 710 4091 et
724 4036 861 4091 vocatur
882 4026 1098 4091 embolismus
1118 4037 1151 4091 et
1172 4047 1277 4091 annus
1294 4028 1542 4105 embolismalis,

389 4130 422 4193 id
451 4139 510 4207 est,
540 4150 840 4214 superexcrescens,
871 4132 949 4213 quia
979 4129 1081 4196 habet
1112 4131 1171 4194 xiii
1202 4130 1394 4211 lunationes,
1427 4143 1462 4197 et
1492 4132 1539 4195 sic

388 4232 474 4298 ultra
505 4257 564 4319 per
593 4244 703 4300 totum
740 4236 870 4318 cyclum
909 4256 1041 4318 semper
1076 4233 1278 4319 colliguntur
1317 4236 1372 4300 isti
1410 4256 1540 4301 menses

389 4338 641 4417 embolismales,
665 4349 700 4403 ut
732 4339 812 4403 fiant
841 4342 918 4404 anni
948 4339 1203 4417 embolismales,
1232 4351 1396 4424 quatenus
1426 4340 1539 4423 cyclus

387 4524 457 4557 seem
473 4510 543 4571 quite
560 4509 629 4558 clear
639 4511 702 4571 why
716 4510 803 4558 Bacon
821 4510 901 4558 chose
917 4510 962 4558 the
978 4510 1100 4559 numbers
1117 4512 1192 4572 4‚²s⁶
1208 4512 1259 4559 and
1276 4527 1359 4573 7904.
1371 4519 1467 4574 except
1483 4513 1540 4561 that

385 4587 449 4648 they
459 4603 532 4636 were
547 4588 677 4649 multiples
691 4588 721 4636 oi
736 4589 772 4648 7⁶·
808 4587 864 4636 The
883 4603 957 4636 error
972 4588 999 4637 in
1018 4590 1062 4637 the
1079 4588 1135 4638 first
1152 4590 1243 4651 period
1259 4590 1349 4639 would
1367 4590 1399 4639 be
1419 4588 1538 4653 15⁶,1a“,

387 4670 446 4726 57³,
459 4666 509 4726 36⁸,
522 4665 574 4715 and
586 4668 611 4714 ln
624 4666 670 4715 the
680 4666 785 4727 second,
799 4664 852 4723 28¹,
866 4666 991 4729 19“·3⁸'¹¹·
