3575 5375
360 606 420 686 246
582 603 738 664 OPERIS
762 601 952 674 MAJORIS
976 601 1091 660 PARS
1116 600 1300 674 QUARTA.

361 770 510 847 coelesti,
533 778 570 834 ut
594 769 677 832 dicit
698 767 904 832 Messehalac
922 785 1049 849 ponens
1071 764 1263 847 exemplum
1282 763 1326 829 de
1347 773 1512 844 magnete,

361 875 439 958 quia
460 876 565 939 virtus
587 871 659 956 ejus
681 891 749 937 non
781 871 883 936 habet
905 879 1107 954 potestatem
1130 889 1230 952 super
1250 869 1373 933 ferrum
1396 869 1457 931 nisi
1480 870 1513 932 in

362 980 477 1043 debita
498 975 658 1042 distantia
680 986 714 1040 et
737 978 770 1039 in
792 975 864 1040 aliis
888 974 1136 1039 conditionibus
1156 993 1242 1056 quae
1265 973 1446 1058 exiguntur
1467 975 1510 1038 ad

362 1083 593 1148 attractionem
610 1080 705 1145 suerit
720 1082 929 1164 adaptatum.

407 1188 454 1253 Et
484 1189 602 1251 iterum
633 1186 751 1260 sciunt,
781 1185 871 1269 quod
907 1181 1072 1248 ordinatio
1107 1181 1220 1246 divina
1253 1192 1366 1264 potest
1401 1183 1516 1247 omnia

364 1302 492 1357 mutare
515 1293 696 1356 secundum
725 1292 775 1355 sui
793 1289 1011 1364 voluntatem,
1026 1297 1061 1352 et
1081 1297 1217 1371 propter
1239 1288 1303 1351 hoc
1329 1287 1516 1371 adjungunt

363 1415 495 1480 semper
511 1395 543 1458 in
559 1395 626 1459 suis
641 1395 814 1459 sententiis
835 1395 866 1456 in
884 1391 948 1456 fine
968 1391 1033 1455 hoc
1047 1392 1195 1464 verbum,
1211 1393 1301 1473 quod
1320 1393 1387 1455 ‘sic
1402 1393 1472 1463 erit,
1487 1392 1515 1455 si

364 1501 456 1564 Deus
474 1497 637 1563 voluerit.’
685 1497 863 1563 Caeterum
887 1497 1022 1579 ipsimet
1039 1497 1147 1560 sciunt
1176 1504 1210 1559 et
1232 1505 1405 1568 testantur,
1420 1497 1513 1578 quod

364 1606 476 1669 anima
506 1602 675 1668 rationalis
705 1613 817 1687 potest
855 1601 999 1666 multum
1036 1609 1166 1663 mutare
1204 1609 1239 1663 et
1275 1598 1437 1682 impedire
1472 1601 1517 1664 de

363 1708 535 1773 effectibus
557 1707 735 1780 stellarum,
760 1715 797 1770 ut
827 1707 869 1770 de
903 1703 1158 1797 infirmitatibus
1181 1714 1215 1766 et
1245 1704 1287 1767 de
1318 1704 1516 1787 pestilentiis

364 1811 493 1894 frigoris
530 1818 563 1874 et
601 1810 728 1884 caloris,
765 1819 799 1873 et
836 1807 934 1884 same,
971 1818 1006 1872 et
1043 1809 1168 1886 multis,
1202 1809 1385 1872 secundum
1424 1809 1515 1891 quod

367 1915 576 1980 Ptolemaeus
607 1915 639 1977 in
664 1914 854 1996 Centilogio
877 1913 959 1979 dicit
987 1923 1022 1976 et
1047 1914 1155 1978 docet.
1202 1913 1249 1976 Et
1274 1912 1354 1976 Hali
1376 1915 1517 1997 exponit

365 2019 473 2103 ipsum
485 2045 493 2094 ;
535 2029 569 2083 et
601 2019 694 2084 Isaac
726 2020 758 2082 in
790 2019 874 2082 libro
906 2017 1047 2082 febrium
1078 2019 1249 2083 evidenter
1278 2019 1446 2096 ostendit;
1482 2029 1518 2083 et

363 2121 565 2188 Aristoteles
596 2123 628 2186 in
660 2122 743 2187 libro
774 2121 984 2187 Secretomm
1012 2122 1187 2186 confirmat
1215 2132 1250 2186 et
1279 2122 1424 2186 declarat
1453 2123 1518 2188 hoc

365 2228 484 2292 idem·
509 2227 598 2291 Nam
628 2228 763 2310 quando
793 2226 1013 2309 praeviderint
1035 2226 1118 2290 haec
1141 2227 1238 2303 mala,
1259 2238 1399 2311 possunt
1422 2247 1517 2310 prae-

363 2351 481 2416 parare
497 2332 652 2395 remedia.
699 2330 799 2395 Unde
817 2331 898 2395 dicit
920 2330 1021 2407 Isaac,
1037 2332 1129 2412 quod
1145 2339 1231 2394 ‘non
1250 2332 1371 2396 accidit
1393 2333 1516 2396 malum

363 2437 500 2511 homini,
512 2437 573 2500 nisi
589 2435 632 2500 sit
647 2437 804 2500 detentus
821 2436 1008 2520 ignorantia
1019 2436 1176 2500 scientiae
1186 2434 1359 2515 coelestis,'
1374 2448 1407 2501 et
1424 2439 1518 2521 ponit

365 2541 558 2622 exemplum
578 2541 611 2603 in
627 2538 823 2621 pestilentiis
840 2550 874 2604 et
898 2541 931 2603 in
952 2539 1197 2605 infirmitatibus
1216 2551 1251 2607 et
1267 2542 1300 2604 in
1315 2541 1516 2618 voluntariis,

366 2645 397 2706 in
429 2645 549 2727 quibus
580 2645 661 2708 haee
691 2646 828 2709 scientia
858 2656 972 2729 potest
1001 2647 1080 2711 dare
1110 2646 1267 2725 remedia,
1288 2648 1315 2711 si
1347 2647 1515 2731 complete

366 2750 511 2813 sciretur.
558 2748 615 2811 Ex
631 2749 681 2812 his
697 2750 797 2833 igitur
818 2749 1032 2815 manifestum
1048 2760 1107 2825 est,
1124 2752 1216 2832 quod
1239 2751 1428 2834 philosophi
1452 2772 1519 2817 non

366 2860 495 2933 ponunt
511 2863 666 2915 eventum
682 2871 791 2916 rerum
810 2855 1034 2918 inevitabilem
1050 2876 1109 2938 per
1126 2856 1281 2920 coelestia
1304 2857 1338 2919 in
1353 2857 1519 2935 omnibus,

367 2976 426 3021 nec
450 2956 622 3021 infallibile
640 2957 802 3038 judicium
834 2959 868 3022 in
891 2960 1040 3042 singulis,
1062 2961 1122 3023 sed
1145 2962 1326 3025 secundum
1349 2961 1517 3045 possibili·

365 3070 471 3124 tatem
486 3060 584 3143 hujus
600 3062 778 3141 scientiae3
801 3064 980 3148 praecipue
995 3083 1070 3127 cum
1086 3064 1188 3127 etiam
1203 3065 1332 3129 addunt
1348 3068 1437 3148 quod
1453 3066 1522 3131 alia

365 3166 511 3243 scientia,
534 3184 620 3249 quae
642 3168 916 3250 experimentalis
938 3178 1085 3243 vocatur,
1106 3170 1228 3233 certius
1252 3170 1361 3234 adhuc
1389 3169 1519 3251 judicat

365 3289 466 3351 quam
482 3272 685 3335 astronomia
706 3272 851 3354 vulgata.
898 3272 950 3336 Ita
973 3274 1072 3337 docet
1091 3272 1298 3357 Ptolemaeus
1321 3276 1356 3337 in
1370 3275 1455 3340 libro
1478 3276 1521 3339 de

366 3374 595 3455 Dispositione
612 3374 789 3458 Sphaerac‚
806 3388 839 3442 et
857 3387 952 3460 patet
966 3379 1009 3440 de
1028 3378 1090 3440 hac
1106 3378 1139 3440 in
1155 3379 1376 3461 sequentibus.

412 3478 474 3539 His
495 3479 595 3560 igitur
615 3490 648 3544 et
663 3479 853 3563 hujusmodi
875 3481 1051 3565 diligenter
1069 3483 1291 3560 consideratis,
1307 3482 1520 3548 manifestum

366 3582 529 3664 estquod
555 3584 623 3646 veri
651 3585 878 3649 mathematici
906 3597 941 3650 et
970 3588 1152 3651 astronomi
1184 3607 1241 3650 seu
1271 3588 1439 3672 astrologi,
1461 3590 1520 3672 qui

367 3684 556 3768 philosophi
569 3697 655 3765 sunt,
666 3708 731 3751 non
745 3700 874 3773 ponunt
888 3692 1118 3755 necessitatem
1131 3702 1164 3754 et
1175 3690 1346 3756 infallibile
1358 3692 1520 3775 judicium

369 3789 402 3851 in
425 3790 523 3853 rebus
546 3793 814 3875 contingentibus
838 3796 882 3859 de
910 3794 1028 3859 futuro.
1074 3796 1121 3860 Et
1151 3798 1227 3861 ideo
1256 3798 1444 3881 quicunque
1473 3800 1523 3863 eis

369 3894 450 3957 haec
480 3895 673 3973 attribuunt,
696 3900 870 3962 manifeste
900 3900 943 3963 de
970 3901 1154 3983 ignorantia
1184 3900 1415 3985 philosophiae
1441 3924 1521 3967 con-

200 4012 329 4062 u'natrhe
368 3998 551 4077 vincuntur,
574 4009 609 4063 et
630 4002 801 4065 veritatem
825 4004 1005 4086 reprobant
1027 4024 1128 4088 quam
1156 4006 1319 4089 ignorant.
1364 4007 1465 4071 Unde
1487 4008 1522 4072 in

199 4078 356 4193 ἷῇᾚὶξοῃ
370 4103 501 4166 duobus
524 4114 671 4187 peccant,
694 4107 846 4171 videlicet
868 4109 959 4191 quod
981 4128 1126 4193 eaquae
1149 4110 1302 4192 ignorant
1321 4120 1471 4187 tractant,
1487 4124 1523 4177 et

199 4210 319 4259 rhecom-
370 4206 582 4272 nihilominus
602 4210 635 4272 in
656 4211 830 4276 veritatem
853 4212 1095 4295 blasphemant.
1141 4213 1208 4278 Sed
1233 4215 1278 4276 illi
1301 4216 1358 4297 qui
1381 4217 1428 4280 sic
1445 4236 1524 4281 vera

199 4276 334 4391 iamed
370 4321 505 4376 tuentur
520 4323 557 4377 ut
572 4314 653 4377 falsa
669 4316 845 4398 reprobant
861 4319 1085 4382 condemnant
1094 4319 1347 4384 mathematicos
1363 4321 1522 4403 magicos,

200 4415 227 4455 1⁰
239 4408 324 4457 stenar
369 4416 424 4499 qui
459 4438 523 4481 non
556 4418 834 4504 philosophantur
866 4423 925 4486 sed
955 4432 1024 4485 tarn
1054 4423 1284 4506 philosophiae
1312 4444 1413 4506 quam
1444 4424 1524 4490 fidei

201 4472 329 4524 insuesce.
370 4523 608 4601 contradicunt,
631 4525 715 4590 sicut
744 4547 764 4589 a
794 4526 954 4610 principio
976 4538 1103 4591 tactum
1136 4538 1197 4592 est·
1244 4528 1290 4593 Et
1317 4529 1394 4593 id00
1418 4532 1524 4595 ⁵²⁰0st

371 4636 485 4689 contra
511 4626 572 4691 hos
602 4626 703 4693 locuti
733 4641 818 4709 sunt,
841 4640 875 4695 et
906 4650 972 4695 non
998 4642 1113 4696 contra
1135 4652 1229 4696 veros
1259 4632 1524 4698 mathematicos.
