3575 5375
393 631 744 693 MATHEMATICAE
766 635 818 693 IN
840 634 1043 697 PHYSICIS
1071 639 1278 702 UTILITAS.
1352 659 1411 718 117

257 791 375 857 dicitur
404 816 476 859 esse
506 793 695 879 principalis
727 807 863 880 propter
892 798 968 878 hoc,
992 801 1082 882 quod
1113 804 1158 866 ab
1186 803 1261 886 ipso
1289 817 1411 890 agente

255 897 353 962 venit.

300 1004 367 1068 Sed
391 1015 509 1087 quarta
531 1015 582 1070 est
605 1005 711 1087 magis
735 1009 860 1072 mundo
882 1009 1074 1085 necessaria,
1098 1011 1249 1093 quamvis
1270 1016 1534 1081 vocetur'niuused

256 1108 469 1173 accidentalis
499 1109 743 1191 multiplicatio.
787 1111 876 1175 Nam
904 1111 1017 1176 lumen
1043 1115 1248 1181 accidentale
1271 1129 1409 1182 vocatur
1422 1113 1484 1162 ¹²5²

256 1225 407 1297 respectu
435 1213 516 1278 lucis
542 1214 731 1297 principalis
757 1215 920 1280 venientis
945 1239 966 1280 a
990 1238 1034 1294 re,
1059 1220 1218 1301 quoniam
1248 1221 1312 1284 hoc
1342 1243 1409 1285 non

255 1317 345 1381 venit
367 1319 412 1381 ab
433 1326 563 1401 agente,
578 1318 636 1381 sed
660 1339 681 1380 a
703 1318 1033 1401 multiplicationibus
1054 1322 1299 1407 principalibus,
1316 1334 1353 1388 ut
1374 1325 1408 1389 in

256 1421 357 1484 domo
372 1423 461 1486 cadit
483 1441 542 1503 per
561 1421 741 1486 fenestram
760 1421 992 1506 multiplicatio
1013 1427 1203 1509 principalis
1218 1451 1239 1492 a
1253 1428 1332 1506 sole,
1348 1430 1407 1492 sed

256 1527 288 1588 in
304 1526 427 1609 angulo
439 1528 559 1590 domus
571 1526 662 1590 venit
676 1547 696 1590 a
713 1527 807 1591 radio
821 1527 983 1593 fenestrae
999 1529 1059 1593 lux
1070 1532 1293 1595 accidentalis.
1328 1533 1408 1598 Non

256 1642 390 1714 possent
414 1642 526 1694 autern
550 1651 688 1714 corpora
710 1631 900 1695 mortalium
923 1653 1056 1716 semper
1081 1637 1207 1719 exponi
1235 1637 1407 1719 speciebus

255 1735 491 1818 principalibus
516 1735 587 1798 sine
612 1735 662 1798 sui
686 1736 907 1817 corruptione,
932 1748 966 1800 et
990 1737 1067 1803 ideo
1091 1742 1289 1824 temperavit
1314 1740 1408 1806 Deus

254 1839 365 1902 omnia
381 1860 439 1921 per
453 1838 644 1921 hujusmodi
659 1837 786 1921 species
802 1841 1033 1906 accidentales.

299 1943 426 2026 Quinta
442 1963 519 2007 vero
540 1955 592 2008 est
614 1943 723 2006 aliena
745 1943 789 2007 ab
811 1944 892 2022 istis,
907 1965 985 2008 nam
1007 1965 1075 2011 non
1096 1955 1187 2010 tenet
1208 1945 1297 2031 leges
1316 1963 1545 2028 com-Propaga-

255 2069 371 2112 munes
387 2058 534 2123 naturae,
545 2050 604 2112 sed
614 2047 677 2111 sibi
690 2049 833 2112 vindicat
850 2049 1060 2133 privilegium
1077 2052 1230 2134 speciale.
1262 2053 1309 2118 Et
1324 2055 1405 2118 haec
1418 2028 1576 2159 pffigggays

255 2153 486 2235 multiplicatio
509 2172 575 2215 non
596 2151 633 2215 fit
655 2151 715 2215 nisi
739 2153 771 2215 in
793 2154 905 2217 medio
926 2155 1084 2229 animato,
1102 2164 1139 2218 ut
1157 2156 1191 2218 in
1206 2157 1313 2221 nervis
1332 2175 1511 2222 sen-umes·

254 2277 368 2320 suum:
392 2278 468 2321 narn
490 2257 616 2341 species
632 2257 781 2340 sequitur
795 2258 1045 2321 tortuositatem
1066 2259 1166 2335 nervi,
1182 2271 1216 2324 et
1231 2281 1297 2323 non
1312 2271 1406 2325 curat

253 2363 296 2426 de
311 2362 440 2426 incessu
456 2373 555 2438 recto,
573 2371 608 2425 et
627 2361 691 2424 hoc
710 2360 748 2424 fit
766 2383 826 2445 per
840 2361 998 2424 virtutem
1013 2364 1143 2426 animae
1161 2363 1342 2446 regulantis
1356 2365 1406 2428 in-

253 2486 381 2530 cessum
402 2467 532 2548 speciei,
547 2464 728 2529 secundum
744 2466 835 2548 quod
851 2487 953 2548 opera
972 2465 1018 2530 rei
1039 2468 1206 2532 animatae
1227 2467 1406 2552 requirunt.

254 2569 308 2634 De
329 2572 392 2635 hac
414 2571 446 2634 in
470 2569 684 2654 perspectivis
703 2571 899 2634 veritatibus
920 2570 1046 2654 aliquid
1070 2572 1207 2638 dicetur.
1252 2572 1407 2655 Quatuor

252 2675 377 2761 primae
407 2684 484 2739 sunt
510 2695 702 2739 communes
732 2675 829 2739 rebus
856 2676 972 2740 mundi
1003 2675 1200 2753 inanimatis,
1226 2679 1404 2743 secundum

252 2801 335 2863 quas
362 2788 479 2844 natura
503 2778 687 2843 delectatur
715 2779 864 2862 operari;
894 2780 1013 2863 quinta
1035 2782 1079 2844 ad
1104 2802 1237 2846 sensum
1260 2784 1406 2847 noscitur

253 2885 422 2968 pertinere.

669 3148 897 3215 cananum
923 3149 988 3215 111.

297 3320 335 3383 In
351 3339 419 3402 quo
435 3319 532 3383 datur
551 3318 783 3401 multiplicatio
799 3319 983 3382 secundum
999 3316 1134 3399 figuras.

297 3514 427 3580 Deinde
457 3512 731 3579 considerandum
762 3522 823 3593 est,
855 3533 924 3596 quo
956 3514 1058 3577 modo
1082 3509 1140 3576 fiat
1170 3511 1401 3595 multiplicatio
1414 3527 1544 3579 Fromthe

251 3621 433 3685 secundum
445 3617 577 3701 figuras.
605 3619 651 3683 Et
660 3628 791 3702 oportet
803 3619 894 3702 quod
905 3617 1139 3702 multiplicatio
1151 3616 1209 3680 fiat
1219 3618 1399 3700 sphaerice.
1413 3595 1566 3724 {ffifi's‘ffi

253 3723 341 3788 Nam
354 3745 457 3808 agens
470 3724 667 3808 multiplicat
682 3744 718 3787 se
728 3722 948 3805 aequabiliter
957 3722 990 3785 in
1002 3742 1136 3786 omnem
1152 3731 1293 3804 partem,
1303 3733 1337 3787 et
1348 3744 1400 3787 se·
1412 3742 1485 3803 ‘terr
1493 3794 1498 3801 ,

252 3830 397 3892 cundum
411 3849 527 3893 omnes
537 3828 726 3905 diametros,
736 3837 769 3891 et
779 3848 894 3891 omnes
907 3824 1111 3892 differentias
1123 3827 1306 3910 positionis,
1315 3848 1402 3910 quae
1413 3790 1542 3842 directron.

251 3944 327 3997 sunt
349 3954 489 4011 sursum,
512 3934 677 4013 deorsum,
694 3941 781 4007 ante,
804 3942 904 4011 retro,
924 3933 1145 4006 dextrorsum,
1169 3932 1402 3997 sinistrorsum.

253 4036 346 4120 Ergo
373 4038 521 4119 undique
550 4046 676 4100 exeunt
706 4036 812 4099 lineae
839 4036 871 4099 in
899 4056 1033 4100 omnem
1061 4045 1191 4117 partem
1216 4036 1258 4098 ab
1281 4045 1404 4119 agente

251 4150 410 4223 tanquam
427 4162 447 4204 a
470 4152 603 4214 centr03
627 4140 685 4203 sed
702 4139 807 4203 lineae
823 4139 970 4221 undique
990 4148 1153 4202 exeuntes
1172 4140 1217 4202 ab
1238 4158 1304 4203 uno
1325 4139 1402 4205 loco

251 4266 316 4310 non
328 4255 468 4328 possunt
482 4244 657 4322 terminari,
672 4244 735 4307 nisi
750 4244 793 4306 ad
809 4241 1017 4325 superficiem
1034 4262 1214 4307 concavam
1230 4244 1401 4325 sphaerae.

252 4350 298 4413 Et
309 4352 373 4415 hoc
384 4360 486 4433 patet,
495 4349 573 4433 quia
587 4348 703 4413 oculus
715 4367 782 4411 non
795 4347 887 4411 videt
902 4347 964 4411 nisi
978 4367 1036 4430 per
1047 4347 1191 4430 speciem
1205 4347 1401 4426 venientem,

251 4455 308 4519 sed
325 4457 353 4519 si
368 4454 482 4518 infiniti
495 4454 581 4518 oculi
593 4463 794 4536 ponerentur
806 4453 962 4534 undique,
972 4471 1087 4514 omnes
1098 4452 1248 4514 viderent
1260 4451 1400 4515 eandem

249 4579 344 4635 rem3
366 4580 445 4643 ergo
461 4580 520 4641 per
536 4558 681 4621 infinitas
696 4557 799 4621 lineas
823 4556 896 4620 exit
912 4556 1057 4640 species:
1081 4555 1141 4619 sed
1163 4552 1311 4619 infinitae
1334 4574 1402 4619 non

251 4664 468 4728 terminantur
483 4663 545 4729 nisi
561 4664 606 4727 ad
625 4660 835 4747 superficiem
851 4660 1071 4746 sphaericam.
1116 4658 1152 4722 Si
1169 4679 1248 4724 vero
1263 4660 1403 4736 dicatur,
