3575 5375
403 633 753 696 Mnrnsunrrcns
778 638 828 694 nv
852 637 1021 696 olvnvrs
1048 636 1255 696 urrurrns.
1351 651 1407 711 177

253 808 414 864 tractatus
458 820 536 864 suos
572 801 615 865 de
652 800 805 864 omnibus
845 799 918 863 istis
959 810 1103 882 quatuor
1140 806 1406 882 composuerunt.

256 903 462 985 Augustinus
495 903 596 966 etiam
630 904 672 967 de
706 904 850 967 numeris
887 913 922 967 et
959 903 1084 967 musica
1119 902 1221 966 libros
1259 905 1406 968 diversos

255 1007 472 1090 conscripsit;
505 1007 735 1089 Hieronymus
766 1008 799 1070 in
829 1007 920 1070 libris
950 1007 1097 1081 diversis,
1126 1017 1160 1071 et
1192 1006 1332 1072 Orosius
1361 1007 1405 1070 ad

254 1110 490 1194 Augustinum.
508 1121 541 1176 et
567 1112 731 1175 Eusebius
751 1113 794 1176 de
810 1113 925 1176 mundi
946 1111 1035 1189 locis,
1050 1132 1190 1194 quorum
1214 1112 1407 1177 certificatio

254 1218 378 1280 eruitur
393 1238 436 1281 ex
453 1216 599 1281 sontibus
614 1217 846 1289 astronomiae,
861 1217 947 1280 sicut
961 1227 1088 1280 certum
1104 1227 1163 1293 est,
1181 1228 1215 1281 et
1235 1218 1408 1300 sequeutia

254 1321 478 1385 declarabunt.
525 1323 617 1385 Beda
635 1322 678 1384 de
689 1342 785 1386 cursu
798 1321 878 1387 solis
888 1332 923 1384 et
938 1321 1045 1399 lunae,
1058 1332 1091 1385 et
1106 1324 1149 1385 de
1159 1332 1233 1386 tota
1248 1323 1407 1406 temporis

255 1427 457 1504 diversitate,
486 1435 587 1507 atque
618 1426 780 1509 Origenes
806 1436 840 1489 et
864 1426 1037 1502 Eusebius,
1067 1446 1153 1507 quae
1184 1426 1407 1490 astronomiae

255 1529 424 1610 subjacere
440 1540 629 1594 noscuntur.
677 1531 755 1594 Non
772 1531 879 1594 solum
895 1551 974 1595 vero
989 1531 1033 1594 de
1053 1529 1105 1594 his
1125 1531 1334 1613 scripserunt,
1349 1531 1408 1594 sed

255 1643 288 1696 et
310 1634 447 1698 idoneos
467 1635 650 1699 docuerunt
669 1635 759 1704 haec,
776 1644 812 1697 ut
836 1644 947 1698 essent
971 1635 1058 1698 acuti
1081 1644 1196 1698 contra
1216 1634 1407 1710 haereticos,

255 1739 340 1802 sicut
352 1749 445 1821 patet
457 1759 516 1820 per
528 1738 763 1802 Cassiodorum
780 1739 812 1801 in
826 1737 1061 1802 mathematica
1076 1749 1175 1802 sexto
1191 1737 1275 1802 libro
1292 1739 1408 1803 Eccle-

256 1842 406 1906 siasticae
428 1842 614 1917 Historiae,
637 1843 738 1907 etiam
763 1851 872 1923 partes
894 1841 1098 1924 geometriae
1121 1854 1155 1906 et
1177 1841 1407 1906 arithmeticae

256 1946 459 2028 disciplinae,
477 1957 514 2010 ut
529 1947 653 2010 ibidem
670 1946 799 2024 dicitur,
814 1965 900 2029 quae
917 1946 1020 2028 magis
1035 1968 1055 2009 a
1071 1947 1190 2009 divinis
1210 1947 1409 2029 elongantur

256 2071 358 2133 quam
370 2051 592 2115 astronomica
603 2061 637 2113 et
650 2050 829 2114 musicalia.
865 2048 933 2114 Sed
945 2070 1011 2112 non
1023 2060 1154 2114 tautum
1165 2061 1409 2134 occupaverunt

256 2175 291 2218 se
314 2157 489 2219 scribendo
510 2167 544 2219 et
566 2155 649 2219 alios
671 2156 833 2231 docendo,
851 2155 919 2217 imo
941 2156 1097 2218 veritates
1120 2155 1324 2238 theologicas
1346 2176 1405 2238 per

257 2259 414 2322 virtutem
438 2260 554 2322 harum
578 2261 788 2322 scientiarum
811 2269 1061 2340 exposuerunt3
1090 2260 1176 2322 sicut
1207 2280 1265 2343 per
1294 2260 1408 2322 omnia

260 2363 433 2444 originalia
458 2374 646 2427 sanctorum
674 2364 744 2426 sine
769 2363 1029 2428 contradictione
1054 2363 1265 2427 manifestum
1290 2371 1349 2438 est,
1371 2371 1410 2427 ut

259 2467 427 2530 evidenter
442 2476 534 2548 patet
550 2469 582 2530 in
600 2468 745 2530 numeris
761 2479 794 2531 et
810 2467 889 2530 locis
912 2467 1027 2529 mundi
1042 2474 1076 2530 et
1090 2467 1189 2530 rebus
1212 2466 1410 2530 coelestibus

260 2579 295 2633 et
319 2568 392 2633 aliis
415 2589 500 2652 quae
530 2572 572 2635 ad
603 2572 708 2635 dictas
738 2572 890 2635 scientias
920 2570 1085 2654 pertinere
1114 2580 1303 2648 noscuntur,
1327 2571 1411 2634 sicut

259 2673 385 2758 patebit
402 2673 542 2740 inferius.

305 2778 372 2844 Sed
398 2800 466 2844 non
485 2781 592 2844 solum
616 2781 660 2844 sic
681 2792 909 2864 exposuerunt
929 2802 1023 2847 sacra
1042 2783 1086 2844 de
1106 2779 1205 2853 sacto,
1225 2780 1284 2843 sed
1311 2780 1412 2843 verbo

260 2895 410 2949 asserunt
426 2885 486 2949 has
501 2886 656 2949 scientias
671 2906 730 2968 per
745 2907 878 2951 omnem
897 2888 1032 2950 modum
1045 2885 1154 2948 valere
1171 2885 1268 2948 rebus
1280 2884 1411 2962 divinis,

261 2996 294 3051 et
310 3008 410 3072 super
432 2990 516 3054 alias
536 2990 691 3054 scientias
715 2990 880 3055 extollunt
906 2990 938 3052 iu
961 2988 1024 3051 hac
1044 2999 1147 3072 parte.
1194 2988 1411 3052 Cassiodorus
1424 2996 1525 3047 Cassio

260 3092 393 3174 quidem
418 3092 451 3155 in
481 3094 686 3174 praelatione
715 3095 758 3156 de
788 3094 912 3155 artibus
940 3103 975 3155 et
1005 3092 1187 3173 disciplinis
1215 3090 1411 3154 secularium
1425 3063 1508 3112 ⁶⁰⁸¹*

260 3196 446 3260 studiorum
456 3198 503 3259 sic
515 3197 571 3274 ait,
583 3202 590 3227 ⁴
602 3196 873 3259 Mathematicam
886 3194 1008 3257 Latino
1019 3214 1174 3256 sermone
1184 3192 1412 3256 Doctrinalem

261 3319 438 3382 possumus
454 3300 631 3382 appellare,
643 3318 711 3379 quo
727 3297 859 3359 nomine
875 3296 951 3361 licet
967 3298 1079 3360 omnia
1094 3297 1290 3361 doctrinalia
1305 3297 1413 3360 dicere

260 3402 431 3466 valeamus
453 3420 669 3484 quaecunque
698 3402 868 3477 docentur,
890 3401 972 3466 haec
1002 3412 1113 3465 tamen
1143 3401 1206 3464 sibi
1237 3420 1414 3465 commune

259 3505 458 3571 vocabulum
476 3513 610 3589 propter
624 3505 674 3567 sui
687 3504 917 3567 excellentiam
934 3506 1063 3589 proprie
1079 3502 1273 3569 vindicavit’
1320 3504 1366 3569 Et
1381 3506 1413 3567 in

261 3620 404 3673 tractatu
442 3608 698 3673 mathematicae
734 3608 781 3673 sic
819 3609 877 3685 ait,
915 3609 1167 3693 ‘Disciplinales
1204 3619 1291 3686 sunt,
1327 3630 1414 3692 quae

261 3732 430 3796 nunquam
461 3714 673 3796 opinionibus
703 3715 862 3795 deceptae
893 3712 1023 3793 fallunt,
1045 3724 1079 3777 et
1101 3715 1177 3777 ideo
1199 3716 1258 3777 tali
1282 3715 1416 3779 nomine

262 3829 502 3903 nuncupantur.
550 3817 623 3881 Has
653 3818 733 3881 dum
765 3817 928 3900 frequenti
959 3820 1176 3884 meditatione
1205 3819 1414 3896 revolvimus,

261 3944 395 3986 sensum
422 3936 572 3987 nostrum
598 3934 731 3999 acuunt,
755 3922 937 4007 limumque
960 3923 1165 4007 ignorantiae
1187 3925 1358 4009 detegunt,
1381 3933 1414 3988 et

262 4027 305 4090 ad
330 4026 419 4090 illam
450 4027 687 4111 speculativam
718 4027 1043 4109 contemplationem,
1066 4027 1214 4092 Domino
1245 4029 1416 4112 largiente,

262 4133 466 4215 perducunt3
496 4152 579 4214 quas
602 4133 721 4194 merito
744 4131 849 4195 sancti
878 4140 992 4213 patres
1014 4131 1173 4213 legendas
1203 4136 1416 4213 persuadent,

262 4235 420 4317 quoniam
436 4256 480 4298 ex
496 4255 616 4318 magua
631 4247 726 4317 parte
743 4256 800 4317 per
814 4254 871 4299 eas
886 4256 907 4297 a
922 4234 1106 4299 carnalibus
1128 4237 1227 4300 rebus
1247 4237 1416 4319 appetitus

261 4340 469 4412 abstrahitur,
487 4351 520 4404 et
543 4340 667 4403 iaciunt
689 4339 883 4415 desiderare,
898 4358 984 4423 quae
999 4337 1070 4403 solo
1087 4339 1236 4403 Domino
1256 4339 1417 4422 largiente

262 4445 363 4510 corde
373 4464 549 4527 possumus
560 4444 731 4524 respicere.
778 4442 916 4527 Duplex
927 4443 1060 4525 quidem
1071 4463 1148 4527 pars
1161 4443 1418 4507 mathematicae

262 4558 332 4613 tarn
356 4568 375 4611 a
398 4548 521 4611 sanctis
545 4568 646 4629 quarn
669 4569 690 4612 a
712 4546 919 4629 philosophis
949 4546 1030 4628 ipsis
1059 4548 1204 4610 numeris
1226 4546 1421 4610 attribuitur·

263 4650 399 4735 vulgato
415 4672 576 4730 sermone,
592 4650 744 4715 videlicet
760 4651 970 4716 arithmetica
985 4651 1028 4713 de
1044 4651 1189 4713 numeris
1208 4648 1368 4727 absolute,
1384 4659 1419 4713 et

307 4768 391 4819 VOL.
416 4769 439 4819 1.
833 4768 859 4819 N
