3575 5375
588 651 850 710 LINGUARUM
875 651 1003 710 COGNI
1007 653 1033 710 Τ
1029 652 1084 711 10.
1370 652 1411 733 85

261 812 409 895 ejusdem
421 813 486 878 sint
497 814 649 878 vocabuli
661 814 814 891 Hebraei,
827 836 901 880 cum
913 826 1027 880 tamen
1045 814 1211 899 quaelibet
1226 817 1269 880 sit
1282 817 1412 897 diversi,

262 938 302 981 eo
318 918 408 1001 quod
423 917 621 983 vocabulum
636 917 828 982 Hebraeum
845 921 933 1002 apud
948 940 1008 983 nos
1025 919 1111 984 male
1120 921 1364 985 consideratum
1377 922 1411 985 in

261 1023 421 1106 scriptura
436 1043 502 1086 una
516 1022 618 1086 habet
632 1024 776 1087 diversas
788 1023 899 1088 literas
911 1025 1002 1107 apud
1017 1024 1200 1102 Hebraeos,
1213 1046 1312 1107 penes
1328 1047 1412 1108 quos

261 1128 384 1210 recepit
400 1128 546 1191 diversas
561 1128 858 1210 interpretationes,
873 1130 1055 1193 secundum
1078 1130 1167 1211 quod
1187 1129 1413 1212 Hieronymus

261 1232 357 1314 ponit
371 1230 562 1314 exemplum
580 1232 613 1295 in
628 1232 772 1315 epistola
787 1233 829 1296 de
844 1232 1077 1297 mansionibus.
1124 1232 1214 1297 Nam
1233 1244 1364 1315 oportet
1385 1233 1412 1297 si

260 1356 302 1398 ar
317 1336 477 1399 scribatur
490 1356 550 1418 per
565 1335 665 1418 aleph,
675 1334 837 1419 significat
849 1336 959 1400 lumen
971 1362 978 1413 ;
999 1336 1026 1399 si
1040 1356 1099 1418 per
1111 1337 1177 1413 ain,
1188 1336 1367 1414 inirm'cum,
1383 1337 1411 1400 si

261 1461 320 1523 per
333 1438 419 1515 heth,
426 1439 583 1521 foramen
596 1463 603 1519 ;
626 1462 685 1523 per
700 1440 747 1518 lte,
760 1450 900 1505 montem
913 1463 920 1519 ;
944 1441 1025 1506 dicit
1040 1441 1140 1525 igitur
1151 1442 1241 1523 quod
1255 1440 1411 1504 vicesimo

261 1542 484 1608 Numerorum
500 1544 637 1625 quidam
654 1544 860 1627 interpretati
876 1555 954 1611 sunt
969 1544 1020 1608 his
1037 1544 1145 1609 modis
1165 1557 1328 1628 quatuor;
1351 1545 1410 1609 sed

260 1648 433 1730 opiniones
455 1660 523 1713 tres
545 1650 692 1729 destruit,
708 1650 786 1733 quia
806 1652 838 1714 in
856 1650 1014 1715 Hebraeo
1032 1650 1184 1715 scribitur
1206 1650 1259 1713 hic
1283 1671 1342 1733 per
1364 1649 1412 1729 ln,

261 1763 296 1817 et
321 1753 398 1817 ideo
422 1752 531 1818 solum
557 1764 696 1818 montem
721 1754 754 1817 in
779 1754 843 1818 hoc
865 1755 940 1819 loco
962 1756 1125 1837 designat.
1173 1753 1239 1819 Sed
1261 1754 1295 1818 in
1320 1774 1413 1838 prae·

261 1858 404 1922 dicando
434 1867 468 1922 et
502 1858 644 1941 legendo
674 1858 822 1943 theologi
853 1868 1023 1923 recurrunt
1050 1860 1094 1923 ad
1124 1880 1242 1923 omnes
1272 1870 1414 1941 quatuor

261 1962 488 2044 expositiones
504 1962 537 2025 in
557 1963 622 2027 hoc
643 1961 816 2041 vocabulo,
832 1974 866 2027 et
886 1962 935 2027 sic
955 1963 1050 2043 alias,
1064 1962 1165 2047 igitur
1186 1962 1415 2046 multipliciter

261 2077 380 2132 errant.

306 2172 369 2234 Est
384 2170 501 2235 ultima
517 2172 603 2235 ratio
625 2170 806 2236 scientialis
825 2172 867 2235 de
888 2172 1085 2236 necessitate
1105 2172 1302 2253 linguarum,
1319 2173 1410 2253 quod
1424 2188 1497 2238 latin

262 2274 486 2340 Grammatica
515 2276 548 2338 in
579 2276 693 2359 lingua
725 2276 920 2339 Latinorum
950 2285 1057 2340 tracta
1086 2285 1137 2339 est
1167 2298 1188 2339 a
1218 2275 1346 2341 Graeco
1376 2283 1410 2338 et
1422 2270 1548 2371 {ffiff

262 2380 428 2444 Hebraeo.
475 2381 563 2443 Nam
586 2379 713 2444 litteras
735 2380 923 2463 accepimus
944 2401 965 2443 a
983 2379 1128 2456 Graecis,
1144 2389 1180 2443 ut
1202 2380 1299 2443 docet
1323 2378 1409 2443 Pris-
1423 2387 1517 2436 formed
1530 2402 1563 2436 on

261 2486 382 2561 cianus,
397 2484 452 2547 et¹
470 2494 575 2548 totam
592 2484 755 2548 rationem
778 2485 945 2548 tractandi
968 2495 1080 2569 partes
1095 2504 1212 2548 omnes
1228 2484 1411 2549 Priscianus
1424 2452 1561 2568 {2⁶43ssng

261 2592 387 2672 accepit
402 2609 422 2652 a
439 2588 575 2654 Graecis
590 2598 625 2652 et
641 2589 755 2652 miscet
772 2587 937 2651 Graecum
955 2590 988 2652 in
1006 2589 1110 2654 multa
1129 2589 1333 2654 abundantia
1353 2609 1413 2671 per
1424 2584 1472 2633 ²¹¹⁶

261 2713 377 2758 omnes
392 2693 492 2758 libros
506 2715 594 2759 suos.
642 2694 688 2757 Et
706 2694 779 2775 ipsa
793 2694 956 2758 vocabula
976 2694 1109 2780 linguae
1128 2694 1276 2774 Latinae,
1292 2704 1326 2758 et
1342 2704 1412 2759 tam
1426 2649 1544 2701 Hebrew.

261 2797 449 2880 theologica
478 2819 578 2882 quam
606 2798 844 2880 philosophica,
868 2799 913 2861 ab
941 2798 1057 2862 alienis
1085 2798 1204 2883 linguis
1231 2820 1292 2882 pro
1319 2808 1414 2882 parte

262 2903 410 2966 maxima
425 2913 501 2967 sunt
517 2903 690 2978 transfusa,
699 2923 842 2985 quorum
857 2903 970 2985 aliqua
985 2905 1194 2989 suspicantur
1210 2903 1323 2968 Latini
1340 2923 1414 2968 esse

261 3008 394 3072 alterius
419 3008 571 3090 linguae3
602 3017 637 3070 et
662 3007 704 3071 de
728 3007 895 3089 aliquibus
919 3028 986 3070 non
1015 3009 1227 3072 considerant
1256 3008 1346 3091 quod
1369 3008 1413 3071 ab

260 3113 369 3177 aliena
390 3113 504 3195 lingua
523 3112 734 3176 descendunt
782 3111 890 3176 Multa
908 3134 987 3176 vero
1005 3114 1221 3176 aestimantur
1236 3113 1325 3194 quod
1347 3113 1413 3176 sint

261 3220 391 3302 penitus
422 3216 553 3294 Latina,
579 3235 656 3279 cum
684 3226 799 3279 tamen
830 3216 898 3280 sint
927 3215 1061 3292 Graeca,
1088 3216 1140 3280 vel
1170 3215 1334 3289 Hebraea,
1360 3215 1412 3278 vel

262 3322 442 3399 Chaldaea,
453 3342 511 3384 seu
529 3321 683 3392 Arabica,
700 3320 868 3402 inquibus
887 3332 957 3384 tam
975 3322 1006 3384 in
1023 3321 1296 3402 pronunciatione
1311 3339 1412 3402 quam

260 3427 293 3491 in
314 3427 475 3509 scriptura
495 3436 530 3489 et
548 3445 645 3489 sensu
666 3424 785 3489 accidit
805 3425 985 3508 multiplex
1007 3444 1096 3487 error
1114 3423 1329 3498 Latinorum
1352 3442 1413 3487 nec

260 3541 311 3596 est
328 3531 495 3595 modicum
511 3549 618 3592 errare
634 3529 667 3591 in
682 3527 862 3605 vocabulis,
872 3527 951 3611 quia
964 3549 1023 3612 per
1035 3547 1239 3610 consequens
1250 3526 1414 3591 errabitur

260 3635 294 3699 in
322 3635 537 3713 orationibus,
563 3632 684 3698 deinde
710 3633 743 3696 in
771 3633 984 3717 argumentis,
1008 3633 1142 3696 tandem
1179 3632 1213 3695 in
1243 3631 1295 3695 his
1327 3651 1413 3715 quae

260 3740 478 3805 aestimantur
508 3738 661 3802 concludi
672 3735 695 3798 ².
743 3737 833 3800 Nam
864 3737 1066 3801 Aristoteles
1103 3737 1185 3800 dicit
1215 3738 1307 3817 quod
1338 3737 1411 3819 ‘qui

261 3845 433 3910 nominum
457 3842 563 3928 ignari
585 3852 675 3921 sunt,
689 3862 788 3925 saepe
810 3841 1095 3926 paralogizantur!
1141 3841 1186 3904 Et
1211 3841 1354 3924 primum
1377 3849 1412 3904 et

260 3950 442 4035 principale
457 3949 707 4013 fundamentum
729 3948 899 4012 doctrinae
920 3947 1015 4028 ponit
1033 3946 1193 4011 Boethius
1215 3947 1248 4008 in
1270 3955 1361 4010 certa
1379 3957 1413 4010 et

261 4057 388 4139 integra
402 4055 590 4136 cognitione
610 4052 836 4130 terminorum,
852 4052 938 4117 sicut
961 4051 1060 4116 docet
1084 4052 1117 4114 in
1141 4051 1226 4116 libro
1250 4053 1293 4115 de
1315 4051 1414 4115 disci-

260 4161 352 4245 plina
366 4158 579 4234 scholarium,
589 4167 690 4239 atque
705 4176 765 4219 nos
780 4156 972 4237 experimur
986 4156 1048 4220 hoc
1061 4156 1094 4218 in
1106 4155 1243 4236 singulis
1254 4155 1410 4222 scientiis.

263 4265 351 4329 Nam
374 4262 567 4346 principalis
589 4259 791 4324 difficultas³
812 4270 845 4323 et
869 4259 994 4323 utilitas
1017 4271 1075 4338 est,
1091 4261 1181 4342 quod
1201 4260 1304 4322 homo
1326 4259 1411 4323 sciat

261 4367 444 4451 intelligere
470 4366 631 4431 vocabula
661 4384 747 4447 quae
772 4364 926 4428 dicuntur
952 4364 984 4428 in
1010 4364 1149 4429 scientia
1175 4374 1208 4429 et
1234 4363 1411 4447 prudenter

456 4537 465 4566 ¹
481 4537 538 4586 The
550 4537 685 4600 following
700 4537 742 4586 six
753 4537 820 4586 lines
828 4536 947 4599 supplied
958 4537 994 4599 by
1004 4536 1065 4600 Jul,
1080 4550 1130 4584 orn.
1143 4535 1168 4582 in
1181 4533 1214 4584 Ο.

456 4611 466 4641 ¹
482 4613 538 4660 The
551 4614 599 4662 last
610 4612 652 4662 six
663 4613 752 4661 words
762 4627 813 4662 om.
824 4611 851 4660 in
863 4611 896 4661 0.

457 4691 467 4721 ³
483 4692 620 4742 difficultas
630 4699 657 4740 et
669 4707 719 4741 orn.
732 4691 758 4739 in
770 4690 803 4742 Ο.
