3575 5375
407 594 468 672 356
629 595 784 655 OPERIS
808 595 998 665 MAJORIS
1022 595 1139 655 PARS
1162 593 1349 668 QUARTA.

407 755 497 842 quod
518 768 568 823 est
591 759 676 824 inter
698 757 829 824 ltaliam
845 769 878 824 et
896 759 1070 826 Graeciam
1087 771 1120 826 et
1136 759 1352 825 Antiochiam
1367 766 1402 822 et
1417 755 1563 839 Aegyp-

406 873 490 930 tum.
523 855 594 929 'Ab
619 864 746 929 oriente
772 863 875 929 habet
902 866 1092 951 Phrygiam.
1147 867 1248 945 Nam,
1271 876 1308 932 ut
1330 864 1411 929 dicit
1435 862 1563 926 Plinius

406 969 581 1046 curialiter,
602 969 746 1054 Phrygia
761 968 899 1036 Troiadi
915 971 1100 1054 superjecta
1114 969 1364 1054 septentrionali
1380 988 1442 1032 sua
1465 973 1563 1051 parte

407 1072 559 1137 Galatiae
575 1074 731 1137 continua
747 1082 806 1148 est,
820 1075 1003 1141 meridiana
1019 1075 1220 1158 Lycaoniae,
1232 1074 1276 1139 ab
1287 1075 1414 1139 oriente
1426 1070 1562 1154 Cappa·

406 1177 537 1241 dociam
551 1176 661 1253 habet,
674 1187 708 1242 et
724 1177 802 1243 dicit
814 1180 904 1260 quod
918 1179 1028 1262 Lydia
1041 1181 1207 1264 Phrygiae
1217 1201 1261 1244 ex
1274 1189 1349 1244 ortu
1362 1176 1441 1243 solis
1453 1175 1561 1238 vicina

406 1292 466 1358 est,
488 1282 577 1345 unde
599 1279 661 1346 luit
684 1281 826 1346 Croesus
853 1284 1036 1350 ditissimus
1062 1306 1122 1349 rex
1147 1285 1331 1366 Lydorum.
1381 1279 1560 1345 Brachium

405 1405 484 1450 vero
502 1386 605 1450 sancti
626 1385 760 1468 Georgii
779 1397 829 1453 est
852 1389 1004 1453 strictum
1027 1390 1169 1454 multum
1192 1399 1226 1452 et
1248 1387 1351 1452 habet
1368 1383 1560 1450 Constanti·

405 1491 553 1575 nopolim
571 1492 614 1555 ab
629 1492 800 1557 occidente
823 1493 856 1557 in
880 1494 1029 1577 Europa,
1044 1505 1078 1559 et
1094 1493 1287 1558 extenditur
1301 1513 1321 1556 a
1338 1491 1420 1555 mari
1436 1508 1559 1572 magno

405 1596 496 1677 quod
520 1605 570 1658 est
593 1595 679 1659 inter
692 1595 811 1661 Asiam
838 1607 872 1661 et
886 1598 1096 1682 Aegyptum,
1124 1597 1255 1680 Syriam
1279 1607 1314 1660 et
1337 1594 1480 1669 Italiam,
1495 1593 1558 1655 cir-

406 1697 489 1762 citer
514 1709 647 1763 centum
670 1699 781 1764 leucas
803 1721 917 1765 versus
939 1701 1129 1784 aquilonem
1152 1721 1257 1785 usque
1283 1700 1326 1763 ad
1350 1698 1442 1763 aliud
1467 1716 1559 1760 mare

405 1803 495 1884 quod
511 1812 648 1866 vocatur
666 1803 848 1882 Ponticum,
864 1816 898 1869 et
914 1827 1006 1871 mare
1021 1808 1139 1890 majus.
1179 1807 1225 1870 Et
1241 1805 1330 1870 istud
1350 1821 1440 1866 mare
1454 1801 1558 1866 habet

404 1905 545 1971 formam
561 1928 655 1974 arcus
672 1906 830 1990 Scythici,
847 1909 968 1975 multas
984 1912 1135 1994 regiones
1150 1908 1391 1974 disterminans.

403 2049 406 2054 ·
450 2011 552 2079 Unde
574 2013 627 2076 hic
651 2013 813 2095 incipiunt
835 2015 985 2097 regiones
1007 2015 1225 2097 aquilonares,
1240 2013 1284 2077 de
1307 2013 1427 2095 quibus
1450 2009 1557 2093 philo-

406 2117 503 2202 sophi
534 2117 704 2183 meridiani
736 2139 852 2201 parum
885 2121 1059 2194 sciverunt,
1083 2121 1266 2184 secundum
1296 2119 1385 2202 quod
1417 2116 1558 2180 Ethicus

405 2233 617 2287 astronomus
639 2223 736 2287 refert
756 2223 788 2286 in
809 2243 870 2287 suo
892 2224 995 2301 libr03
1017 2223 1153 2289 sedhic
1175 2222 1418 2306 perambulavit
1440 2239 1558 2285 omnen

405 2325 466 2392 has
482 2328 641 2409 regiones,
660 2337 693 2391 et
710 2347 800 2390 mare
815 2347 976 2392 oceanum
992 2328 1250 2413 septentrionale
1264 2347 1339 2393 cum
1356 2325 1470 2390 insulis
1488 2323 1556 2387 suis

406 2431 582 2514 navigavit.
626 2431 715 2496 Volo
736 2431 836 2514 igitur
851 2432 958 2516 ipsum
977 2432 1078 2515 sequi,
1094 2442 1128 2497 et
1150 2431 1366 2496 nihilominus
1387 2429 1489 2494 libros
1511 2428 1556 2491 de

405 2537 550 2600 moribus
566 2536 788 2612 Tartarorum,
804 2545 838 2600 et
853 2537 1030 2621 praecipue
1044 2536 1177 2599 fratrem
1190 2534 1407 2599 Willielmum
1420 2533 1443 2612 ¹,
1454 2552 1556 2616 quern

406 2639 570 2706 Dominus
585 2661 645 2705 rex
662 2641 830 2719 Franciae‚
846 2640 1046 2715 Lodovicus‚
1063 2641 1096 2704 in
1112 2638 1210 2725 Syria
1229 2640 1376 2707 existens
1399 2638 1489 2703 misit
1511 2636 1555 2702 ad

401 2754 524 2810 terram
549 2745 764 2810 Tartarorum
791 2766 880 2810 anno
914 2746 1052 2810 Domini
1085 2764 1179 2830 1253,
1209 2747 1266 2830 qui
1297 2743 1396 2810 frater
1421 2742 1553 2826 scripsit

402 2848 550 2914 Domino
566 2850 634 2932 regi
649 2850 750 2913 situm
765 2850 937 2932 regionum
954 2860 988 2915 et
1004 2851 1154 2914 marium.

231 2968 287 3087 {¹¹⁶
300 2970 378 3023 Black
446 2952 651 3018 Extenditur
673 2962 785 3018 autem
808 2952 872 3019 hoc
896 2974 986 3018 mare
1008 2955 1116 3037 majus
1135 2956 1178 3019 ab
1193 2954 1373 3029 occidente,
1388 2953 1555 3018 sciliceta

251 3052 288 3088 et.

434 3158 443 3189 ¹
460 3158 575 3209 Willinm
587 3159 620 3208 de
632 3158 787 3221 Rubruquis,
802 3168 829 3209 to
840 3160 928 3209 whom
942 3159 1042 3210 several
1056 3161 1180 3211 allusions
1197 3160 1264 3210 heve
1279 3158 1386 3221 already
1396 3159 1463 3208 been
1477 3160 1553 3208 made

399 3240 427 3288 in
439 3239 483 3288 the
495 3254 587 3289 course
600 3238 629 3287 ol
638 3238 689 3287 this
701 3238 785 3297 work,
796 3253 853 3287 was
864 3254 880 3287 a
893 3238 1006 3288 Flemish
1024 3239 1180 3288 Franciscan
1195 3246 1255 3289 sent
1270 3238 1306 3301 by
1319 3239 1397 3287 Louis
1412 3238 1452 3288 tx
1464 3245 1492 3287 to
1508 3238 1553 3287 the

400 3318 528 3380 Emperor
540 3317 570 3365 os
582 3316 691 3379 Tartary
701 3316 729 3365 in
744 3330 814 3379 1253,
827 3317 892 3365 with
910 3317 1000 3367 letters
1017 3318 1127 3379 inviting
1143 3318 1197 3366 him
1215 3324 1243 3367 to
1257 3332 1333 3367 cesse
1350 3316 1414 3366 from
1432 3318 1473 3366 his
1484 3331 1554 3365 wara

399 3398 429 3446 ol
437 3396 643 3446 extermination.
679 3395 710 3444 ln
721 3395 736 3455 J
740 3392 866 3444 oinville's
878 3396 1000 3444 memoirs
1010 3411 1053 3444 we
1065 3397 1127 3445 read
1140 3396 1210 3455 how,
1222 3397 1302 3445 when
1315 3396 1396 3445 Louis
1407 3395 1447 3444 ΙΧ
1458 3411 1514 3444 was
1526 3401 1553 3444 at

399 3476 502 3538 Cyprus
513 3491 548 3524 on
560 3474 600 3522 his
611 3489 672 3536 way
683 3482 710 3522 to
723 3473 817 3537 Egypt,
831 3478 838 3501 ‘
849 3474 944 3523 envoia
954 3475 980 3523 le
990 3482 1066 3535 grant
1077 3489 1125 3536 roy
1137 3475 1184 3524 des
1194 3474 1327 3523 Tartarins
1337 3490 1381 3523 ses
1391 3489 1527 3536 mauge·
1537 3474 1554 3522 k

399 3554 423 3612 li,
437 3562 464 3603 et
475 3554 493 3601 li
506 3553 599 3601 manda
611 3553 690 3601 moult
702 3552 931 3601 debonneirement
943 3552 1052 3613 paroles.
1087 3551 1169 3601 Entre
1185 3553 1224 3601 les
1235 3562 1323 3602 autres
1338 3552 1357 3600 li
1369 3555 1462 3602 mande
1473 3552 1553 3615 queil

398 3632 476 3681 estoit
487 3638 559 3693 ptest
571 3632 604 3679 de
616 3630 634 3678 li
645 3631 727 3679 aidier
737 3632 752 3679 k
763 3645 909 3693 conquerre
921 3631 945 3679 ln
957 3638 1026 3679 terre
1037 3632 1129 3688 sainte,
1139 3638 1166 3680 et
1179 3633 1211 3680 de
1223 3632 1335 3680 delivrer
1344 3630 1506 3692 Jherusnlem
1519 3632 1552 3681 de

396 3710 422 3758 la
439 3711 506 3758 main
524 3724 570 3758 aus
588 3706 737 3758 Sarruins!
769 3708 826 3757 The
838 3710 902 3770 king
917 3718 977 3758 sent
993 3708 1058 3757 back
1075 3725 1153 3771 many
1170 3716 1296 3772 presents,
1316 3709 1448 3773 including
1463 3726 1478 3759 ι
1496 3715 1553 3759 tent

397 3787 575 3836 embroidered
587 3786 652 3834 with
665 3786 797 3835 Christian
811 3786 941 3847 emblems,
953 3789 996 3836 ‘et
1006 3794 1066 3836 touz
1075 3788 1114 3837 les
1123 3795 1210 3837 autres
1218 3788 1295 3850 poins
1303 3789 1367 3837 dela
1376 3788 1429 3849 foy.
1463 3788 1497 3837 Et
1507 3804 1552 3838 ces

396 3865 490 3913 choses
501 3866 557 3913 leur
572 3863 691 3912 envoie-il
709 3879 756 3925 par
772 3864 841 3913 deux
858 3865 941 3913 ireres
958 3867 1130 3928 preescheurs
1146 3866 1189 3929 qui
1206 3867 1324 3916 savoient
1340 3866 1365 3915 le
1383 3866 1551 3927 Sarrnzinois,

396 3957 462 4004 pour
473 3942 530 3990 eulz
542 3949 668 3989 moustrer
676 3947 703 3988 et
711 3941 848 4002 enseigner
856 3952 984 3991 comment
995 3943 1025 3991 ils
1037 3944 1159 3993 devoient
1170 3943 1268 3993 croire)
1303 3943 1364 3992 Part
1373 3945 1404 3992 os
1410 3944 1454 3993 the
1466 3960 1553 3995 nnm-

397 4021 449 4069 tive
467 4019 497 4068 os
511 4020 659 4081 Rubruquis
675 4034 731 4067 was
748 4020 883 4081 published
901 4022 936 4081 by
953 4021 1070 4084 Hakluyt
1087 4023 1115 4071 in
1134 4024 1206 4085 1598,
1221 4024 1273 4072 and
1290 4023 1312 4072 is
1331 4031 1359 4072 to
1376 4023 1408 4071 be
1425 4022 1505 4071 found
1524 4023 1551 4071 in

397 4097 539 4159 Purches's,
564 4095 730 4159 Bergeron's,
752 4099 803 4148 and
827 4099 903 4147 other
925 4100 1105 4163 geographicel
1128 4102 1286 4151 concertans.
1334 4101 1386 4149 But
1403 4102 1553 4151 tsvo-thirds

396 4178 528 4227 remained
543 4176 714 4239 unpublished
731 4177 768 4225 till
788 4178 860 4239 1839,
871 4179 952 4227 when
970 4179 1015 4228 the
1035 4180 1123 4229 whole
1139 4196 1196 4229 was
1209 4179 1334 4243 esresully
1352 4180 1440 4229 edited
1454 4179 1489 4242 by
1504 4180 1551 4230 the

395 4255 468 4305 Paris
484 4254 674 4318 Geographical
692 4254 800 4317 Society
816 4256 927 4317 (Romal
941 4256 971 4305 de
982 4257 1120 4316 Meinor'res,
1136 4259 1186 4307 vol.
1199 4258 1254 4320 iu).

429 4333 467 4383 Oi
475 4334 631 4397 Rubruquis,
644 4332 712 4382 Yule
725 4334 839 4383 remarks
858 4335 957 4393 2lllarco
969 4335 1043 4396 Polo,
1055 4336 1106 4385 vol.
1120 4336 1136 4385 i.
1153 4352 1179 4397 p.
1190 4336 1279 4398 cxxx),
1292 4334 1360 4385 ‘His
1377 4334 1506 4383 nnmtive
1523 4334 1551 4384 in

395 4414 427 4462 its
441 4414 495 4462 rich
512 4412 598 4473 detail,
611 4412 643 4462 its
656 4413 725 4461 vivid
740 4413 861 4474 pictures,
872 4413 906 4462 its
921 4420 1059 4463 acuteners
1077 4413 1107 4463 oi
1120 4414 1285 4463 observation
1305 4414 1355 4463 and
1373 4420 1464 4475 strong
1478 4413 1551 4473 good

394 4506 480 4553 sense,
494 4507 581 4541 seems
595 4497 622 4540 to
640 4506 681 4539 me
696 4498 723 4540 to
739 4490 804 4540 form
820 4507 835 4539 a
851 4491 921 4540 book
937 4491 967 4540 ot'
982 4492 1076 4541 travels
1093 4492 1123 4540 os
1133 4492 1208 4541 much
1222 4493 1315 4554 higher
1326 4492 1413 4540 claims
1423 4492 1488 4539 than
1500 4506 1552 4552 any

393 4584 440 4618 one
449 4572 522 4619 serr'es
533 4570 563 4617 os
577 4568 664 4618 Polo's
676 4569 810 4630 chapters;
828 4586 843 4617 a
854 4570 923 4617 book
939 4569 1035 4618 indeed
1046 4569 1133 4618 which
1148 4570 1195 4619 has
1211 4585 1293 4619 never
1303 4570 1354 4619 had
1367 4568 1461 4631 justice
1478 4568 1550 4619 donc

393 4654 421 4695 to
432 4647 458 4708 it,
470 4647 509 4697 for
520 4648 540 4695 it
552 4648 599 4697 has
610 4646 663 4698 lew
673 4647 806 4709 superiora
817 4648 844 4695 in
857 4649 902 4697 the
914 4647 1001 4697 whole
1012 4647 1114 4711 history
1125 4648 1156 4697 ol
1163 4648 1276 4698 trusels!
