3575 5375
355 629 411 672 120
564 615 721 674 OPERIS
745 615 934 686 MAJORIS
958 613 1074 675 PARS
1098 613 1282 690 QUARTA.

352 775 635 859 multiplicationis
657 799 736 842 suae
758 777 838 843 iacit
860 779 1003 864 speciem
1026 779 1233 859 luminosam,
1257 790 1291 843 et
1310 780 1393 844 haec
1414 777 1502 842 actio

352 880 473 946 dicitur
500 881 647 962 univoca,
674 883 752 965 quia
778 882 916 949 effectus
942 894 992 947 est
1015 886 1185 962 univocus,
1211 894 1246 949 et
1272 883 1453 967 unigeniuS,
1468 892 1501 946 et

352 984 528 1048 conformis
557 987 679 1071 agenti.
726 986 795 1052 Sed
821 987 886 1052 alia
917 997 967 1052 est
992 988 1224 1072 multiplicatio
1250 989 1439 1071 aequivoca,
1465 997 1503 1050 ut

353 1086 411 1153 lux
426 1101 563 1171 generat
575 1090 727 1167 calorem,
737 1091 826 1156 calor
842 1092 1125 1174 putrefactionem.
1139 1091 1334 1174 putrefactio
1350 1101 1503 1167 mortem,

353 1201 386 1256 et
399 1193 512 1256 vinum
530 1195 677 1273 inebriat,
694 1197 790 1260 etsie
806 1196 849 1260 de
863 1197 955 1260 omni
975 1207 1104 1280 agente,
1120 1197 1210 1277 quod
1227 1194 1351 1259 multos
1367 1195 1503 1258 effectus

353 1295 431 1361 facit
447 1308 579 1383 praeter
593 1300 737 1382 speciem
753 1320 848 1364 suam
864 1311 899 1364 et
914 1299 1070 1365 virtutem
1086 1300 1149 1364 sibi
1166 1300 1349 1364 univocam.
1395 1300 1440 1362 Et
1456 1298 1503 1362 sic

353 1398 402 1463 sol
433 1410 466 1465 et
493 1401 609 1465 stellae
633 1403 758 1467 iaciunt
784 1405 897 1467 omnia
921 1404 975 1467 hic
1002 1403 1144 1479 inferius
1169 1414 1203 1468 et
1229 1402 1338 1487 angeli
1367 1411 1504 1467 movent

353 1504 482 1568 coelum
497 1513 531 1568 et
545 1505 668 1584 stellaS,
683 1517 717 1570 et
732 1508 843 1571 anima
859 1529 980 1590 corpus
995 1528 1110 1572 suum:
1126 1509 1230 1571 virtus
1244 1518 1358 1572 tamen
1373 1508 1504 1589 agentis

352 1607 432 1672 facit
454 1610 566 1672 omnia
588 1609 661 1689 ista,
684 1622 718 1675 et
741 1611 823 1675 haec
846 1623 897 1677 est
920 1610 1088 1694 completa
1108 1612 1196 1676 actio
1217 1611 1346 1694 agentis
1370 1622 1404 1675 et
1427 1630 1504 1674 suae

352 1712 492 1788 virtutis,
508 1733 581 1777 aea
598 1725 716 1778 natura
732 1713 875 1779 finaliter
890 1716 1085 1780 desiderata.
1132 1716 1186 1779 De
1200 1717 1262 1780 hac
1279 1737 1360 1798 ergo
1375 1715 1505 1780 actione

352 1817 581 1883 considerandi
605 1830 681 1883 sunt
699 1820 798 1902 aliqui
818 1841 960 1885 canones
981 1841 1037 1884 seu
1061 1822 1200 1905 regulae,
1217 1831 1250 1885 et
1272 1830 1408 1904 propter
1430 1838 1504 1884 earn

353 1921 585 2004 principaliter,
613 1931 647 1988 et
669 1933 781 1987 tamen
805 1923 914 1988 locum
935 1924 1060 1989 habent
1085 1926 1118 1988 in
1141 1925 1272 1989 actione
1296 1927 1445 1998 univoca,
1471 1931 1505 1986 et

354 2025 527 2090 veritatem
543 2025 666 2092 habent
682 2028 737 2091 ibi.

184 2137 263 2186 Foree
277 2145 344 2186 most
400 2129 530 2195 Natura
552 2152 641 2214 ergo,
665 2141 701 2195 ut
720 2133 846 2196 dictum
869 2142 929 2209 est,
945 2131 1063 2197 lortius
1084 2142 1242 2215 operatur
1263 2154 1363 2216 super
1384 2133 1504 2196 lineam

184 2210 272 2316 fflt
357 2244 481 2300 rectam
504 2257 606 2318 quam
629 2257 729 2320 super
750 2256 894 2310 curvam,
913 2237 990 2319 quia
1013 2237 1145 2301 brevior
1162 2247 1222 2314 est,
1242 2247 1276 2300 et
1298 2237 1405 2300 minus
1427 2235 1506 2298 facit

184 2333 293 2409 ‹ltreered
356 2341 486 2423 patiens
516 2341 639 2404 distare
668 2339 712 2403 ab
742 2350 871 2422 agente,
902 2351 936 2404 et
972 2341 1046 2404 ideo
1080 2340 1155 2422 plus
1192 2343 1281 2423 capit
1313 2344 1356 2405 de
1385 2340 1506 2404 virtute

187 2399 321 2464 verticum.
356 2445 457 2526 ipsius
477 2444 564 2508 sicut
584 2464 690 2529 prope
713 2445 824 2526 ignem
846 2445 967 2526 aliquis
989 2444 1064 2527 plus
1087 2444 1196 2509 calefit
1214 2465 1314 2527 quam
1338 2445 1506 2510 remotior.

356 2548 532 2613 Caeterum
550 2548 667 2612 melius
684 2558 734 2613 est
749 2548 888 2631 aequale
904 2569 1005 2631 quam
1021 2549 1204 2631 inaequale,
1217 2561 1253 2614 ut
1270 2550 1351 2613 dicit
1366 2549 1507 2614 Boetius

355 2653 387 2718 in
414 2655 559 2736 practica
585 2653 797 2737 geometriae.
844 2653 912 2719 Sed
939 2654 972 2718 in
998 2651 1086 2717 linea
1116 2665 1204 2719 recta
1235 2663 1284 2719 est
1312 2653 1504 2737 aequalitas.

356 2760 442 2824 Item
459 2758 567 2821 omnis
582 2755 685 2821 virtus
703 2758 796 2822 unita
811 2767 861 2822 est
877 2758 1022 2822 fortioris
1044 2757 1255 2842 operationis,
1277 2759 1362 2821 sicut
1385 2757 1508 2821 dicitur

634 2862 666 2924 in
693 2859 776 2925 libro
791 2861 834 2925 de
854 2862 971 2926 causis·
1018 2862 1086 2928 Sed
1108 2861 1316 2926 uniformitas
1339 2870 1373 2925 et
1396 2864 1507 2925 unitas

634 2964 740 3047 major
764 2974 815 3030 est
836 2966 869 3029 in
885 2965 971 3030 linea
992 2978 1091 3043 recta,
1109 2967 1194 3031 sicut
1209 2967 1289 3031 dicit
1305 2964 1507 3031 Aristoteles

633 3068 750 3151 quinto
789 3070 1053 3154 Metaphysicae.
1120 3071 1210 3135 Nam
1248 3071 1281 3134 in
1317 3090 1418 3134 curva
1456 3080 1508 3133 est

633 3171 783 3257 angulus
813 3175 869 3256 qui
901 3173 977 3238 facit
1007 3175 1247 3256 dispersionem
1280 3182 1314 3237 et
1344 3171 1507 3236 difformi-

633 3288 748 3351 tatem,
762 3286 796 3341 et
808 3288 970 3360 repugnat
985 3278 1114 3342 unitati.
1159 3276 1373 3360 Quapropter
1389 3285 1508 3341 natura

633 3392 789 3466 operatur
818 3380 937 3445 fortius
961 3402 1060 3465 super
1089 3381 1212 3445 lineam
1244 3389 1377 3455 rectam,
1403 3400 1506 3462 quam

632 3506 733 3569 super
755 3486 893 3549 fractam
914 3485 966 3549 vel
992 3484 1159 3549 reflexam.
1206 3483 1273 3549 Sed
1297 3483 1384 3547 linea
1406 3494 1508 3563 recta,

634 3612 720 3673 quae
751 3578 842 3654 c'adit
866 3590 909 3653 ad
937 3589 1076 3674 angulos
1106 3589 1270 3671 aequales,
1297 3598 1331 3651 et
1363 3607 1507 3670 perpen-

633 3694 831 3772 diculariter,
859 3695 928 3758 sive
958 3696 991 3758 in
1017 3693 1133 3776 planis,
1159 3693 1227 3756 sive
1258 3692 1291 3754 in
1316 3691 1508 3774 sphaericis,

354 3826 370 3867 c
560 3830 582 3873 a
634 3797 688 3859 illa
713 3807 763 3861 est
787 3818 1007 3881 superquam
1030 3807 1147 3861 natura
1169 3796 1262 3878 eligit
1284 3797 1413 3878 operari
1431 3806 1507 3858 tum

426 3936 486 3985 F„
500 3950 524 3999 5·
634 3912 769 3983 propter
802 3902 1039 3984 aequalitatem
1071 3910 1104 3964 et
1139 3899 1299 3981 majorem
1333 3897 1506 3962 uniformi·

634 4015 832 4080 tatem‚tum
849 4016 986 4089 propter
998 4005 1205 4069 brevitatem.
1247 4002 1335 4066 Nam
1361 4023 1420 4085 per
1443 4003 1507 4066 xix

352 4106 560 4189 propositum
584 4107 680 4191 primi
706 4110 948 4174 elementorum
975 4108 1133 4182 Euclidis,
1157 4107 1188 4169 in
1220 4108 1310 4169 omni
1337 4106 1506 4189 triangulo

354 4211 470 4294 majori
497 4211 621 4295 angulo
647 4212 754 4294 majus
781 4212 869 4277 latus
900 4215 1088 4297 opponitur.
1134 4210 1201 4274 Sed
1231 4232 1275 4273 ex
1307 4210 1376 4272 xvii
1407 4211 1507 4291 primi

353 4317 501 4398 ejusdem
523 4316 607 4392 libri,
623 4316 731 4399 major
751 4317 891 4401 angulus
916 4318 949 4380 in
973 4314 1139 4397 triangulo
1162 4322 1214 4378 est
1237 4322 1355 4389 rectus,
1370 4312 1508 4387 scilicet,

352 4442 373 4483 a
401 4443 418 4484 c
445 4421 472 4485 b.
529 4420 620 4504 Ergo
649 4422 678 4484 ei
709 4424 889 4505 opponitur
916 4420 1103 4484 maximum
1139 4415 1226 4480 latus
1259 4415 1394 4493 scilicet,
1421 4438 1444 4479 a
1476 4414 1507 4480 b.

353 4522 420 4587 Sed
443 4524 500 4588 illa
522 4524 611 4590 cadit
634 4544 701 4588 non
725 4523 1050 4608 perpendiculariter.
1109 4520 1200 4603 Ergo
1224 4519 1507 4601 perpendicularis

352 4624 399 4690 bc
421 4639 472 4692 est
494 4628 644 4694 brevior:
676 4649 778 4712 quare
804 4629 908 4691 virtus
929 4626 1063 4691 veniens
1087 4643 1185 4705 super
1211 4642 1285 4685 eam
1310 4621 1508 4705 operabitur
