3575 5375
716 636 1004 696 GEOGRAPHIA.
1380 654 1443 714 299

289 795 385 861 aliter
406 797 572 883 accipiunt
595 799 705 863 oriens
728 808 762 862 et
784 802 948 865 occidens.
994 799 1082 864 Nam
1105 798 1214 864 oriens
1234 809 1268 866 et
1285 801 1440 866 occidens
1453 817 1508 868 The

289 903 332 965 de
354 904 474 985 quibus
497 903 551 966 hic
571 903 736 987 loquimur
758 913 835 967 sunt
858 904 976 968 ultima
997 914 1103 969 terrae
1125 904 1326 970 habitabilis.
1371 904 1439 971 Sed
1454 883 1610 999 ffillrpgsine

290 1025 355 1069 uno
382 1009 484 1071 modo
511 1008 716 1091 accipiuntur
740 1009 849 1071 oriens
875 1017 909 1071 et
936 1008 1089 1072 occidens
1114 1008 1178 1073 sub
1207 1009 1440 1091 aequinoctiali

288 1109 410 1174 circulo
441 1110 474 1175 in
505 1112 615 1176 medio
647 1121 770 1190 terrae;
804 1113 852 1175 ita
881 1113 972 1193 quod
1005 1112 1201 1195 principium
1234 1111 1350 1177 lndiae
1378 1115 1441 1177 sub

287 1215 519 1297 aequinoctiali
530 1227 580 1280 est
592 1217 698 1280 oriens
708 1214 900 1280 habitabilis
911 1241 919 1294 3
943 1225 977 1279 et
989 1215 1062 1279 finis
1073 1216 1256 1298 Hispaniae
1267 1217 1440 1292 ulterioris,

286 1319 313 1380 si
350 1320 583 1384 extenderetur
618 1340 722 1402 usque
757 1320 801 1382 ad
837 1320 1115 1402 aequinoctialem
1151 1320 1319 1396 circulum,
1353 1331 1439 1385 esset

287 1422 464 1502 occidens3
493 1425 552 1488 sed
583 1444 650 1488 non
681 1433 811 1488 tantum
841 1424 1042 1499 extenditur,
1069 1424 1172 1488 immo
1198 1436 1250 1489 est
1278 1445 1437 1508 magnum

286 1527 431 1608 spatium
451 1537 558 1592 terrae
577 1547 597 1591 a
621 1530 803 1593 meridiana
823 1539 919 1611 parte
942 1528 1127 1614 Hispaniae
1148 1529 1312 1592 ulterioris
1335 1551 1439 1613 usque

285 1631 328 1694 ad
347 1632 634 1715 aequinoctialem.
666 1633 757 1696 Finis
774 1634 872 1716 igitur
886 1633 980 1697 istius
995 1634 1095 1715 spatii
1111 1655 1131 1697 a
1145 1642 1240 1715 parte
1257 1635 1438 1698 occidentis

285 1745 336 1799 est
360 1737 513 1801 occidens
537 1736 735 1802 habitabilis.
781 1739 848 1802 Sed
870 1757 946 1800 cum
970 1748 1057 1802 terra
1076 1759 1098 1801 a
1121 1751 1217 1819 parte
1238 1739 1436 1802 occidentali

285 1838 407 1904 habeat
430 1861 585 1924 magnam
613 1842 833 1918 latitudinem,
856 1842 981 1905 scilicet
1003 1842 1046 1904 ab
1073 1842 1306 1924 aequinoctiali
1331 1862 1436 1925 usque

285 1944 328 2007 ad
353 1953 500 2008 montem
519 1944 693 2010 Atlantem
717 1956 750 2009 et
766 1945 878 2010 Gades
904 1945 1066 2022 HerculiS,
1082 1956 1116 2009 et
1139 1946 1221 2009 citra
1244 1966 1303 2027 per
1324 1958 1433 2011 totum

282 2048 455 2112 circuitum
493 2050 677 2132 Hispaniae
713 2051 816 2114 totius
852 2058 887 2112 et
921 2049 1110 2123 Hiberniae,
1143 2058 1281 2132 possunt
1314 2050 1434 2114 diversi

282 2153 506 2217 diversimodo
522 2154 671 2236 accipere
688 2155 863 2229 occidens;
886 2154 974 2216 unde
990 2152 1092 2235 aliqui
1113 2153 1277 2234 accipiunt
1295 2173 1316 2217 a
1331 2153 1434 2218 Gadi-

283 2256 355 2331 bus,
367 2255 469 2338 aliqui
485 2277 505 2318 a
521 2267 635 2320 monte
647 2256 806 2333 Atlantis,
818 2256 920 2339 aliqui
933 2278 953 2319 a
965 2256 1029 2320 fine
1041 2256 1231 2320 habitabilis
1246 2257 1308 2322 sub
1321 2260 1433 2341 aequi-

284 2359 428 2424 noctiali.
463 2359 531 2425 Sed
544 2381 619 2425 curn
631 2362 792 2444 accipitur
802 2362 865 2424 sub
877 2361 1118 2443 aequinoctiali,
1130 2361 1251 2424 certius
1262 2363 1434 2446 accipitur,

282 2464 360 2546 quia
389 2464 469 2528 illud
496 2485 562 2529 uno
589 2467 691 2530 modo
716 2475 766 2528 est
794 2465 976 2537 etmelius,
1000 2464 1165 2548 quiahoc
1191 2467 1297 2528 estin
1321 2468 1433 2531 medio

283 2569 398 2631 mundi
419 2569 505 2633 inter
519 2570 604 2634 duos
619 2570 723 2652 polos,
736 2579 770 2635 et
786 2570 862 2634 ideo
873 2581 924 2634 est
938 2590 1052 2634 verum
1069 2571 1241 2646 occidens3
1264 2581 1298 2634 et
1312 2571 1432 2635 eodem

283 2673 384 2737 modo
414 2682 466 2737 est
497 2675 540 2738 de
569 2676 705 2739 oriente.
751 2675 882 2740 Tabula
913 2696 991 2738 vero
1020 2673 1235 2738 latitudinum
1262 2683 1297 2739 et
1327 2675 1431 2761 longi-

281 2778 434 2841 tudinum
465 2799 531 2843 non
562 2781 683 2862 accipit
714 2780 936 2864 longitudines
962 2780 1005 2843 ab
1035 2780 1206 2844 occidente
1231 2781 1294 2843 sub
1319 2782 1432 2864 aequi-

281 2882 424 2957 noctiali,
440 2894 476 2947 ut
496 2894 621 2948 certum
641 2895 698 2948 est
747 2884 834 2948 Nam
853 2885 901 2948 sic
921 2884 1096 2966 longitudo
1112 2884 1223 2949 Toleti
1243 2893 1295 2947 est
1313 2886 1431 2967 vIgiuti

281 3004 401 3050 novem
422 2988 584 3070 graduum
607 2989 650 3052 ab
669 2989 851 3062 occidente,
868 2997 903 3051 et
922 2990 1105 3052 secundum
1125 2988 1273 3052 tabulam
1297 3000 1432 3055 nonest

281 3090 341 3154 nisi
369 3092 534 3157 undecim.
581 3092 626 3157 Et
652 3104 769 3157 auctor
795 3094 881 3157 illius
904 3093 1038 3157 tabulae
1059 3093 1202 3173 sumpsit
1224 3093 1379 3157 occidens
1400 3095 1430 3157 ei

282 3206 399 3281 notum
415 3207 586 3261 etcertum
604 3206 637 3260 et
653 3208 804 3279 respectu
820 3198 904 3260 situs
919 3216 998 3260 suae
1013 3197 1167 3279 regionis.
1214 3195 1431 3260 Consideran-

280 3299 361 3361 dum
381 3319 460 3362 vero
478 3300 532 3364 hic
552 3310 602 3363 est
622 3302 713 3383 quod
733 3300 841 3363 oriens
861 3310 896 3364 et
914 3301 1069 3364 occidens
1089 3302 1121 3362 in
1141 3299 1304 3363 divisione
1325 3310 1433 3365 terrae

279 3422 345 3465 non
372 3414 510 3483 possunt
536 3405 619 3467 sumi
647 3424 707 3469 nec
733 3405 858 3469 debent
884 3405 946 3467 nisi
970 3423 1072 3487 penes
1095 3402 1213 3466 ultima
1234 3413 1351 3481 terrae,
1374 3404 1430 3468 ubi

280 3526 369 3568 mare
394 3508 483 3587 quod
510 3517 648 3570 vocatur
674 3509 828 3573 Oceanus
854 3507 978 3586 deficit,
999 3509 1057 3590 qui
1083 3516 1242 3572 extensus
1267 3518 1319 3572 est
1345 3508 1431 3571 inter

280 3610 410 3674 Indiam
437 3621 470 3674 et
500 3611 698 3694 Hispaniam
724 3612 913 3677 ulteriorem
940 3625 975 3677 et
1000 3612 1153 3695 regiones
1174 3611 1255 3675 alias
1277 3612 1428 3677 occiden-

278 3714 362 3777 tales
389 3724 423 3778 et
453 3714 638 3795 orientales
665 3737 751 3799 quae
780 3726 963 3799 sequuntur
994 3716 1123 3780 indiam
1154 3726 1187 3779 et
1217 3715 1427 3799 Hispaniam.

280 3814 382 3878 Unde
404 3837 470 3879 non
492 3815 616 3880 debent
631 3819 737 3902 accipi
761 3838 861 3902 penes
881 3818 991 3881 oriens
1014 3826 1048 3880 et
1070 3816 1223 3880 occidens
1244 3818 1427 3881 secundum

277 3917 359 3982 fines
381 3918 518 4003 alicujus
533 3922 676 4001 orientis,
692 3924 872 3986 secundum
896 3922 986 4005 quod
1004 3941 1065 3985 nos
1084 3921 1225 3984 dicimus
1246 3919 1428 4003 aliquando

277 4024 386 4086 oriens
415 4034 449 4088 et
480 4026 634 4090 occidens
668 4046 769 4110 penes
802 4039 912 4091 ortum
942 4036 975 4090 et
1004 4044 1157 4089 occasum
1195 4024 1284 4091 solis.
1338 4026 1427 4089 Nam

278 4226 305 4267 to
321 4218 354 4267 be
372 4220 522 4269 sometimes
539 4222 699 4270 accelerated
717 4222 768 4269 and
785 4220 934 4270 sometimes
951 4220 1079 4268 retarded.
1114 4218 1138 4267 lt
1152 4231 1208 4267 was
1225 4217 1321 4266 known
1337 4234 1366 4267 ss
1382 4219 1427 4269 the

275 4297 433 4359 trepidation
451 4300 482 4347 of
501 4300 545 4347 the
568 4300 636 4349 fixed
660 4306 734 4359 stsrs,
756 4315 787 4348 or
806 4300 851 4347 the
874 4300 973 4348 motion
993 4300 1024 4346 oi
1040 4299 1085 4346 the
1107 4297 1196 4358 eighth
1216 4296 1330 4359 sphere.'
1363 4297 1427 4347 This

278 4376 420 4438 imaginary
438 4377 582 4440 inequality
600 4379 739 4427 continued
759 4386 786 4428 to
804 4378 928 4439 disligure
948 4378 993 4425 the
1012 4378 1070 4426 best
1092 4376 1173 4426 tablss
1195 4376 1234 4424 till
1253 4376 1299 4423 the
1321 4376 1383 4424 time
1399 4378 1430 4426 ot'

277 4454 445 4515 Copernicus.
479 4456 531 4505 See
543 4456 649 4521 lerary
659 4457 691 4518 eff
697 4457 784 4519 Usgsul
793 4457 952 4521 Karou-ledge,
965 4457 1075 4519 History
1087 4456 1117 4506 ol
1122 4457 1290 4517 Astronomy,
1302 4471 1328 4517 p.
1340 4459 1380 4516 all

310 4533 434 4583 Previous
446 4534 527 4583 rables
542 4536 593 4583 had
611 4536 677 4585 been
695 4536 860 4584 constructed
874 4542 901 4583 at
917 4536 1018 4584 Toledo
1035 4537 1061 4583 in
1079 4537 1124 4583 the
1137 4535 1259 4583 eleventh
1271 4542 1381 4596 century
1392 4535 1427 4597 by

275 4613 411 4663 Arzachel.
442 4614 465 4663 lt
477 4614 540 4661 does
553 4622 598 4662 not
610 4628 707 4675 appear
717 4614 787 4674 quite
798 4614 894 4663 certain
907 4614 1027 4663 whether
1037 4615 1056 4663 it
1067 4615 1090 4663 is
1102 4621 1129 4663 to
1141 4614 1216 4663 those
1228 4614 1283 4663 that
1295 4613 1427 4665 reference

275 4694 297 4742 is
310 4694 393 4755 made,
405 4708 435 4743 or
446 4700 474 4743 to
485 4694 561 4743 those
573 4693 603 4743 ol
610 4692 726 4743 Allonsb.
