3575 5375
378 636 400 697 4
616 621 771 680 OPERIS
795 622 984 694 MAJORIS
1010 622 1123 680 PARS
1149 622 1297 680 PRIMA.

377 788 556 871 Ecclesiae,
571 793 622 856 vel
639 813 784 877 quaeex
800 794 918 857 merito
939 803 973 857 et
993 792 1156 875 dignitate
1176 794 1309 876 proprie
1332 794 1477 858 nascitur
1497 794 1530 857 in

376 897 498 961 sanctis
518 896 725 979 philosophis
743 906 777 961 et
792 895 944 980 perlectis
960 895 1140 979 prophetis,
1157 897 1213 980 qui
1231 897 1331 979 juxta
1351 897 1531 961 humanam

378 1000 631 1081 possibilitatem
653 1002 686 1064 in
713 1002 826 1066 studio
849 1000 1030 1082 sapientiae
1057 1001 1187 1084 experti
1209 1012 1307 1079 sunt;
1331 1002 1390 1065 sed
1411 1003 1455 1066 de
1475 1002 1532 1067 illa

375 1106 572 1169 auctoritate
591 1103 719 1187 loquor,
734 1125 836 1189 quam
857 1106 928 1168 sine
947 1104 1011 1168 Dei
1027 1106 1154 1169 auxilio
1172 1106 1332 1169 violenter
1352 1127 1531 1189 usurpave-

375 1218 452 1273 runt
474 1208 569 1273 multi
591 1209 623 1272 in
646 1210 710 1273 hoc
730 1211 866 1283 mund0,
888 1230 947 1274 nec
973 1230 1016 1271 ex
1045 1209 1163 1273 merito
1188 1210 1377 1292 sapientiae,
1399 1211 1458 1274 sed
1486 1230 1529 1273 ex

375 1314 509 1397 propria
539 1314 808 1397 praesumptione
838 1323 871 1378 et
903 1312 1067 1377 desiderio
1089 1313 1208 1391 famae,
1231 1324 1265 1378 et
1288 1334 1389 1396 quam
1411 1314 1529 1396 vulgus

375 1416 564 1500 imperitum
589 1416 701 1481 multis
723 1417 887 1482 concessit
910 1417 944 1480 in
968 1417 1192 1500 pernicionem
1215 1419 1383 1500 propriam
1405 1417 1529 1501 judicio

375 1520 440 1585 Dei
459 1521 562 1603 justo.
607 1520 696 1584 Nam
716 1521 899 1586 secundum
919 1521 1096 1603 scripturas
1112 1531 1247 1605 propter
1263 1533 1399 1605 peccata
1414 1522 1528 1605 populi

375 1624 566 1690 multotiens
593 1634 711 1709 regnat
740 1625 934 1710 hypocrita;
972 1625 1014 1687 de
1048 1624 1234 1707 sophisticis
1264 1627 1352 1689 enim
1386 1627 1529 1690 auctori·

372 1729 500 1794 tatibus
521 1728 742 1794 multitudinis
764 1731 952 1794 insensatae
979 1728 1104 1811 loquor,
1119 1749 1206 1812 quae
1228 1731 1429 1813 aequivocae
1451 1741 1528 1796 sunt

373 1834 588 1911 auctoritatis,
611 1835 696 1899 sicut
719 1835 834 1899 oculus
856 1834 1007 1918 lapideus
1029 1843 1087 1896 aut
1110 1834 1260 1915 depictus
1282 1855 1404 1899 nomen
1427 1834 1528 1899 habet

373 1938 469 2016 oculi,
484 1958 551 2002 non
567 1940 734 2003 virtutem.

803 2145 1030 2212 Cam‘ruuun
1054 2146 1100 2209 ΙΙ.

203 2303 258 2353 The
269 2302 320 2354 fust
419 2282 486 2348 Sed
500 2285 562 2349 tria
574 2287 730 2370 reprobat
742 2305 834 2350 sacra
849 2286 1021 2370 scriptura,
1033 2283 1114 2348 sacri
1127 2283 1281 2347 doctores
1293 2284 1526 2358 condemnant,

201 2369 362 2501 {Egiz‘gby
370 2386 425 2470 jus
452 2387 657 2454 Canonicum
683 2401 784 2464 vetat,
808 2388 1019 2474 philosophia
1047 2388 1277 2472 reprehendit;
1309 2388 1367 2451 sed
1391 2398 1527 2473 propter

202 2501 300 2580 cicero,
373 2492 518 2557 rationes
534 2494 623 2577 prius
639 2504 746 2559 tactas
761 2496 803 2558 de
818 2494 1055 2578 philosophicis
1071 2492 1264 2575 allegandis,
1276 2502 1311 2556 et
1325 2494 1403 2573 quia
1418 2494 1526 2557 minus

202 2567 320 2691 {effiiv
372 2596 527 2680 vulgatae
549 2608 627 2660 sunt
650 2598 833 2662 sententiae
857 2595 1135 2681 Philosophorum
1159 2596 1245 2658 circa
1273 2595 1354 2659 haec
1376 2597 1449 2673 tria,
1470 2618 1526 2661 eas

202 2701 341 2752 nvenhoes
372 2701 833 2784 principaliter·introducam.
868 2700 1029 2766 Similiter
1040 2722 1118 2765 vero
1131 2720 1246 2764 omnes
1263 2700 1322 2763 has
1334 2710 1400 2764 tres
1416 2711 1526 2785 pestes

200 2765 350 2817 audouera
372 2802 500 2870 Seneca
523 2805 607 2869 libro
630 2808 775 2870 secundo
797 2807 1012 2891 epistolarum
1036 2825 1140 2890 prope
1161 2803 1262 2867 finem
1284 2825 1350 2867 uno
1373 2825 1525 2870 sermone

369 2909 577 2973 condemnat.
625 2910 715 2974 Dicit
740 2911 850 2992 igitur,
875 2913 978 2974 ‘inter
1003 2930 1119 2973 causas
1146 2910 1309 2972 malorum
1336 2921 1522 2974 nostronrm

368 3022 428 3091 est,
446 3015 535 3095 quod
552 3014 691 3078 vivimus
712 3016 755 3078 ad
777 3015 963 3099 exemplar,
978 3035 1039 3080 nec
1061 3015 1186 3078 ratione
1207 3015 1445 3098 componimur,
1465 3015 1524 3078 sed

368 3119 605 3182 consuetudine
634 3119 850 3199 abducimur;
887 3120 977 3201 quod
1004 3121 1030 3183 si
1062 3120 1158 3204 pauci
1190 3117 1332 3181 iacerent
1360 3118 1523 3182 nollemus

369 3222 497 3291 imitari.
524 3243 598 3287 cum
630 3223 740 3308 plures
767 3223 874 3288 lacere
901 3225 1058 3308 ceperint,
1085 3223 1163 3304 quia
1193 3222 1394 3305 frequentius
1421 3241 1522 3304 quam

368 3326 546 3402 honestius
565 3328 645 3391 illud
667 3328 814 3401 iacimus
831 3339 865 3392 et
886 3328 966 3393 recti
988 3328 1097 3392 locum
1119 3335 1211 3391 tenet
1232 3326 1322 3410 apud
1344 3346 1404 3390 nos
1425 3347 1523 3401 error,

367 3432 424 3494 ubi
440 3433 593 3515 publicus
612 3433 717 3497 lactus
734 3443 784 3497 est
795 3431 827 3496 ¹.'
873 3432 1095 3517 Philosophus
1110 3451 1188 3495 vero
1210 3450 1270 3514 per
1285 3439 1391 3493 totam
1414 3430 1523 3514 philo-

368 3536 521 3619 sophiam
553 3558 647 3600 suam
682 3558 883 3622 persequens
913 3537 1146 3602 auctoritatem
1177 3535 1347 3618 indignam
1378 3536 1523 3598 secundo

368 3639 620 3723 Metaphysicae
642 3661 758 3705 causas
781 3642 918 3705 humani
943 3641 1060 3705 erroris
1083 3640 1199 3703 asserit
1225 3637 1418 3721 praecipuas
1443 3658 1522 3700 con·

367 3744 575 3807 suetudinem
591 3754 624 3808 et
640 3745 755 3828 popuii
771 3743 1043 3809 testimonium².'
1090 3744 1136 3807 Et
1155 3744 1272 3806 iterum
1291 3740 1419 3805 Seneca
1439 3741 1522 3805 libro

368 3846 493 3911 devita
514 3845 614 3911 beata
628 3849 719 3924 dicit,
734 3849 862 3911 ‘Nemo
883 3849 945 3911 sibi
966 3848 1074 3912 solum
1096 3857 1193 3924 errat,
1209 3847 1267 3909 sed
1288 3844 1384 3908 alieni
1404 3846 1522 3910 erroris

366 3969 465 4013 causa
495 3961 529 4012 et
559 3962 674 4014 auctor
700 3963 760 4029 est,
784 3962 960 4034 versatque
990 3973 1050 4016 nos
1078 3961 1111 4016 et
1139 3951 1337 4035 praecipitat
1365 3970 1461 4024 error,
1488 3961 1522 4015 et

365 4051 477 4117 alienis
507 4055 652 4137 perimus
681 4056 847 4140 exemplis
859 4056 889 4119 ³.'
945 4057 990 4121 Et
1026 4059 1058 4120 in
1089 4055 1235 4119 secundo
1267 4052 1351 4115 libro
1382 4052 1425 4116 de
1458 4053 1521 4130 Ira,

396 4205 404 4235 ¹
421 4205 478 4254 The
491 4222 600 4269 passage
612 4209 635 4257 is
646 4209 672 4256 in
688 4209 733 4258 the
747 4211 824 4272 ragrd
840 4210 918 4258 letter
932 4211 985 4274 (lib.
999 4223 1042 4258 xx.
1056 4209 1102 4272 Ep.
1115 4209 1139 4272 8,
1154 4209 1195 4256 ed.
1208 4205 1318 4260 Haase).
1354 4203 1415 4252 Part
1432 4205 1463 4252 os
1476 4206 1521 4255 the

363 4285 498 4345 quotation
517 4285 538 4333 is
558 4287 666 4348 slightly
683 4289 835 4336 condensed
856 4289 922 4337 from
944 4289 988 4337 the
1009 4286 1124 4348 original,
1142 4284 1229 4334 which
1249 4297 1320 4341 runs,
1334 4280 1415 4328 ‘Cum
1433 4282 1521 4343 plures

363 4363 448 4410 iacere
465 4371 615 4425 coeperunt,
627 4366 701 4426 quasi
718 4367 854 4415 honestius
871 4366 906 4415 sit
923 4366 984 4428 quia
1001 4364 1171 4428 frequentius,
1184 4357 1334 4422 sequimur.’
1368 4358 1399 4406 ln
1414 4360 1458 4408 the
1471 4361 1521 4412 last

362 4448 488 4490 sentence
498 4441 567 4501 Jebb
577 4442 730 4492 substitutas
741 4444 806 4492 certi
821 4445 861 4492 sor
872 4445 946 4493 recti.

395 4517 405 4545 ¹
420 4519 478 4567 Met.
490 4519 533 4568 lib.
545 4521 561 4567 i.
576 4521 691 4585 (minor),
703 4537 759 4584 cap.
773 4537 789 4583 3
805 4522 831 4570 al
847 4522 868 4569 δ’
885 4521 1013 4582 ἀκροάσεις
1029 4517 1094 4569 κατὰ
1113 4516 1145 4567 τὰ
1166 4516 1209 4580 ἔθη
1228 4513 1410 4577 συμβαίνουσιν
1427 4517 1458 4567 ὡς
1473 4517 1520 4582 γὰρ

362 4595 479 4655 elbidum
490 4596 564 4646 olm
574 4598 685 4660 ἀξιοῦμεν
695 4599 819 4664 λέγεσθαι,
834 4609 860 4650 et
870 4616 925 4662 seq.

396 4676 406 4704 ⁸
423 4676 533 4736 Seneca,
545 4677 645 4742 Dialog.
656 4678 698 4726 vii.
711 4693 767 4741 cap.
783 4693 803 4728 1.
