<?xml version="1.0" encoding="UTF-8"?>
<!DOCTYPE html PUBLIC "-//W3C//DTD XHTML 1.0 Transitional//EN"
    "http://www.w3.org/TR/xhtml1/DTD/xhtml1-transitional.dtd">
<html xmlns="http://www.w3.org/1999/xhtml" xml:lang="en" lang="en">
 <head>
  <title>
</title>
<meta http-equiv="Content-Type" content="text/html;charset=utf-8" />
  <meta name='ocr-system' content='tesseract 3.04.00' />
  <meta name='ocr-capabilities' content='ocr_page ocr_carea ocr_par ocr_line ocrx_word'/>
</head>
<body>
  <div class='ocr_page' id='page_1' title='image "./opusmajusrogerb01bridgoog/opusmajusrogerb01bridgoog_0215.png"; bbox 0 0 3575 5375; ppageno 0'>
   <div class='ocr_carea' id='block_1_1' title="bbox 375 624 1288 699">
    <p class='ocr_par' dir='ltr' id='par_1_1' title="bbox 375 624 1288 699">
     <span class='ocr_line' id='line_1_1' title="bbox 375 624 1288 699; baseline -0.007 -10"><span class='ocrx_word' id='word_1_1' title='bbox 375 629 413 691; x_wconf 87' lang='lat'>18</span> <span class='ocrx_word' id='word_1_2' title='bbox 606 629 761 689; x_wconf 86' lang='lat' dir='ltr'><em>OPERIS</em></span> <span class='ocrx_word' id='word_1_3' title='bbox 785 628 975 699; x_wconf 80' lang='lat' dir='ltr'><em>MAJORIS</em></span> <span class='ocrx_word' id='word_1_4' title='bbox 999 626 1114 686; x_wconf 80' lang='lat' dir='ltr'><em>PARS</em></span> <span class='ocrx_word' id='word_1_5' title='bbox 1137 624 1288 685; x_wconf 81' lang='lat' dir='ltr'><em>PRIMA.</em></span> 
     </span>
    </p>
   </div>
   <div class='ocr_carea' id='block_1_2' title="bbox 203 799 1560 4430">
    <p class='ocr_par' dir='ltr' id='par_1_2' title="bbox 203 799 1525 891">
     <span class='ocr_line' id='line_1_2' title="bbox 203 799 1525 891; baseline -0.005 -28"><span class='ocrx_word' id='word_1_6' title='bbox 203 812 359 891; x_wconf 67' lang='lat' dir='ltr'>montedge</span> <span class='ocrx_word' id='word_1_7' title='bbox 374 802 629 865; x_wconf 89' lang='lat' dir='ltr'>demonstratur.</span> <span class='ocrx_word' id='word_1_8' title='bbox 674 799 845 883; x_wconf 79' lang='lat' dir='ltr'>Coniunxi</span> <span class='ocrx_word' id='word_1_9' title='bbox 871 799 1009 882; x_wconf 90' lang='lat' dir='ltr'>quidem</span> <span class='ocrx_word' id='word_1_10' title='bbox 1036 800 1222 880; x_wconf 86' lang='lat' dir='ltr'>praedictas</span> <span class='ocrx_word' id='word_1_11' title='bbox 1249 808 1317 862; x_wconf 86' lang='lat' dir='ltr'>tres</span> <span class='ocrx_word' id='word_1_12' title='bbox 1344 814 1468 866; x_wconf 87' lang='lat' dir='ltr'>causas,</span> <span class='ocrx_word' id='word_1_13' title='bbox 1491 802 1525 857; x_wconf 91' lang='lat' dir='ltr'>et</span> 
     </span>
    </p>

    <p class='ocr_par' dir='ltr' id='par_1_3' title="bbox 204 880 1524 995">
     <span class='ocr_line' id='line_1_3' title="bbox 204 880 1524 995; baseline -0.008 -25"><span class='ocrx_word' id='word_1_14' title='bbox 204 880 323 995; x_wconf 48' lang='lat' dir='ltr'>affl}</span> <span class='ocrx_word' id='word_1_15' title='bbox 375 916 512 988; x_wconf 91' lang='lat' dir='ltr'>propter</span> <span class='ocrx_word' id='word_1_16' title='bbox 531 904 596 968; x_wconf 90' lang='lat' dir='ltr'>hoc</span> <span class='ocrx_word' id='word_1_17' title='bbox 615 907 707 989; x_wconf 91' lang='lat' dir='ltr'>quod</span> <span class='ocrx_word' id='word_1_18' title='bbox 729 906 895 989; x_wconf 91' lang='lat' dir='ltr'>sapientes</span> <span class='ocrx_word' id='word_1_19' title='bbox 916 926 972 970; x_wconf 88' lang='lat' dir='ltr'>eas</span> <span class='ocrx_word' id='word_1_20' title='bbox 990 906 1122 988; x_wconf 86' lang='lat' dir='ltr'>saepius</span> <span class='ocrx_word' id='word_1_21' title='bbox 1144 903 1352 986; x_wconf 85' lang='lat' dir='ltr'>conjungunt</span> <span class='ocrx_word' id='word_1_22' title='bbox 1373 909 1408 963; x_wconf 89' lang='lat' dir='ltr'>et</span> <span class='ocrx_word' id='word_1_23' title='bbox 1429 917 1524 979; x_wconf 86' lang='lat' dir='ltr'>sepa-</span> 
     </span>
    </p>

    <p class='ocr_par' dir='ltr' id='par_1_4' title="bbox 203 1002 1560 4430">
     <span class='ocr_line' id='line_1_4' title="bbox 203 1002 1524 1094; baseline -0.009 -19"><span class='ocrx_word' id='word_1_24' title='bbox 203 1011 350 1075; x_wconf 63' lang='lat' dir='ltr'>perniciore</span> <span class='ocrx_word' id='word_1_25' title='bbox 376 1011 444 1074; x_wconf 89' lang='lat' dir='ltr'>ravi</span> <span class='ocrx_word' id='word_1_26' title='bbox 467 1010 552 1074; x_wconf 91' lang='lat' dir='ltr'>hanc</span> <span class='ocrx_word' id='word_1_27' title='bbox 570 1011 614 1074; x_wconf 87' lang='lat' dir='ltr'>ab</span> <span class='ocrx_word' id='word_1_28' title='bbox 631 1010 695 1074; x_wconf 91' lang='lat' dir='ltr'>illis</span> <span class='ocrx_word' id='word_1_29' title='bbox 712 1022 849 1094; x_wconf 86' lang='lat' dir='ltr'>propter</span> <span class='ocrx_word' id='word_1_30' title='bbox 864 1010 1026 1075; x_wconf 86' lang='lat' dir='ltr'>malitiam</span> <span class='ocrx_word' id='word_1_31' title='bbox 1047 1008 1271 1093; x_wconf 86' lang='lat' dir='ltr'><strong>principalem.</strong></span> <span class='ocrx_word' id='word_1_32' title='bbox 1319 1006 1416 1069; x_wconf 89' lang='lat' dir='ltr'>Haec</span> <span class='ocrx_word' id='word_1_33' title='bbox 1436 1002 1524 1065; x_wconf 90' lang='lat' dir='ltr'>enim</span> 
     </span>
     <span class='ocr_line' id='line_1_5' title="bbox 373 1108 1525 1197; baseline -0.009 -19"><span class='ocrx_word' id='word_1_34' title='bbox 373 1126 424 1179; x_wconf 90' lang='lat' dir='ltr'>est</span> <span class='ocrx_word' id='word_1_35' title='bbox 439 1112 614 1196; x_wconf 88' lang='lat' dir='ltr'>singularis</span> <span class='ocrx_word' id='word_1_36' title='bbox 629 1114 706 1193; x_wconf 83' lang='lat' dir='ltr'>iera,</span> <span class='ocrx_word' id='word_1_37' title='bbox 722 1134 808 1197; x_wconf 89' lang='lat' dir='ltr'>quae</span> <span class='ocrx_word' id='word_1_38' title='bbox 823 1115 974 1197; x_wconf 85' lang='lat' dir='ltr'>depascit</span> <span class='ocrx_word' id='word_1_39' title='bbox 990 1125 1023 1179; x_wconf 89' lang='lat' dir='ltr'>et</span> <span class='ocrx_word' id='word_1_40' title='bbox 1039 1115 1178 1179; x_wconf 85' lang='lat' dir='ltr'>destruit</span> <span class='ocrx_word' id='word_1_41' title='bbox 1199 1131 1334 1177; x_wconf 90' lang='lat' dir='ltr'>ornnem</span> <span class='ocrx_word' id='word_1_42' title='bbox 1351 1108 1525 1181; x_wconf 88' lang='lat' dir='ltr'>rationem,</span> 
     </span>
     <span class='ocr_line' id='line_1_6' title="bbox 371 1211 1525 1303; baseline -0.009 -21"><span class='ocrx_word' id='word_1_43' title='bbox 371 1240 457 1301; x_wconf 90' lang='lat' dir='ltr'>quae</span> <span class='ocrx_word' id='word_1_44' title='bbox 478 1229 531 1283; x_wconf 89' lang='lat' dir='ltr'>est</span> <span class='ocrx_word' id='word_1_45' title='bbox 552 1221 745 1302; x_wconf 88' lang='lat' dir='ltr'>apparentis</span> <span class='ocrx_word' id='word_1_46' title='bbox 766 1220 952 1303; x_wconf 84' lang='lat' dir='ltr'>sapientiae</span> <span class='ocrx_word' id='word_1_47' title='bbox 975 1220 1182 1296; x_wconf 89' lang='lat' dir='ltr'>desiderium,</span> <span class='ocrx_word' id='word_1_48' title='bbox 1202 1238 1270 1301; x_wconf 90' lang='lat' dir='ltr'>quo</span> <span class='ocrx_word' id='word_1_49' title='bbox 1293 1216 1397 1280; x_wconf 85' lang='lat' dir='ltr'>fertur</span> <span class='ocrx_word' id='word_1_50' title='bbox 1416 1211 1525 1276; x_wconf 87' lang='lat' dir='ltr'>omnis</span> 
     </span>
     <span class='ocr_line' id='line_1_7' title="bbox 370 1316 1523 1407; baseline -0.008 -22"><span class='ocrx_word' id='word_1_51' title='bbox 370 1322 481 1387; x_wconf 92' lang='lat' dir='ltr'>homo.</span> <span class='ocrx_word' id='word_1_52' title='bbox 528 1324 618 1387; x_wconf 90' lang='lat' dir='ltr'>Nam</span> <span class='ocrx_word' id='word_1_53' title='bbox 641 1345 875 1407; x_wconf 88' lang='lat' dir='ltr'>quamcunque</span> <span class='ocrx_word' id='word_1_54' title='bbox 896 1344 1012 1407; x_wconf 83' lang='lat' dir='ltr'>pamm</span> <span class='ocrx_word' id='word_1_55' title='bbox 1035 1326 1177 1389; x_wconf 86' lang='lat' dir='ltr'>sciamus</span> <span class='ocrx_word' id='word_1_56' title='bbox 1200 1331 1233 1387; x_wconf 93' lang='lat' dir='ltr'>et</span> <span class='ocrx_word' id='word_1_57' title='bbox 1254 1322 1330 1386; x_wconf 95' lang='lat' dir='ltr'>licet</span> <span class='ocrx_word' id='word_1_58' title='bbox 1344 1319 1418 1391; x_wconf 90' lang='lat' dir='ltr'>vile,</span> <span class='ocrx_word' id='word_1_59' title='bbox 1435 1316 1523 1378; x_wconf 89' lang='lat' dir='ltr'>idem</span> 
     </span>
     <span class='ocr_line' id='line_1_8' title="bbox 370 1426 1525 1511; baseline -0.008 -21"><span class='ocrx_word' id='word_1_60' title='bbox 370 1436 482 1490; x_wconf 90' lang='lat' dir='ltr'>tamen</span> <span class='ocrx_word' id='word_1_61' title='bbox 505 1427 717 1504; x_wconf 83' lang='lat' dir='ltr'>extollimus3</span> <span class='ocrx_word' id='word_1_62' title='bbox 746 1430 952 1511; x_wconf 77' lang='lat' dir='ltr'>celebramus</span> <span class='ocrx_word' id='word_1_63' title='bbox 974 1430 1076 1493; x_wconf 90' lang='lat' dir='ltr'>etiam</span> <span class='ocrx_word' id='word_1_64' title='bbox 1099 1428 1204 1491; x_wconf 90' lang='lat' dir='ltr'>multa</span> <span class='ocrx_word' id='word_1_65' title='bbox 1223 1444 1311 1509; x_wconf 88' lang='lat' dir='ltr'>quae</span> <span class='ocrx_word' id='word_1_66' title='bbox 1331 1426 1525 1506; x_wconf 86' lang='lat' dir='ltr'>ignoramus</span> 
     </span>
     <span class='ocr_line' id='line_1_9' title="bbox 370 1526 1523 1615; baseline -0.006 -22"><span class='ocrx_word' id='word_1_67' title='bbox 370 1531 426 1593; x_wconf 91' lang='lat' dir='ltr'>ubi</span> <span class='ocrx_word' id='word_1_68' title='bbox 449 1552 626 1613; x_wconf 85' lang='lat' dir='ltr'>possumus</span> <span class='ocrx_word' id='word_1_69' title='bbox 649 1531 815 1597; x_wconf 90' lang='lat' dir='ltr'>occultare</span> <span class='ocrx_word' id='word_1_70' title='bbox 837 1532 1068 1615; x_wconf 85' lang='lat' dir='ltr'>ignorantiam,</span> <span class='ocrx_word' id='word_1_71' title='bbox 1092 1541 1126 1597; x_wconf 90' lang='lat' dir='ltr'>et</span> <span class='ocrx_word' id='word_1_72' title='bbox 1148 1532 1288 1596; x_wconf 85' lang='lat' dir='ltr'>scienter</span> <span class='ocrx_word' id='word_1_73' title='bbox 1307 1526 1523 1595; x_wconf 87' lang='lat' dir='ltr'>ostendimus,</span> 
     </span>
     <span class='ocr_line' id='line_1_10' title="bbox 371 1629 1522 1721; baseline -0.008 -23"><span class='ocrx_word' id='word_1_74' title='bbox 371 1645 408 1699; x_wconf 92' lang='lat' dir='ltr'>ut</span> <span class='ocrx_word' id='word_1_75' title='bbox 424 1636 466 1698; x_wconf 91' lang='lat' dir='ltr'>de</span> <span class='ocrx_word' id='word_1_76' title='bbox 481 1634 584 1698; x_wconf 92' lang='lat' dir='ltr'>nihilo</span> <span class='ocrx_word' id='word_1_77' title='bbox 604 1634 793 1719; x_wconf 86' lang='lat' dir='ltr'>gloriemur.</span> <span class='ocrx_word' id='word_1_78' title='bbox 839 1637 885 1699; x_wconf 88' lang='lat' dir='ltr'>Et</span> <span class='ocrx_word' id='word_1_79' title='bbox 905 1637 1062 1721; x_wconf 90' lang='lat' dir='ltr'>quicquid</span> <span class='ocrx_word' id='word_1_80' title='bbox 1087 1636 1260 1711; x_wconf 88' lang='lat' dir='ltr'>nescimus,</span> <span class='ocrx_word' id='word_1_81' title='bbox 1276 1633 1333 1697; x_wconf 92' lang='lat' dir='ltr'>ubi</span> <span class='ocrx_word' id='word_1_82' title='bbox 1353 1629 1522 1696; x_wconf 92' lang='lat' dir='ltr'>scientiam</span> 
     </span>
     <span class='ocr_line' id='line_1_11' title="bbox 372 1734 1523 1825; baseline -0.007 -25"><span class='ocrx_word' id='word_1_83' title='bbox 372 1748 542 1802; x_wconf 88' lang='lat' dir='ltr'>ostentare</span> <span class='ocrx_word' id='word_1_84' title='bbox 551 1760 617 1803; x_wconf 95' lang='lat' dir='ltr'>non</span> <span class='ocrx_word' id='word_1_85' title='bbox 627 1740 787 1816; x_wconf 89' lang='lat' dir='ltr'>valemus,</span> <span class='ocrx_word' id='word_1_86' title='bbox 797 1741 1004 1825; x_wconf 84' lang='lat' dir='ltr'>negligimus,</span> <span class='ocrx_word' id='word_1_87' title='bbox 1017 1741 1241 1824; x_wconf 90' lang='lat' dir='ltr'>reprobamus,</span> <span class='ocrx_word' id='word_1_88' title='bbox 1251 1734 1523 1821; x_wconf 86' lang='lat' dir='ltr'>reprehendimus</span> 
     </span>
     <span class='ocr_line' id='line_1_12' title="bbox 372 1836 1522 1929; baseline -0.008 -23"><span class='ocrx_word' id='word_1_89' title='bbox 372 1854 405 1907; x_wconf 92' lang='lat' dir='ltr'>et</span> <span class='ocrx_word' id='word_1_90' title='bbox 421 1844 652 1908; x_wconf 87' lang='lat' dir='ltr'>adnihilamus.</span> <span class='ocrx_word' id='word_1_91' title='bbox 666 1866 708 1908; x_wconf 90' lang='lat' dir='ltr'>ne</span> <span class='ocrx_word' id='word_1_92' title='bbox 723 1845 894 1909; x_wconf 90' lang='lat' dir='ltr'>videamur</span> <span class='ocrx_word' id='word_1_93' title='bbox 911 1844 1033 1929; x_wconf 91' lang='lat' dir='ltr'>aliquid</span> <span class='ocrx_word' id='word_1_94' title='bbox 1051 1845 1212 1929; x_wconf 91' lang='lat' dir='ltr'>ignorare,</span> <span class='ocrx_word' id='word_1_95' title='bbox 1224 1852 1389 1925; x_wconf 89' lang='lat' dir='ltr'>quatenus</span> <span class='ocrx_word' id='word_1_96' title='bbox 1404 1836 1522 1902; x_wconf 90' lang='lat' dir='ltr'>saltem</span> 
     </span>
     <span class='ocr_line' id='line_1_13' title="bbox 374 1942 1523 2029; baseline -0.006 -20"><span class='ocrx_word' id='word_1_97' title='bbox 374 1949 500 2010; x_wconf 91' lang='lat' dir='ltr'>mundo</span> <span class='ocrx_word' id='word_1_98' title='bbox 530 1948 682 2011; x_wconf 92' lang='lat' dir='ltr'>muliebri</span> <span class='ocrx_word' id='word_1_99' title='bbox 713 1957 747 2011; x_wconf 91' lang='lat' dir='ltr'>et</span> <span class='ocrx_word' id='word_1_100' title='bbox 784 1949 860 2013; x_wconf 85' lang='lat' dir='ltr'>luco</span> <span class='ocrx_word' id='word_1_101' title='bbox 897 1950 1082 2014; x_wconf 90' lang='lat' dir='ltr'>meretricio</span> <span class='ocrx_word' id='word_1_102' title='bbox 1118 1958 1264 2013; x_wconf 83' lang='lat' dir='ltr'>nostram</span> <span class='ocrx_word' id='word_1_103' title='bbox 1303 1942 1523 2029; x_wconf 86' lang='lat' dir='ltr'>ignorantiam</span> 
     </span>
     <span class='ocr_line' id='line_1_14' title="bbox 371 2044 1521 2131; baseline -0.007 -17"><span class='ocrx_word' id='word_1_104' title='bbox 371 2049 486 2114; x_wconf 82' lang='lat' dir='ltr'>infami</span> <span class='ocrx_word' id='word_1_105' title='bbox 503 2054 650 2115; x_wconf 89' lang='lat' dir='ltr'>remedio</span> <span class='ocrx_word' id='word_1_106' title='bbox 665 2052 857 2131; x_wconf 88' lang='lat' dir='ltr'>coloremus,</span> <span class='ocrx_word' id='word_1_107' title='bbox 868 2055 957 2117; x_wconf 91' lang='lat' dir='ltr'>unde</span> <span class='ocrx_word' id='word_1_108' title='bbox 975 2053 1150 2117; x_wconf 89' lang='lat' dir='ltr'>utilissima</span> <span class='ocrx_word' id='word_1_109' title='bbox 1165 2060 1199 2116; x_wconf 91' lang='lat' dir='ltr'>et</span> <span class='ocrx_word' id='word_1_110' title='bbox 1214 2050 1364 2115; x_wconf 89' lang='lat' dir='ltr'>maxima</span> <span class='ocrx_word' id='word_1_111' title='bbox 1380 2058 1414 2111; x_wconf 92' lang='lat' dir='ltr'>et</span> <span class='ocrx_word' id='word_1_112' title='bbox 1430 2044 1521 2109; x_wconf 92' lang='lat' dir='ltr'>omni</span> 
     </span>
     <span class='ocr_line' id='line_1_15' title="bbox 371 2149 1523 2239; baseline -0.006 -20"><span class='ocrx_word' id='word_1_113' title='bbox 371 2158 490 2219; x_wconf 87' lang='lat' dir='ltr'>decore</span> <span class='ocrx_word' id='word_1_114' title='bbox 512 2156 611 2238; x_wconf 90' lang='lat' dir='ltr'>plena</span> <span class='ocrx_word' id='word_1_115' title='bbox 633 2168 666 2220; x_wconf 93' lang='lat' dir='ltr'>et</span> <span class='ocrx_word' id='word_1_116' title='bbox 686 2178 746 2221; x_wconf 92' lang='lat' dir='ltr'>sua</span> <span class='ocrx_word' id='word_1_117' title='bbox 766 2157 969 2239; x_wconf 87' lang='lat' dir='ltr'>proprietate</span> <span class='ocrx_word' id='word_1_118' title='bbox 992 2156 1174 2221; x_wconf 90' lang='lat' dir='ltr'>certissima</span> <span class='ocrx_word' id='word_1_119' title='bbox 1195 2175 1216 2220; x_wconf 88' lang='lat' dir='ltr'>a</span> <span class='ocrx_word' id='word_1_120' title='bbox 1238 2154 1336 2219; x_wconf 90' lang='lat' dir='ltr'>nobis</span> <span class='ocrx_word' id='word_1_121' title='bbox 1359 2149 1523 2235; x_wconf 88' lang='lat' dir='ltr'>perhanc</span> 
     </span>
     <span class='ocr_line' id='line_1_16' title="bbox 370 2252 1522 2345; baseline -0.007 -24"><span class='ocrx_word' id='word_1_122' title='bbox 370 2260 459 2321; x_wconf 89' lang='lat' dir='ltr'>viam</span> <span class='ocrx_word' id='word_1_123' title='bbox 482 2269 517 2325; x_wconf 94' lang='lat' dir='ltr'>et</span> <span class='ocrx_word' id='word_1_124' title='bbox 539 2260 583 2324; x_wconf 93' lang='lat' dir='ltr'>ab</span> <span class='ocrx_word' id='word_1_125' title='bbox 603 2261 676 2325; x_wconf 90' lang='lat' dir='ltr'>aliis</span> <span class='ocrx_word' id='word_1_126' title='bbox 697 2262 893 2345; x_wconf 89' lang='lat' dir='ltr'>relegemus.</span> <span class='ocrx_word' id='word_1_127' title='bbox 943 2259 1038 2325; x_wconf 91' lang='lat' dir='ltr'>Haec</span> <span class='ocrx_word' id='word_1_128' title='bbox 1051 2281 1130 2325; x_wconf 89' lang='lat' dir='ltr'>vero</span> <span class='ocrx_word' id='word_1_129' title='bbox 1151 2259 1253 2344; x_wconf 91' lang='lat' dir='ltr'>pestis</span> <span class='ocrx_word' id='word_1_130' title='bbox 1273 2267 1411 2342; x_wconf 91' lang='lat' dir='ltr'>propter</span> <span class='ocrx_word' id='word_1_131' title='bbox 1427 2252 1522 2316; x_wconf 91' lang='lat' dir='ltr'>mali-</span> 
     </span>
     <span class='ocr_line' id='line_1_17' title="bbox 370 2358 1522 2448; baseline -0.008 -22"><span class='ocrx_word' id='word_1_132' title='bbox 370 2364 453 2427; x_wconf 88' lang='lat' dir='ltr'>tiam</span> <span class='ocrx_word' id='word_1_133' title='bbox 469 2366 658 2429; x_wconf 86' lang='lat' dir='ltr'>absolutam</span> <span class='ocrx_word' id='word_1_134' title='bbox 675 2386 776 2448; x_wconf 90' lang='lat' dir='ltr'>quam</span> <span class='ocrx_word' id='word_1_135' title='bbox 790 2365 892 2429; x_wconf 88' lang='lat' dir='ltr'>habet</span> <span class='ocrx_word' id='word_1_136' title='bbox 913 2366 1038 2448; x_wconf 92' lang='lat' dir='ltr'>recepit</span> <span class='ocrx_word' id='word_1_137' title='bbox 1056 2364 1226 2429; x_wconf 93' lang='lat' dir='ltr'>cumulum</span> <span class='ocrx_word' id='word_1_138' title='bbox 1248 2383 1326 2427; x_wconf 91' lang='lat' dir='ltr'>suae</span> <span class='ocrx_word' id='word_1_139' title='bbox 1350 2358 1522 2444; x_wconf 87' lang='lat' dir='ltr'>pravitatis</span> 
     </span>
     <span class='ocr_line' id='line_1_18' title="bbox 370 2468 1522 2556; baseline -0.007 -25"><span class='ocrx_word' id='word_1_140' title='bbox 370 2469 404 2531; x_wconf 94' lang='lat' dir='ltr'>in</span> <span class='ocrx_word' id='word_1_141' title='bbox 434 2489 487 2547; x_wconf 90' lang='lat' dir='ltr'>eo,</span> <span class='ocrx_word' id='word_1_142' title='bbox 510 2471 567 2552; x_wconf 93' lang='lat' dir='ltr'>qui</span> <span class='ocrx_word' id='word_1_143' title='bbox 593 2481 643 2535; x_wconf 88' lang='lat' dir='ltr'>est</span> <span class='ocrx_word' id='word_1_144' title='bbox 667 2469 741 2535; x_wconf 86' lang='lat' dir='ltr'>lons</span> <span class='ocrx_word' id='word_1_145' title='bbox 768 2482 802 2535; x_wconf 89' lang='lat' dir='ltr'>et</span> <span class='ocrx_word' id='word_1_146' title='bbox 829 2472 922 2556; x_wconf 92' lang='lat' dir='ltr'>origo</span> <span class='ocrx_word' id='word_1_147' title='bbox 945 2492 1116 2535; x_wconf 86' lang='lat' dir='ltr'>causarum</span> <span class='ocrx_word' id='word_1_148' title='bbox 1140 2471 1239 2534; x_wconf 92' lang='lat' dir='ltr'>trium</span> <span class='ocrx_word' id='word_1_149' title='bbox 1268 2468 1522 2551; x_wconf 87' lang='lat' dir='ltr'>praedictarum.</span> 
     </span>
     <span class='ocr_line' id='line_1_19' title="bbox 370 2566 1521 2658; baseline -0.007 -23"><span class='ocrx_word' id='word_1_150' title='bbox 370 2572 460 2637; x_wconf 91' lang='lat' dir='ltr'>Nam</span> <span class='ocrx_word' id='word_1_151' title='bbox 492 2584 627 2657; x_wconf 91' lang='lat' dir='ltr'>propter</span> <span class='ocrx_word' id='word_1_152' title='bbox 657 2576 764 2639; x_wconf 92' lang='lat' dir='ltr'>zelum</span> <span class='ocrx_word' id='word_1_153' title='bbox 797 2576 935 2638; x_wconf 92' lang='lat' dir='ltr'>nimium</span> <span class='ocrx_word' id='word_1_154' title='bbox 967 2596 1082 2639; x_wconf 90' lang='lat' dir='ltr'>sensus</span> <span class='ocrx_word' id='word_1_155' title='bbox 1119 2574 1244 2658; x_wconf 90' lang='lat' dir='ltr'>proprii</span> <span class='ocrx_word' id='word_1_156' title='bbox 1273 2581 1308 2636; x_wconf 92' lang='lat' dir='ltr'>et</span> <span class='ocrx_word' id='word_1_157' title='bbox 1340 2566 1521 2634; x_wconf 86' lang='lat' dir='ltr'>excusandi</span> 
     </span>
     <span class='ocr_line' id='line_1_20' title="bbox 370 2672 1522 2764; baseline -0.003 -24"><span class='ocrx_word' id='word_1_158' title='bbox 370 2678 591 2759; x_wconf 91' lang='lat' dir='ltr'>ignorantiam</span> <span class='ocrx_word' id='word_1_159' title='bbox 610 2680 722 2745; x_wconf 90' lang='lat' dir='ltr'>statim</span> <span class='ocrx_word' id='word_1_160' title='bbox 746 2682 895 2744; x_wconf 89' lang='lat' dir='ltr'>exoritur</span> <span class='ocrx_word' id='word_1_161' title='bbox 913 2680 1038 2764; x_wconf 82' lang='lat' dir='ltr'>fragilis</span> <span class='ocrx_word' id='word_1_162' title='bbox 1056 2679 1262 2745; x_wconf 90' lang='lat' dir='ltr'>auctoritatis</span> <span class='ocrx_word' id='word_1_163' title='bbox 1285 2672 1522 2762; x_wconf 90' lang='lat' dir='ltr'>praesumptio,</span> 
     </span>
     <span class='ocr_line' id='line_1_21' title="bbox 370 2779 1523 2869; baseline -0.003 -26"><span class='ocrx_word' id='word_1_164' title='bbox 370 2803 437 2865; x_wconf 91' lang='lat' dir='ltr'>qua</span> <span class='ocrx_word' id='word_1_165' title='bbox 452 2783 589 2846; x_wconf 89' lang='lat' dir='ltr'>nitimur</span> <span class='ocrx_word' id='word_1_166' title='bbox 605 2785 737 2867; x_wconf 89' lang='lat' dir='ltr'>propria</span> <span class='ocrx_word' id='word_1_167' title='bbox 753 2785 926 2862; x_wconf 89' lang='lat' dir='ltr'>extollere,</span> <span class='ocrx_word' id='word_1_168' title='bbox 937 2795 970 2849; x_wconf 92' lang='lat' dir='ltr'>et</span> <span class='ocrx_word' id='word_1_169' title='bbox 987 2785 1225 2869; x_wconf 90' lang='lat' dir='ltr'>reprehendere</span> <span class='ocrx_word' id='word_1_170' title='bbox 1240 2784 1358 2847; x_wconf 90' lang='lat' dir='ltr'>aliena.</span> <span class='ocrx_word' id='word_1_171' title='bbox 1391 2779 1523 2844; x_wconf 90' lang='lat' dir='ltr'>Deinde</span> 
     </span>
     <span class='ocr_line' id='line_1_22' title="bbox 370 2885 1522 2971; baseline -0.006 -19"><span class='ocrx_word' id='word_1_172' title='bbox 370 2907 444 2952; x_wconf 92' lang='lat' dir='ltr'>cum</span> <span class='ocrx_word' id='word_1_173' title='bbox 461 2889 568 2950; x_wconf 91' lang='lat' dir='ltr'>omnis</span> <span class='ocrx_word' id='word_1_174' title='bbox 583 2888 686 2952; x_wconf 93' lang='lat' dir='ltr'>homo</span> <span class='ocrx_word' id='word_1_175' title='bbox 701 2888 820 2971; x_wconf 87' lang='lat' dir='ltr'>diligat</span> <span class='ocrx_word' id='word_1_176' title='bbox 835 2910 937 2971; x_wconf 90' lang='lat' dir='ltr'>opera</span> <span class='ocrx_word' id='word_1_177' title='bbox 952 2911 1023 2967; x_wconf 89' lang='lat' dir='ltr'>sua,</span> <span class='ocrx_word' id='word_1_178' title='bbox 1040 2900 1076 2954; x_wconf 89' lang='lat' dir='ltr'>ut</span> <span class='ocrx_word' id='word_1_179' title='bbox 1093 2890 1172 2955; x_wconf 90' lang='lat' dir='ltr'>dicit</span> <span class='ocrx_word' id='word_1_180' title='bbox 1187 2885 1397 2960; x_wconf 90' lang='lat' dir='ltr'>Aristoteles,</span> <span class='ocrx_word' id='word_1_181' title='bbox 1409 2895 1522 2948; x_wconf 91' lang='lat' dir='ltr'>nostra</span> 
     </span>
     <span class='ocr_line' id='line_1_23' title="bbox 369 2987 1522 3059; baseline -0.003 -6"><span class='ocrx_word' id='word_1_182' title='bbox 369 2990 511 3054; x_wconf 91' lang='lat' dir='ltr'>libenter</span> <span class='ocrx_word' id='word_1_183' title='bbox 526 2991 688 3056; x_wconf 90' lang='lat' dir='ltr'>trahimus</span> <span class='ocrx_word' id='word_1_184' title='bbox 711 2993 745 3056; x_wconf 90' lang='lat' dir='ltr'>in</span> <span class='ocrx_word' id='word_1_185' title='bbox 766 2994 1049 3058; x_wconf 89' lang='lat' dir='ltr'>consuetudinem.</span> <span class='ocrx_word' id='word_1_186' title='bbox 1095 2993 1233 3059; x_wconf 89' lang='lat' dir='ltr'>Etcum</span> <span class='ocrx_word' id='word_1_187' title='bbox 1258 3013 1356 3056; x_wconf 91' lang='lat' dir='ltr'>nemo</span> <span class='ocrx_word' id='word_1_188' title='bbox 1375 2989 1438 3053; x_wconf 91' lang='lat' dir='ltr'>sibi</span> <span class='ocrx_word' id='word_1_189' title='bbox 1460 2987 1522 3051; x_wconf 93' lang='lat' dir='ltr'>soli</span> 
     </span>
     <span class='ocr_line' id='line_1_24' title="bbox 369 3095 1523 3181; baseline -0.003 -23"><span class='ocrx_word' id='word_1_190' title='bbox 369 3104 466 3172; x_wconf 91' lang='lat' dir='ltr'>errat,</span> <span class='ocrx_word' id='word_1_191' title='bbox 481 3097 540 3159; x_wconf 87' lang='lat' dir='ltr'>sed</span> <span class='ocrx_word' id='word_1_192' title='bbox 563 3097 762 3161; x_wconf 88' lang='lat' dir='ltr'>sententiam</span> <span class='ocrx_word' id='word_1_193' title='bbox 781 3119 876 3163; x_wconf 91' lang='lat' dir='ltr'>suam</span> <span class='ocrx_word' id='word_1_194' title='bbox 900 3118 1055 3181; x_wconf 91' lang='lat' dir='ltr'>spargere</span> <span class='ocrx_word' id='word_1_195' title='bbox 1078 3099 1202 3181; x_wconf 86' lang='lat' dir='ltr'>gaudet</span> <span class='ocrx_word' id='word_1_196' title='bbox 1225 3099 1258 3160; x_wconf 91' lang='lat' dir='ltr'>in</span> <span class='ocrx_word' id='word_1_197' title='bbox 1281 3095 1464 3179; x_wconf 85' lang='lat' dir='ltr'>proximos,</span> <span class='ocrx_word' id='word_1_198' title='bbox 1485 3101 1523 3156; x_wconf 92' lang='lat' dir='ltr'>ut</span> 
     </span>
     <span class='ocr_line' id='line_1_25' title="bbox 370 3198 1522 3287; baseline -0.006 -22"><span class='ocrx_word' id='word_1_199' title='bbox 370 3201 453 3265; x_wconf 91' lang='lat' dir='ltr'>dicit</span> <span class='ocrx_word' id='word_1_200' title='bbox 491 3199 619 3266; x_wconf 87' lang='lat' dir='ltr'>Seneca</span> <span class='ocrx_word' id='word_1_201' title='bbox 656 3200 742 3265; x_wconf 95' lang='lat' dir='ltr'>libro</span> <span class='ocrx_word' id='word_1_202' title='bbox 777 3203 922 3267; x_wconf 87' lang='lat' dir='ltr'>secundo</span> <span class='ocrx_word' id='word_1_203' title='bbox 953 3202 1180 3287; x_wconf 84' lang='lat' dir='ltr'>epistolarum,</span> <span class='ocrx_word' id='word_1_204' title='bbox 1211 3201 1333 3265; x_wconf 86' lang='lat' dir='ltr'>nostris</span> <span class='ocrx_word' id='word_1_205' title='bbox 1364 3198 1522 3262; x_wconf 92' lang='lat' dir='ltr'>adinven-</span> 
     </span>
     <span class='ocr_line' id='line_1_26' title="bbox 368 3304 1523 3388; baseline -0.003 -21"><span class='ocrx_word' id='word_1_206' title='bbox 368 3304 512 3368; x_wconf 90' lang='lat' dir='ltr'>tionibus</span> <span class='ocrx_word' id='word_1_207' title='bbox 527 3325 728 3388; x_wconf 90' lang='lat' dir='ltr'>occupamus</span> <span class='ocrx_word' id='word_1_208' title='bbox 742 3304 826 3370; x_wconf 92' lang='lat' dir='ltr'>alios</span> <span class='ocrx_word' id='word_1_209' title='bbox 841 3317 876 3369; x_wconf 88' lang='lat' dir='ltr'>et</span> <span class='ocrx_word' id='word_1_210' title='bbox 892 3327 948 3370; x_wconf 90' lang='lat' dir='ltr'>eas</span> <span class='ocrx_word' id='word_1_211' title='bbox 965 3307 997 3369; x_wconf 93' lang='lat' dir='ltr'>in</span> <span class='ocrx_word' id='word_1_212' title='bbox 1013 3306 1149 3388; x_wconf 90' lang='lat' dir='ltr'>vulgum</span> <span class='ocrx_word' id='word_1_213' title='bbox 1165 3313 1325 3388; x_wconf 92' lang='lat' dir='ltr'>quantum</span> <span class='ocrx_word' id='word_1_214' title='bbox 1345 3321 1523 3385; x_wconf 90' lang='lat' dir='ltr'>possumus</span> 
     </span>
     <span class='ocr_line' id='line_1_27' title="bbox 368 3405 1522 3490; baseline -0.003 -18"><span class='ocrx_word' id='word_1_215' title='bbox 368 3409 555 3474; x_wconf 88' lang='lat' dir='ltr'>dilatamus.</span> <span class='ocrx_word' id='word_1_216' title='bbox 599 3409 745 3474; x_wconf 89' lang='lat' dir='ltr'>Necesse</span> <span class='ocrx_word' id='word_1_217' title='bbox 760 3421 812 3474; x_wconf 90' lang='lat' dir='ltr'>est</span> <span class='ocrx_word' id='word_1_218' title='bbox 826 3431 906 3475; x_wconf 87' lang='lat' dir='ltr'>vero</span> <span class='ocrx_word' id='word_1_219' title='bbox 922 3431 1038 3474; x_wconf 89' lang='lat' dir='ltr'>causas</span> <span class='ocrx_word' id='word_1_220' title='bbox 1053 3408 1255 3474; x_wconf 88' lang='lat' dir='ltr'>universales</span> <span class='ocrx_word' id='word_1_221' title='bbox 1274 3409 1328 3472; x_wconf 90' lang='lat' dir='ltr'>hic</span> <span class='ocrx_word' id='word_1_222' title='bbox 1343 3405 1522 3490; x_wconf 89' lang='lat' dir='ltr'>praemitti.</span> 
     </span>
     <span class='ocr_line' id='line_1_28' title="bbox 368 3511 1522 3580; baseline -0.005 -3"><span class='ocrx_word' id='word_1_223' title='bbox 368 3514 491 3578; x_wconf 92' lang='lat' dir='ltr'>adhoc</span> <span class='ocrx_word' id='word_1_224' title='bbox 507 3525 545 3579; x_wconf 92' lang='lat' dir='ltr'>ut</span> <span class='ocrx_word' id='word_1_225' title='bbox 565 3535 655 3578; x_wconf 92' lang='lat' dir='ltr'>error</span> <span class='ocrx_word' id='word_1_226' title='bbox 669 3515 792 3580; x_wconf 87' lang='lat' dir='ltr'>vitetur</span> <span class='ocrx_word' id='word_1_227' title='bbox 813 3525 846 3578; x_wconf 90' lang='lat' dir='ltr'>et</span> <span class='ocrx_word' id='word_1_228' title='bbox 861 3515 982 3579; x_wconf 88' lang='lat' dir='ltr'>veritas</span> <span class='ocrx_word' id='word_1_229' title='bbox 1003 3513 1191 3579; x_wconf 89' lang='lat' dir='ltr'>relucescat.</span> <span class='ocrx_word' id='word_1_230' title='bbox 1236 3513 1326 3576; x_wconf 92' lang='lat' dir='ltr'>Nam</span> <span class='ocrx_word' id='word_1_231' title='bbox 1349 3512 1381 3574; x_wconf 93' lang='lat' dir='ltr'>in</span> <span class='ocrx_word' id='word_1_232' title='bbox 1404 3511 1522 3574; x_wconf 91' lang='lat' dir='ltr'>morbo</span> 
     </span>
     <span class='ocr_line' id='line_1_29' title="bbox 369 3615 1523 3701; baseline -0.004 -22"><span class='ocrx_word' id='word_1_233' title='bbox 369 3617 533 3700; x_wconf 90' lang='lat' dir='ltr'>spirituali</span> <span class='ocrx_word' id='word_1_234' title='bbox 555 3619 664 3682; x_wconf 90' lang='lat' dir='ltr'>evenit</span> <span class='ocrx_word' id='word_1_235' title='bbox 685 3619 770 3682; x_wconf 89' lang='lat' dir='ltr'>sicut</span> <span class='ocrx_word' id='word_1_236' title='bbox 793 3619 826 3682; x_wconf 95' lang='lat' dir='ltr'>in</span> <span class='ocrx_word' id='word_1_237' title='bbox 853 3619 969 3684; x_wconf 91' lang='lat' dir='ltr'>morbo</span> <span class='ocrx_word' id='word_1_238' title='bbox 988 3618 1159 3701; x_wconf 92' lang='lat' dir='ltr'>corporali.</span> <span class='ocrx_word' id='word_1_239' title='bbox 1205 3617 1329 3680; x_wconf 90' lang='lat' dir='ltr'>Medici</span> <span class='ocrx_word' id='word_1_240' title='bbox 1353 3615 1441 3678; x_wconf 89' lang='lat' dir='ltr'>enim</span> <span class='ocrx_word' id='word_1_241' title='bbox 1464 3634 1523 3697; x_wconf 94' lang='lat' dir='ltr'>per</span> 
     </span>
     <span class='ocr_line' id='line_1_30' title="bbox 368 3703 1521 3805; baseline -0.003 -21"><span class='ocrx_word' id='word_1_242' title='bbox 368 3721 463 3802; x_wconf 90' lang='lat' dir='ltr'>signa</span> <span class='ocrx_word' id='word_1_243' title='bbox 483 3742 599 3786; x_wconf 87' lang='lat' dir='ltr'>causas</span> <span class='ocrx_word' id='word_1_244' title='bbox 620 3723 770 3805; x_wconf 88' lang='lat' dir='ltr'>proprias</span> <span class='ocrx_word' id='word_1_245' title='bbox 792 3731 826 3785; x_wconf 88' lang='lat' dir='ltr'>et</span> <span class='ocrx_word' id='word_1_246' title='bbox 847 3721 1062 3804; x_wconf 87' lang='lat' dir='ltr'>particulares</span> <span class='ocrx_word' id='word_1_247' title='bbox 1086 3722 1194 3786; x_wconf 92' lang='lat' dir='ltr'>morbi</span> <span class='ocrx_word' id='word_1_248' title='bbox 1210 3703 1438 3804; x_wconf 88' lang='lat' dir='ltr'>cognoscunt;</span> <span class='ocrx_word' id='word_1_249' title='bbox 1461 3717 1521 3781; x_wconf 91' lang='lat' dir='ltr'>sed</span> 
     </span>
     <span class='ocr_line' id='line_1_31' title="bbox 369 3821 1560 3908; baseline -0.003 -21"><span class='ocrx_word' id='word_1_250' title='bbox 369 3834 438 3887; x_wconf 91' lang='lat' dir='ltr'>tam</span> <span class='ocrx_word' id='word_1_251' title='bbox 454 3825 541 3889; x_wconf 93' lang='lat' dir='ltr'>hanc</span> <span class='ocrx_word' id='word_1_252' title='bbox 556 3846 657 3908; x_wconf 90' lang='lat' dir='ltr'>quam</span> <span class='ocrx_word' id='word_1_253' title='bbox 673 3825 748 3890; x_wconf 91' lang='lat' dir='ltr'>illas</span> <span class='ocrx_word' id='word_1_254' title='bbox 763 3827 932 3908; x_wconf 92' lang='lat' dir='ltr'>praecedit</span> <span class='ocrx_word' id='word_1_255' title='bbox 948 3846 1120 3891; x_wconf 87' lang='lat' dir='ltr'>causarum</span> <span class='ocrx_word' id='word_1_256' title='bbox 1141 3824 1374 3890; x_wconf 90' lang='lat' dir='ltr'>universalium</span> <span class='ocrx_word' id='word_1_257' title='bbox 1391 3821 1523 3896; x_wconf 87' lang='lat' dir='ltr'>notitia,</span> <span class='ocrx_word' id='word_1_258' title='bbox 1556 3889 1560 3898; x_wconf 56' lang='grc'>,</span> 
     </span>
     <span class='ocr_line' id='line_1_32' title="bbox 370 3924 1523 4010; baseline -0.003 -19"><span class='ocrx_word' id='word_1_259' title='bbox 370 3949 452 4010; x_wconf 90' lang='lat' dir='ltr'>quas</span> <span class='ocrx_word' id='word_1_260' title='bbox 476 3949 498 3990; x_wconf 91' lang='lat' dir='ltr'>a</span> <span class='ocrx_word' id='word_1_261' title='bbox 524 3930 756 3993; x_wconf 87' lang='lat' dir='ltr'>communibus</span> <span class='ocrx_word' id='word_1_262' title='bbox 782 3931 981 3993; x_wconf 89' lang='lat' dir='ltr'>naturalium</span> <span class='ocrx_word' id='word_1_263' title='bbox 1010 3930 1157 3994; x_wconf 90' lang='lat' dir='ltr'>medicus</span> <span class='ocrx_word' id='word_1_264' title='bbox 1183 3929 1285 3993; x_wconf 89' lang='lat' dir='ltr'>habet</span> <span class='ocrx_word' id='word_1_265' title='bbox 1311 3927 1413 4003; x_wconf 91' lang='lat' dir='ltr'>scire;</span> <span class='ocrx_word' id='word_1_266' title='bbox 1443 3924 1523 4006; x_wconf 88' lang='lat' dir='ltr'>quia</span> 
     </span>
     <span class='ocr_line' id='line_1_33' title="bbox 369 4028 1523 4115; baseline -0.003 -19"><span class='ocrx_word' id='word_1_267' title='bbox 369 4033 450 4096; x_wconf 91' lang='lat' dir='ltr'>dicit</span> <span class='ocrx_word' id='word_1_268' title='bbox 472 4031 688 4115; x_wconf 89' lang='lat' dir='ltr'>philosophus</span> <span class='ocrx_word' id='word_1_269' title='bbox 711 4033 796 4097; x_wconf 93' lang='lat' dir='ltr'>libro</span> <span class='ocrx_word' id='word_1_270' title='bbox 819 4035 862 4097; x_wconf 88' lang='lat' dir='ltr'>de</span> <span class='ocrx_word' id='word_1_271' title='bbox 884 4033 991 4099; x_wconf 90' lang='lat' dir='ltr'>Sensu</span> <span class='ocrx_word' id='word_1_272' title='bbox 1013 4043 1046 4096; x_wconf 93' lang='lat' dir='ltr'>et</span> <span class='ocrx_word' id='word_1_273' title='bbox 1067 4031 1244 4109; x_wconf 83' lang='lat' dir='ltr'>Sensato¹‚</span> <span class='ocrx_word' id='word_1_274' title='bbox 1262 4031 1318 4094; x_wconf 95' lang='lat' dir='ltr'>ubi</span> <span class='ocrx_word' id='word_1_275' title='bbox 1341 4028 1523 4094; x_wconf 88' lang='lat' dir='ltr'>terminant</span> 
     </span>
     <span class='ocr_line' id='line_1_34' title="bbox 368 4132 1522 4220; baseline -0.003 -23"><span class='ocrx_word' id='word_1_276' title='bbox 368 4136 531 4219; x_wconf 93' lang='lat' dir='ltr'>principia</span> <span class='ocrx_word' id='word_1_277' title='bbox 547 4136 776 4219; x_wconf 92' lang='lat' dir='ltr'>philosophiae</span> <span class='ocrx_word' id='word_1_278' title='bbox 791 4137 950 4201; x_wconf 90' lang='lat' dir='ltr'>naturalis</span> <span class='ocrx_word' id='word_1_279' title='bbox 967 4137 1126 4220; x_wconf 91' lang='lat' dir='ltr'>incipiunt</span> <span class='ocrx_word' id='word_1_280' title='bbox 1147 4136 1308 4218; x_wconf 89' lang='lat' dir='ltr'>principia</span> <span class='ocrx_word' id='word_1_281' title='bbox 1328 4132 1522 4198; x_wconf 88' lang='lat' dir='ltr'>medicinae.</span> 
     </span>
     <span class='ocr_line' id='line_1_35' title="bbox 369 4238 1523 4325; baseline -0.005 -21"><span class='ocrx_word' id='word_1_282' title='bbox 369 4238 529 4304; x_wconf 90' lang='lat' dir='ltr'>Similiter</span> <span class='ocrx_word' id='word_1_283' title='bbox 542 4240 644 4322; x_wconf 88' lang='lat' dir='ltr'>igitur</span> <span class='ocrx_word' id='word_1_284' title='bbox 664 4242 698 4304; x_wconf 92' lang='lat' dir='ltr'>in</span> <span class='ocrx_word' id='word_1_285' title='bbox 717 4261 797 4306; x_wconf 89' lang='lat' dir='ltr'>cura</span> <span class='ocrx_word' id='word_1_286' title='bbox 815 4242 1025 4325; x_wconf 89' lang='lat' dir='ltr'>ignorantiae</span> <span class='ocrx_word' id='word_1_287' title='bbox 1048 4250 1082 4305; x_wconf 91' lang='lat' dir='ltr'>et</span> <span class='ocrx_word' id='word_1_288' title='bbox 1103 4241 1228 4315; x_wconf 89' lang='lat' dir='ltr'>erroris,</span> <span class='ocrx_word' id='word_1_289' title='bbox 1249 4249 1286 4304; x_wconf 91' lang='lat' dir='ltr'>ut</span> <span class='ocrx_word' id='word_1_290' title='bbox 1300 4238 1422 4302; x_wconf 89' lang='lat' dir='ltr'>veritas</span> <span class='ocrx_word' id='word_1_291' title='bbox 1442 4254 1523 4298; x_wconf 89' lang='lat' dir='ltr'>sana</span> 
     </span>
     <span class='ocr_line' id='line_1_36' title="bbox 369 4341 1524 4430; baseline -0.003 -24"><span class='ocrx_word' id='word_1_292' title='bbox 369 4345 554 4420; x_wconf 91' lang='lat' dir='ltr'>inducatur,</span> <span class='ocrx_word' id='word_1_293' title='bbox 578 4355 657 4408; x_wconf 89' lang='lat' dir='ltr'>ante</span> <span class='ocrx_word' id='word_1_294' title='bbox 689 4345 794 4429; x_wconf 90' lang='lat' dir='ltr'>ipsius</span> <span class='ocrx_word' id='word_1_295' title='bbox 824 4346 987 4430; x_wconf 88' lang='lat' dir='ltr'>propositi</span> <span class='ocrx_word' id='word_1_296' title='bbox 1017 4345 1258 4410; x_wconf 88' lang='lat' dir='ltr'>exhibitionem</span> <span class='ocrx_word' id='word_1_297' title='bbox 1285 4341 1463 4425; x_wconf 90' lang='lat' dir='ltr'>requiritur</span> <span class='ocrx_word' id='word_1_298' title='bbox 1485 4349 1524 4403; x_wconf 91' lang='lat' dir='ltr'>ut</span> 
     </span>
    </p>
   </div>
   <div class='ocr_carea' id='block_1_3' title="bbox 368 4535 1525 4764">
    <p class='ocr_par' dir='ltr' id='par_1_5' title="bbox 368 4535 1525 4764">
     <span class='ocr_line' id='line_1_37' title="bbox 399 4535 1523 4604; baseline -0.007 -13"><span class='ocrx_word' id='word_1_299' title='bbox 399 4541 409 4571; x_wconf 91' lang='lat'><strong>¹</strong></span> <span class='ocrx_word' id='word_1_300' title='bbox 427 4541 467 4590; x_wconf 70' lang='lat' dir='ltr'>Dr</span> <span class='ocrx_word' id='word_1_301' title='bbox 492 4541 584 4599; x_wconf 63' lang='grc' dir='ltr'>ὅσω,</span> <span class='ocrx_word' id='word_1_302' title='bbox 606 4557 661 4604; x_wconf 80' lang='lat' dir='ltr'>cap.</span> <span class='ocrx_word' id='word_1_303' title='bbox 685 4555 697 4589; x_wconf 88' lang='lat'>1</span> <span class='ocrx_word' id='word_1_304' title='bbox 720 4541 771 4589; x_wconf 77' lang='grc' dir='ltr'>τῶν</span> <span class='ocrx_word' id='word_1_305' title='bbox 792 4539 846 4602; x_wconf 72' lang='grc' dir='ltr'>περὶ</span> <span class='ocrx_word' id='word_1_306' title='bbox 868 4539 964 4604; x_wconf 74' lang='grc' dir='ltr'><strong><em>φύσεως</em></strong></span> <span class='ocrx_word' id='word_1_307' title='bbox 985 4540 1008 4589; x_wconf 86' lang='grc' dir='ltr'>οἰ</span> <span class='ocrx_word' id='word_1_308' title='bbox 1031 4541 1143 4589; x_wconf 59' lang='lat' dir='ltr'>rariora«</span> <span class='ocrx_word' id='word_1_309' title='bbox 1164 4537 1204 4588; x_wconf 80' lang='grc' dir='ltr'><strong><em>ιιιιί</em></strong></span> <span class='ocrx_word' id='word_1_310' title='bbox 1226 4537 1275 4587; x_wconf 74' lang='grc' dir='ltr'>τῶν</span> <span class='ocrx_word' id='word_1_311' title='bbox 1295 4535 1385 4600; x_wconf 76' lang='grc' dir='ltr'><strong><em>ἰατρῶν</em></strong></span> <span class='ocrx_word' id='word_1_312' title='bbox 1407 4536 1430 4584; x_wconf 83' lang='grc' dir='ltr'>οἰ</span> <span class='ocrx_word' id='word_1_313' title='bbox 1452 4539 1523 4596; x_wconf 79' lang='grc' dir='ltr'><strong><em>φιλο-</em></strong></span> 
     </span>
     <span class='ocr_line' id='line_1_38' title="bbox 368 4613 1525 4683; baseline -0.008 -14"><span class='ocrx_word' id='word_1_314' title='bbox 368 4619 509 4682; x_wconf 69' lang='grc' dir='ltr'>σοφντίρνι</span> <span class='ocrx_word' id='word_1_315' title='bbox 518 4618 564 4681; x_wconf 69' lang='grc' dir='ltr'>τὴν</span> <span class='ocrx_word' id='word_1_316' title='bbox 575 4617 667 4683; x_wconf 68' lang='lat' dir='ltr'>rimu</span> <span class='ocrx_word' id='word_1_317' title='bbox 677 4617 811 4680; x_wconf 69' lang='lat' dir='ltr'>pauno,</span> <span class='ocrx_word' id='word_1_318' title='bbox 823 4619 847 4668; x_wconf 88' lang='grc' dir='ltr'>οἰ</span> <span class='ocrx_word' id='word_1_319' title='bbox 861 4618 908 4679; x_wconf 76' lang='grc' dir='ltr'>μὶν</span> <span class='ocrx_word' id='word_1_320' title='bbox 924 4619 1074 4668; x_wconf 68' lang='grc' dir='ltr'>τελευτῶσιν</span> <span class='ocrx_word' id='word_1_321' title='bbox 1084 4619 1117 4667; x_wconf 75' lang='grc' dir='ltr'>εἰς</span> <span class='ocrx_word' id='word_1_322' title='bbox 1131 4616 1163 4667; x_wconf 73' lang='lat' dir='ltr'>vd</span> <span class='ocrx_word' id='word_1_323' title='bbox 1176 4616 1230 4683; x_wconf 77' lang='grc' dir='ltr'>πιρί</span> <span class='ocrx_word' id='word_1_324' title='bbox 1241 4615 1355 4680; x_wconf 69' lang='grc' dir='ltr'><strong><em>ἰατρικῆς,</em></strong></span> <span class='ocrx_word' id='word_1_325' title='bbox 1366 4616 1390 4664; x_wconf 82' lang='lat' dir='ltr'>ol</span> <span class='ocrx_word' id='word_1_326' title='bbox 1400 4613 1421 4664; x_wconf 74' lang='grc' dir='ltr'>δ’</span> <span class='ocrx_word' id='word_1_327' title='bbox 1433 4613 1462 4663; x_wconf 78' lang='lat' dir='ltr'>ln</span> <span class='ocrx_word' id='word_1_328' title='bbox 1473 4613 1525 4660; x_wconf 78' lang='grc' dir='ltr'>τῶν</span> 
     </span>
     <span class='ocr_line' id='line_1_39' title="bbox 368 4696 896 4764; baseline 0.006 -18"><span class='ocrx_word' id='word_1_329' title='bbox 368 4697 421 4761; x_wconf 66' lang='lat' dir='ltr'>arpi</span> <span class='ocrx_word' id='word_1_330' title='bbox 432 4697 525 4763; x_wconf 66' lang='lat' dir='ltr'>pridem</span> <span class='ocrx_word' id='word_1_331' title='bbox 535 4698 652 4763; x_wconf 66' lang='grc' dir='ltr'>ἄρχονται</span> <span class='ocrx_word' id='word_1_332' title='bbox 663 4696 715 4764; x_wconf 74' lang='grc' dir='ltr'>πιρί</span> <span class='ocrx_word' id='word_1_333' title='bbox 726 4697 771 4760; x_wconf 68' lang='grc' dir='ltr'>τῆς</span> <span class='ocrx_word' id='word_1_334' title='bbox 781 4697 896 4762; x_wconf 65' lang='grc' dir='ltr'><strong><em>ἰατρικῆς.</em></strong></span> 
     </span>
    </p>
   </div>
   <div class='ocr_carea' id='block_1_4' title="bbox 0 0 1792 5375">
    <p class='ocr_par' dir='ltr' id='par_1_6' title="bbox 0 0 1792 5375">
     <span class='ocr_line' id='line_1_40' title="bbox 0 0 1792 5375; baseline 0 0"><span class='ocrx_word' id='word_1_335' title='bbox 0 0 1792 5375; x_wconf 95' lang='lat' dir='ltr'> </span> 
     </span>
    </p>
   </div>
  </div>
 </body>
</html>
