3575 5375
375 553 437 615 350
599 537 755 597 OPERIS
779 538 968 607 MAJORIS
993 538 1108 596 PARS
1133 538 1316 611 QUARTA.

377 699 569 765 necessario.
617 701 684 766 Sed
711 721 779 766 non
808 702 951 766 habetur
980 701 1045 766 hoc
1072 722 1138 768 una
1163 703 1372 780 auctoritate,
1396 702 1456 764 sed
1487 722 1532 764 ex

378 805 491 870 multis
508 806 675 890 colligitur
690 817 724 869 et
739 808 888 890 sequitur
902 828 946 870 ex
963 807 1150 890 praedictis.
1195 807 1296 890 Quod
1312 807 1401 870 enim
1419 807 1533 870 xxxiv

378 910 613 986 Numerorum,
626 921 660 975 et
686 911 744 974 xiv
769 931 868 993 super
893 912 1105 976 Ezechielem
1132 911 1247 976 multis
1272 912 1356 976 locis
1378 911 1532 990 habetur,

377 1016 467 1097 quod
490 1034 582 1079 mare
598 1014 761 1080 Cenereth
778 1024 811 1078 et
826 1015 982 1096 Jordanis
997 1027 1031 1081 et
1046 1015 1236 1097 hujusmodi
1252 1026 1330 1080 sunt
1345 1017 1379 1079 in
1394 1015 1532 1092 oriente,

377 1120 440 1184 hoc
470 1129 521 1184 est
550 1139 664 1184 verum
695 1129 846 1202 respectu
876 1131 983 1184 terrae
1017 1141 1188 1204 possessae
1222 1142 1243 1184 a
1275 1120 1413 1202 Judaeis
1447 1120 1532 1184 citra

376 1223 566 1306 Jordanem.
613 1224 679 1289 Sed
696 1224 782 1290 ultra
805 1225 984 1304 Jordanem
1009 1225 1115 1288 multa
1134 1227 1366 1307 possederunt,
1380 1237 1418 1290 ut
1434 1233 1531 1307 patet

378 1347 436 1408 per
452 1328 536 1391 duas
552 1327 657 1392 tribus
675 1339 708 1392 et
729 1329 912 1404 dimidiam,
926 1338 959 1393 et
978 1328 1074 1412 plura
1096 1328 1228 1392 luerunt
1250 1330 1298 1392 eis
1321 1330 1531 1412 repromissa,

377 1433 535 1512 quoniam
551 1434 716 1514 usquead
734 1432 952 1516 Euphratem.

421 1533 484 1599 1ln
509 1538 619 1600 medio
642 1535 789 1618 Judaeae
814 1548 863 1601 est
884 1536 1095 1601 Hierusalem
1110 1538 1275 1601 variarum
1299 1557 1403 1620 opum
1426 1538 1531 1615 dives,

378 1641 466 1702 unde
483 1642 664 1704 secundum
681 1641 823 1724 gratiam
840 1641 1081 1704 elementorum
1099 1651 1300 1723 putaverunt
1314 1641 1433 1722 Judaei
1454 1662 1530 1704 eam

378 1745 574 1825 promissam
605 1745 764 1808 fluentem
790 1745 841 1810 lac
866 1757 900 1810 et
934 1745 1008 1821 mel,
1030 1767 1105 1811 cum
1133 1746 1209 1810 hinc
1232 1735 1287 1811 eis⁴
1305 1748 1399 1810 Deus
1423 1768 1530 1810 resur·

379 1849 531 1912 rectionis
555 1851 820 1932 praerogativam
843 1850 1026 1933 pollicetur.
1073 1851 1222 1916 Scissura
1245 1851 1530 1916 decemtribuum

379 1973 500 2017 nomen
524 1954 617 2019 dedit
632 1953 775 2037 Judaeis,
792 1975 869 2018 nam
892 1965 970 2019 ante
995 1956 1140 2020 Hebraei
1163 1957 1231 2019 sive
1255 1956 1357 2022 lsrael
1379 1956 1530 2018 nomina-

379 2056 508 2122 bantur.
556 2058 612 2120 Ex
628 2079 696 2141 quo
711 2069 823 2123 autem
840 2058 874 2121 in
891 2060 959 2123 duo
974 2079 1076 2142 regna
1092 2060 1157 2123 Dei
1172 2060 1315 2144 populus
1330 2068 1381 2123 est
1396 2060 1530 2137 divisus,

378 2163 464 2226 duae
479 2162 584 2226 tribus
600 2184 686 2246 quae
701 2165 744 2227 de
759 2164 862 2245 stirpe
877 2164 986 2244 Judae
1005 2185 1099 2246 reges
1118 2164 1289 2229 habebant
1310 2163 1427 2244 Judaei
1448 2164 1530 2228 dicti

378 2277 464 2331 sunt.
526 2267 689 2350 Reliquae
720 2269 836 2332 decern
867 2270 972 2332 tribus
994 2288 1080 2350 quae
1103 2268 1136 2329 in
1162 2267 1312 2332 Samaria
1334 2287 1446 2349 regem
1467 2267 1531 2331 sibi

378 2372 619 2435 constituerunt
635 2371 737 2435 Israel
754 2372 864 2437 dictae
879 2381 965 2437 sunt.

210 2491 366 2542 TheTauric
424 2474 479 2539 Ad
495 2487 642 2541 caeteras
659 2477 808 2558 regiones
823 2477 1013 2542 accedendo
1029 2486 1162 2559 oportet
1181 2477 1364 2541 describere
1380 2475 1530 2540 Taurum

208 2558 341 2688 {ppgiqgin
379 2590 526 2644 montem
537 2579 556 2658 ²,
580 2583 739 2664 quoniam
771 2582 842 2664 ipse
871 2582 1080 2646 disterminat
1100 2582 1248 2663 regiones
1272 2581 1426 2644 infinitas.
1471 2580 1532 2643 Ab

209 2692 342 2741 caucasus.
379 2685 505 2749 oriente
521 2696 555 2751 et
577 2685 694 2750 Indico
715 2686 796 2750 mari
818 2688 941 2770 incipit,
956 2697 991 2751 et
1010 2686 1130 2751 transit
1151 2688 1184 2749 in
1205 2707 1359 2751 occasum
1375 2707 1434 2768 per
1449 2683 1532 2751 fines

382 2790 495 2853 Indiae
520 2800 553 2853 et
585 2790 783 2853 Parthorum
815 2811 926 2871 regna,
952 2801 986 2855 et
1017 2790 1296 2873 Mesopotamiam
1323 2801 1357 2857 et
1385 2789 1530 2872 Syriam,

379 2914 461 2975 quas
490 2893 675 2975 provincias
705 2893 860 2976 relinquit
886 2915 998 2959 versus
1028 2896 1211 2972 meridiem,
1240 2906 1274 2959 et
1303 2895 1346 2959 ab
1376 2894 1532 2977 aquilone

378 3007 467 3061 totas
499 2996 699 3079 Scytharum
729 3000 878 3082 regiones
907 3011 941 3066 et
973 3009 1102 3084 partem
1127 3000 1309 3064 Armeniae
1336 3000 1469 3082 majoris
1496 3010 1531 3064 et

380 3100 628 3185 Cappadociam
646 3103 799 3187 relinquit
815 3115 848 3168 et
868 3105 987 3168 transit
1002 3104 1035 3167 in
1051 3103 1212 3169 Ciliciam.
1258 3103 1326 3169 Sed
1345 3104 1531 3167 secundum

379 3207 574 3271 varietatem
586 3208 759 3289 regionum
773 3208 902 3273 diversa
913 3210 1049 3273 sortitur
1060 3209 1203 3272 nomina.
1233 3208 1429 3289 Aliquando
1441 3208 1531 3271 enim

381 3311 556 3387 Caucasus,
580 3314 635 3375 ubi
663 3312 761 3378 altior
791 3324 840 3377 est
867 3324 1003 3397 propter
1028 3313 1270 3378 abundantiam
1294 3313 1429 3388 nivium,
1452 3333 1531 3377 nam

379 3416 509 3479 illorum
526 3417 640 3501 lingua
654 3419 774 3500 quibus
790 3418 954 3482 attollitur
969 3416 1137 3482 Caucasus
1152 3418 1318 3499 signifieat
1332 3418 1532 3494 candidum3

378 3520 457 3584 alibi
482 3521 623 3603 Caspius
644 3531 790 3600 vocatur,
809 3522 887 3587 alibi
912 3523 1049 3599 Taurus,
1073 3532 1107 3585 et
1129 3522 1310 3605 aliquando
1334 3519 1532 3604 Hyrcanus;

379 3633 413 3688 et
444 3624 555 3689 multis
585 3626 657 3691 aliis
680 3628 880 3705 nominibus,
903 3627 1052 3710 pluribus
1075 3647 1175 3709 quam
1197 3625 1325 3709 viginti,
1347 3627 1531 3689 secundum

411 3810 420 3839 ¹
437 3811 500 3860 This
511 3813 665 3873 paragraph,
677 3813 764 3861 which
777 3814 798 3862 is
813 3814 921 3875 missing
937 3814 963 3862 in
981 3815 1026 3863 the
1043 3814 1120 3863 other
1136 3813 1256 3873 Mss.,is
1274 3812 1353 3861 lound
1371 3813 1396 3861 in
1409 3830 1424 3861 a
1436 3813 1492 3861 MS.
1504 3813 1535 3861 oi

379 3889 479 3951 Corpus
497 3888 593 3937 Christi
610 3890 684 3952 Coll.,
703 3891 865 3955 Cambridge,
885 3892 1038 3954 containing
1054 3893 1100 3941 the
1117 3891 1297 3954 geographical
1314 3891 1415 3939 section
1438 3889 1468 3939 of
1486 3892 1531 3939 the

379 3967 452 4030 Opus
462 3966 559 4031 Majus,
569 3968 655 4016 which
668 3969 679 4017 l
692 3984 746 4017 was
758 3970 848 4031 lrindly
860 3970 997 4032 permitted
1008 3979 1035 4019 to
1048 3970 1148 4019 collate.

411 4044 421 4073 ²
437 4046 499 4094 This
512 4047 667 4107 conception
679 4048 709 4095 oi
723 4049 767 4097 the
779 4049 926 4110 continuity
937 4048 967 4096 os
975 4049 1020 4097 the
1033 4056 1106 4110 great
1117 4047 1200 4096 Asian
1212 4047 1287 4096 chain
1299 4061 1386 4095 seems
1398 4054 1425 4095 to
1436 4046 1469 4095 be
1481 4046 1532 4095 due

378 4132 405 4173 to
418 4125 611 4175 Eratosthenes.
649 4125 707 4175 ‘He
725 4127 879 4175 considered
898 4128 963 4175 itas
980 4143 995 4174 a
1012 4135 1069 4174 vast
1087 4142 1168 4187 range
1180 4125 1210 4173 ot'
1223 4125 1371 4173 mountains
1386 4126 1534 4186 occupying

378 4204 404 4251 in
417 4212 488 4265 parts
504 4220 519 4251 a
535 4204 617 4252 width
637 4203 666 4253 ol
678 4212 724 4252 not
740 4205 793 4253 less
810 4206 872 4253 than
887 4220 964 4266 a,ooo
979 4204 1071 4261 stadia,
1083 4205 1134 4252 and
1153 4203 1298 4263 stretching
1309 4203 1335 4250 in
1351 4220 1367 4251 a
1380 4204 1463 4251 direct
1479 4202 1533 4252 line

379 4282 470 4343 nearly
481 4282 587 4343 parallel
598 4283 663 4331 with
675 4283 720 4331 the
731 4290 840 4344 equator
851 4282 916 4331 lrom
926 4284 972 4331 the
984 4282 1092 4330 interior
1103 4281 1135 4329 ot'
1142 4281 1221 4342 Lycia
1232 4282 1283 4329 and
1296 4280 1384 4329 Cilicia
1396 4318 1403 4331 .
1416 4318 1422 4330 .
1435 4316 1441 4327 .
1454 4281 1533 4330 north

378 4361 407 4409 ol
415 4362 460 4410 the
472 4362 557 4423 plains
568 4361 599 4409 ot'
608 4362 793 4425 Mesopotamia
803 4362 854 4410 and
865 4362 974 4424 Assyria
985 4376 1014 4409 as
1025 4361 1087 4408 well
1103 4375 1132 4409 as
1144 4359 1175 4408 of
1182 4360 1228 4408 the
1240 4358 1380 4407 table-land
1392 4359 1422 4407 ol
1436 4358 1533 4420 Peraia,

376 4441 427 4488 and
440 4441 485 4489 the
497 4440 580 4503 plains
597 4440 627 4487 ol
641 4440 724 4501 India,
737 4440 773 4488 till
789 4440 853 4501 they
864 4440 1007 4500 ultimately
1019 4439 1104 4487 ended
1120 4438 1146 4486 in
1164 4438 1209 4486 the
1227 4437 1360 4485 unknown
1378 4453 1458 4486 ocean
1478 4438 1534 4489 that

377 4518 474 4567 formed
489 4520 535 4567 the
552 4526 655 4567 eastern
672 4519 807 4579 boundary
824 4518 853 4567 ol
864 4518 944 4568 Asia’
979 4517 1113 4579 Bunbury,
1124 4516 1192 4566 Hist.
1210 4516 1243 4578 os
1251 4516 1360 4564 Ana'ent
1377 4516 1533 4581 Grogmplry,

377 4596 425 4647 vol.
438 4598 455 4646 i.
467 4613 491 4661 p.
505 4598 560 4658 641.
596 4597 635 4646 Cl.
650 4596 735 4661 Pliny,
747 4612 771 4647 v.
782 4610 823 4657 27.
