<?xml version="1.0" encoding="UTF-8"?>
<!DOCTYPE html PUBLIC "-//W3C//DTD XHTML 1.0 Transitional//EN"
    "http://www.w3.org/TR/xhtml1/DTD/xhtml1-transitional.dtd">
<html xmlns="http://www.w3.org/1999/xhtml" xml:lang="en" lang="en">
 <head>
  <title>
</title>
<meta http-equiv="Content-Type" content="text/html;charset=utf-8" />
  <meta name='ocr-system' content='tesseract 3.04.00' />
  <meta name='ocr-capabilities' content='ocr_page ocr_carea ocr_par ocr_line ocrx_word'/>
</head>
<body>
  <div class='ocr_page' id='page_1' title='image "./opusmajusrogerb01bridgoog/opusmajusrogerb01bridgoog_0434.png"; bbox 0 0 3575 5375; ppageno 0'>
   <div class='ocr_carea' id='block_1_1' title="bbox 433 637 1433 720">
    <p class='ocr_par' dir='ltr' id='par_1_1' title="bbox 433 637 1433 720">
     <span class='ocr_line' id='line_1_1' title="bbox 433 637 1433 720; baseline 0.002 -23"><span class='ocrx_word' id='word_1_1' title='bbox 433 638 782 699; x_wconf 82' lang='lat' dir='ltr'><strong>MATHEMATICAE</strong></span> <span class='ocrx_word' id='word_1_2' title='bbox 805 637 857 696; x_wconf 89' lang='lat' dir='ltr'><strong>IN</strong></span> <span class='ocrx_word' id='word_1_3' title='bbox 879 639 1050 698; x_wconf 83' lang='lat' dir='ltr'><em>DIVINIS</em></span> <span class='ocrx_word' id='word_1_4' title='bbox 1077 637 1284 699; x_wconf 84' lang='lat' dir='ltr'><strong>UTILITAS.</strong></span> <span class='ocrx_word' id='word_1_5' title='bbox 1372 656 1433 720; x_wconf 84' lang='lat'><strong>235</strong></span> 
     </span>
    </p>
   </div>
   <div class='ocr_carea' id='block_1_2' title="bbox 277 799 1573 2654">
    <p class='ocr_par' dir='ltr' id='par_1_2' title="bbox 277 799 1573 2654">
     <span class='ocr_line' id='line_1_2' title="bbox 282 799 1434 885; baseline 0.004 -24"><span class='ocrx_word' id='word_1_6' title='bbox 282 799 363 863; x_wconf 87' lang='lat' dir='ltr'><strong>xviii</strong></span> <span class='ocrx_word' id='word_1_7' title='bbox 386 821 463 885; x_wconf 88' lang='lat' dir='ltr'><strong>pars</strong></span> <span class='ocrx_word' id='word_1_8' title='bbox 486 802 640 868; x_wconf 83' lang='lat' dir='ltr'><strong>diametri</strong></span> <span class='ocrx_word' id='word_1_9' title='bbox 665 801 774 880; x_wconf 92' lang='lat' dir='ltr'><strong>Solis;</strong></span> <span class='ocrx_word' id='word_1_10' title='bbox 797 801 956 885; x_wconf 89' lang='lat' dir='ltr'><strong>quoniam</strong></span> <span class='ocrx_word' id='word_1_11' title='bbox 982 801 1145 866; x_wconf 85' lang='lat' dir='ltr'><strong>diameter</strong></span> <span class='ocrx_word' id='word_1_12' title='bbox 1169 803 1317 885; x_wconf 90' lang='lat' dir='ltr'><strong>corporis</strong></span> <span class='ocrx_word' id='word_1_13' title='bbox 1345 803 1434 866; x_wconf 90' lang='lat' dir='ltr'><strong>Mer-</strong></span> 
     </span>
     <span class='ocr_line' id='line_1_3' title="bbox 281 905 1433 989; baseline 0.004 -23"><span class='ocrx_word' id='word_1_14' title='bbox 281 905 363 967; x_wconf 89' lang='lat' dir='ltr'><strong>curii</strong></span> <span class='ocrx_word' id='word_1_15' title='bbox 386 916 437 970; x_wconf 88' lang='lat' dir='ltr'><strong>est</strong></span> <span class='ocrx_word' id='word_1_16' title='bbox 459 907 616 970; x_wconf 90' lang='lat' dir='ltr'><strong>vicesima</strong></span> <span class='ocrx_word' id='word_1_17' title='bbox 638 917 756 971; x_wconf 88' lang='lat' dir='ltr'><strong>octava</strong></span> <span class='ocrx_word' id='word_1_18' title='bbox 782 926 859 989; x_wconf 88' lang='lat' dir='ltr'><strong>pars</strong></span> <span class='ocrx_word' id='word_1_19' title='bbox 881 905 1035 970; x_wconf 81' lang='lat' dir='ltr'><strong>diametri</strong></span> <span class='ocrx_word' id='word_1_20' title='bbox 1058 905 1189 981; x_wconf 87' lang='lat' dir='ltr'><strong>Terrae,</strong></span> <span class='ocrx_word' id='word_1_21' title='bbox 1212 915 1246 970; x_wconf 92' lang='lat' dir='ltr'><strong>et</strong></span> <span class='ocrx_word' id='word_1_22' title='bbox 1272 906 1433 971; x_wconf 88' lang='lat' dir='ltr'><strong>diameter</strong></span> 
     </span>
     <span class='ocr_line' id='line_1_4' title="bbox 281 1006 1432 1093; baseline 0.004 -23"><span class='ocrx_word' id='word_1_23' title='bbox 281 1007 419 1071; x_wconf 86' lang='lat' dir='ltr'><strong>Veneris</strong></span> <span class='ocrx_word' id='word_1_24' title='bbox 436 1006 510 1073; x_wconf 85' lang='lat' dir='ltr'><strong>est¹</strong></span> <span class='ocrx_word' id='word_1_25' title='bbox 533 1011 632 1075; x_wconf 90' lang='lat' dir='ltr'><strong>tertia</strong></span> <span class='ocrx_word' id='word_1_26' title='bbox 656 1031 733 1093; x_wconf 90' lang='lat' dir='ltr'><strong>pars</strong></span> <span class='ocrx_word' id='word_1_27' title='bbox 760 1009 915 1075; x_wconf 88' lang='lat' dir='ltr'><strong>diametri</strong></span> <span class='ocrx_word' id='word_1_28' title='bbox 946 1011 1069 1074; x_wconf 84' lang='lat' dir='ltr'><strong>Terrae</strong></span> <span class='ocrx_word' id='word_1_29' title='bbox 1090 1020 1124 1075; x_wconf 90' lang='lat' dir='ltr'><strong>et</strong></span> <span class='ocrx_word' id='word_1_30' title='bbox 1141 1011 1240 1074; x_wconf 88' lang='lat' dir='ltr'><strong>tertia</strong></span> <span class='ocrx_word' id='word_1_31' title='bbox 1262 1011 1375 1093; x_wconf 90' lang='lat' dir='ltr'><strong>partis,</strong></span> <span class='ocrx_word' id='word_1_32' title='bbox 1398 1021 1432 1075; x_wconf 89' lang='lat' dir='ltr'><strong>et</strong></span> 
     </span>
     <span class='ocr_line' id='line_1_5' title="bbox 281 1111 1433 1193; baseline 0.004 -19"><span class='ocrx_word' id='word_1_33' title='bbox 281 1111 445 1177; x_wconf 87' lang='lat' dir='ltr'><strong>diameter</strong></span> <span class='ocrx_word' id='word_1_34' title='bbox 464 1113 584 1178; x_wconf 86' lang='lat' dir='ltr'><strong>Martis</strong></span> <span class='ocrx_word' id='word_1_35' title='bbox 602 1123 653 1178; x_wconf 91' lang='lat' dir='ltr'><strong>est</strong></span> <span class='ocrx_word' id='word_1_36' title='bbox 674 1114 791 1178; x_wconf 90' lang='lat' dir='ltr'><strong>similis</strong></span> <span class='ocrx_word' id='word_1_37' title='bbox 809 1115 973 1180; x_wconf 90' lang='lat' dir='ltr'><strong>diametro</strong></span> <span class='ocrx_word' id='word_1_38' title='bbox 996 1112 1120 1178; x_wconf 84' lang='lat' dir='ltr'><strong>Terrae</strong></span> <span class='ocrx_word' id='word_1_39' title='bbox 1141 1114 1245 1178; x_wconf 88' lang='lat' dir='ltr'><strong>semel</strong></span> <span class='ocrx_word' id='word_1_40' title='bbox 1266 1124 1301 1178; x_wconf 91' lang='lat' dir='ltr'><strong>et</strong></span> <span class='ocrx_word' id='word_1_41' title='bbox 1324 1123 1433 1193; x_wconf 86' lang='lat' dir='ltr'><strong>sexta,</strong></span> 
     </span>
     <span class='ocr_line' id='line_1_6' title="bbox 280 1214 1432 1302; baseline 0.004 -25"><span class='ocrx_word' id='word_1_42' title='bbox 280 1214 442 1280; x_wconf 88' lang='lat' dir='ltr'><strong>diameter</strong></span> <span class='ocrx_word' id='word_1_43' title='bbox 456 1216 550 1298; x_wconf 86' lang='lat' dir='ltr'><strong>Jovis</strong></span> <span class='ocrx_word' id='word_1_44' title='bbox 569 1229 620 1283; x_wconf 88' lang='lat' dir='ltr'><strong>est</strong></span> <span class='ocrx_word' id='word_1_45' title='bbox 642 1218 790 1302; x_wconf 86' lang='lat' dir='ltr'><strong>aequalis</strong></span> <span class='ocrx_word' id='word_1_46' title='bbox 810 1219 975 1282; x_wconf 89' lang='lat' dir='ltr'><strong>diametro</strong></span> <span class='ocrx_word' id='word_1_47' title='bbox 994 1217 1118 1282; x_wconf 91' lang='lat' dir='ltr'><strong>Terrae</strong></span> <span class='ocrx_word' id='word_1_48' title='bbox 1137 1228 1256 1301; x_wconf 87' lang='lat' dir='ltr'><strong>quater</strong></span> <span class='ocrx_word' id='word_1_49' title='bbox 1275 1229 1311 1282; x_wconf 91' lang='lat' dir='ltr'><strong>et</strong></span> <span class='ocrx_word' id='word_1_50' title='bbox 1331 1219 1432 1282; x_wconf 87' lang='lat' dir='ltr'><strong>semis</strong></span> 
     </span>
     <span class='ocr_line' id='line_1_7' title="bbox 281 1320 1431 1404; baseline 0.003 -23"><span class='ocrx_word' id='word_1_51' title='bbox 281 1328 315 1382; x_wconf 93' lang='lat' dir='ltr'><strong>et</strong></span> <span class='ocrx_word' id='word_1_52' title='bbox 336 1321 393 1384; x_wconf 84' lang='lat' dir='ltr'><strong>xvi</strong></span> <span class='ocrx_word' id='word_1_53' title='bbox 407 1321 488 1385; x_wconf 89' lang='lat' dir='ltr'><strong>vicis</strong></span> <span class='ocrx_word' id='word_1_54' title='bbox 507 1323 612 1401; x_wconf 87' lang='lat' dir='ltr'><strong>unius,</strong></span> <span class='ocrx_word' id='word_1_55' title='bbox 630 1331 664 1386; x_wconf 91' lang='lat' dir='ltr'><strong>et</strong></span> <span class='ocrx_word' id='word_1_56' title='bbox 684 1323 847 1387; x_wconf 88' lang='lat' dir='ltr'><strong>diameter</strong></span> <span class='ocrx_word' id='word_1_57' title='bbox 869 1320 1005 1387; x_wconf 89' lang='lat' dir='ltr'><strong>Saturni</strong></span> <span class='ocrx_word' id='word_1_58' title='bbox 1027 1331 1079 1386; x_wconf 89' lang='lat' dir='ltr'><strong>est</strong></span> <span class='ocrx_word' id='word_1_59' title='bbox 1102 1321 1249 1404; x_wconf 89' lang='lat' dir='ltr'><strong>aequalis</strong></span> <span class='ocrx_word' id='word_1_60' title='bbox 1267 1322 1431 1388; x_wconf 90' lang='lat' dir='ltr'><strong>diametro</strong></span> 
     </span>
     <span class='ocr_line' id='line_1_8' title="bbox 281 1422 1431 1509; baseline 0.003 -23"><span class='ocrx_word' id='word_1_61' title='bbox 281 1422 405 1487; x_wconf 88' lang='lat' dir='ltr'><strong>Terrae</strong></span> <span class='ocrx_word' id='word_1_62' title='bbox 419 1436 537 1508; x_wconf 90' lang='lat' dir='ltr'><strong>quater</strong></span> <span class='ocrx_word' id='word_1_63' title='bbox 551 1437 585 1491; x_wconf 92' lang='lat' dir='ltr'><strong>et</strong></span> <span class='ocrx_word' id='word_1_64' title='bbox 599 1427 709 1503; x_wconf 89' lang='lat' dir='ltr'><strong>semis,</strong></span> <span class='ocrx_word' id='word_1_65' title='bbox 724 1427 816 1509; x_wconf 89' lang='lat' dir='ltr'><strong>quod</strong></span> <span class='ocrx_word' id='word_1_66' title='bbox 830 1435 880 1490; x_wconf 86' lang='lat' dir='ltr'><strong>est</strong></span> <span class='ocrx_word' id='word_1_67' title='bbox 898 1438 1015 1508; x_wconf 83' lang='lat'><strong>29,250</strong></span> <span class='ocrx_word' id='word_1_68' title='bbox 1030 1425 1192 1490; x_wconf 84' lang='lat' dir='ltr'><strong>milliaria.</strong></span> <span class='ocrx_word' id='word_1_69' title='bbox 1238 1426 1295 1489; x_wconf 89' lang='lat' dir='ltr'><strong>Ex</strong></span> <span class='ocrx_word' id='word_1_70' title='bbox 1310 1426 1431 1509; x_wconf 93' lang='lat' dir='ltr'><strong>quibus</strong></span> 
     </span>
     <span class='ocr_line' id='line_1_9' title="bbox 280 1529 1431 1614; baseline 0.004 -23"><span class='ocrx_word' id='word_1_71' title='bbox 280 1529 430 1610; x_wconf 87' lang='lat' dir='ltr'><strong>sequitur</strong></span> <span class='ocrx_word' id='word_1_72' title='bbox 454 1531 545 1613; x_wconf 93' lang='lat' dir='ltr'><strong>quod</strong></span> <span class='ocrx_word' id='word_1_73' title='bbox 566 1550 685 1614; x_wconf 91' lang='lat' dir='ltr'><strong>corpus</strong></span> <span class='ocrx_word' id='word_1_74' title='bbox 710 1531 865 1595; x_wconf 86' lang='lat' dir='ltr'><strong>Mercurii</strong></span> <span class='ocrx_word' id='word_1_75' title='bbox 887 1539 939 1594; x_wconf 89' lang='lat' dir='ltr'><strong>est</strong></span> <span class='ocrx_word' id='word_1_76' title='bbox 960 1550 1125 1614; x_wconf 91' lang='lat' dir='ltr'><strong>unapars</strong></span> <span class='ocrx_word' id='word_1_77' title='bbox 1149 1531 1191 1596; x_wconf 93' lang='lat' dir='ltr'><strong>de</strong></span> <span class='ocrx_word' id='word_1_78' title='bbox 1218 1547 1258 1595; x_wconf 81' lang='lat'><strong>22</strong></span> <span class='ocrx_word' id='word_1_79' title='bbox 1287 1531 1431 1596; x_wconf 86' lang='lat' dir='ltr'><strong>millibus</strong></span> 
     </span>
     <span class='ocr_line' id='line_1_10' title="bbox 280 1632 1430 1718; baseline 0.002 -22"><span class='ocrx_word' id='word_1_80' title='bbox 280 1632 429 1713; x_wconf 88' lang='lat' dir='ltr'><strong>partibus</strong></span> <span class='ocrx_word' id='word_1_81' title='bbox 462 1634 594 1713; x_wconf 91' lang='lat' dir='ltr'><strong>Terrae,</strong></span> <span class='ocrx_word' id='word_1_82' title='bbox 624 1644 659 1699; x_wconf 89' lang='lat' dir='ltr'><strong>et</strong></span> <span class='ocrx_word' id='word_1_83' title='bbox 690 1634 805 1698; x_wconf 92' lang='lat' dir='ltr'><strong>Venus</strong></span> <span class='ocrx_word' id='word_1_84' title='bbox 834 1645 886 1700; x_wconf 86' lang='lat' dir='ltr'><strong>est</strong></span> <span class='ocrx_word' id='word_1_85' title='bbox 919 1653 961 1718; x_wconf 82' lang='lat'><strong>39</strong></span> <span class='ocrx_word' id='word_1_86' title='bbox 994 1655 1071 1718; x_wconf 87' lang='lat' dir='ltr'><strong>pars</strong></span> <span class='ocrx_word' id='word_1_87' title='bbox 1099 1634 1223 1698; x_wconf 90' lang='lat' dir='ltr'><strong>Terrae</strong></span> <span class='ocrx_word' id='word_1_88' title='bbox 1248 1635 1430 1699; x_wconf 88' lang='lat' dir='ltr'><strong>secundum</strong></span> 
     </span>
     <span class='ocr_line' id='line_1_11' title="bbox 279 1733 1429 1824; baseline 0.004 -26"><span class='ocrx_word' id='word_1_89' title='bbox 279 1733 510 1819; x_wconf 84' lang='lat' dir='ltr'><strong>Alfraganum,</strong></span> <span class='ocrx_word' id='word_1_90' title='bbox 525 1740 583 1804; x_wconf 92' lang='lat' dir='ltr'><strong>sed</strong></span> <span class='ocrx_word' id='word_1_91' title='bbox 605 1741 785 1804; x_wconf 87' lang='lat' dir='ltr'><strong>secundum</strong></span> <span class='ocrx_word' id='word_1_92' title='bbox 803 1738 928 1804; x_wconf 87' lang='lat' dir='ltr'><strong>Thebit</strong></span> <span class='ocrx_word' id='word_1_93' title='bbox 945 1738 1030 1802; x_wconf 91' lang='lat' dir='ltr'><strong>libro</strong></span> <span class='ocrx_word' id='word_1_94' title='bbox 1049 1739 1140 1802; x_wconf 94' lang='lat' dir='ltr'><strong>dicto</strong></span> <span class='ocrx_word' id='word_1_95' title='bbox 1159 1746 1212 1802; x_wconf 92' lang='lat' dir='ltr'><strong>est</strong></span> <span class='ocrx_word' id='word_1_96' title='bbox 1233 1758 1299 1803; x_wconf 91' lang='lat' dir='ltr'><strong>una</strong></span> <span class='ocrx_word' id='word_1_97' title='bbox 1321 1740 1365 1803; x_wconf 95' lang='lat' dir='ltr'><strong>de</strong></span> <span class='ocrx_word' id='word_1_98' title='bbox 1387 1755 1429 1824; x_wconf 81' lang='lat'><strong>32</strong></span> 
     </span>
     <span class='ocr_line' id='line_1_12' title="bbox 279 1840 1430 1923; baseline 0.005 -20"><span class='ocrx_word' id='word_1_99' title='bbox 279 1840 430 1923; x_wconf 88' lang='lat' dir='ltr'><strong>partibus</strong></span> <span class='ocrx_word' id='word_1_100' title='bbox 447 1842 579 1922; x_wconf 86' lang='lat' dir='ltr'><strong>Terrae,</strong></span> <span class='ocrx_word' id='word_1_101' title='bbox 595 1853 628 1908; x_wconf 90' lang='lat' dir='ltr'><strong>et</strong></span> <span class='ocrx_word' id='word_1_102' title='bbox 649 1843 741 1908; x_wconf 89' lang='lat' dir='ltr'><strong>Mars</strong></span> <span class='ocrx_word' id='word_1_103' title='bbox 758 1854 809 1908; x_wconf 91' lang='lat' dir='ltr'><strong>est</strong></span> <span class='ocrx_word' id='word_1_104' title='bbox 829 1843 945 1906; x_wconf 91' lang='lat' dir='ltr'><strong>similis</strong></span> <span class='ocrx_word' id='word_1_105' title='bbox 964 1843 1088 1906; x_wconf 89' lang='lat' dir='ltr'><strong>Terrae</strong></span> <span class='ocrx_word' id='word_1_106' title='bbox 1107 1842 1212 1906; x_wconf 91' lang='lat' dir='ltr'><strong>semel</strong></span> <span class='ocrx_word' id='word_1_107' title='bbox 1227 1851 1261 1906; x_wconf 92' lang='lat' dir='ltr'><strong>et</strong></span> <span class='ocrx_word' id='word_1_108' title='bbox 1281 1844 1380 1908; x_wconf 89' lang='lat' dir='ltr'><strong>semis</strong></span> <span class='ocrx_word' id='word_1_109' title='bbox 1394 1853 1430 1909; x_wconf 93' lang='lat' dir='ltr'><strong>et</strong></span> 
     </span>
     <span class='ocr_line' id='line_1_13' title="bbox 281 1945 1431 2029; baseline 0.004 -23"><span class='ocrx_word' id='word_1_110' title='bbox 281 1945 441 2011; x_wconf 89' lang='lat' dir='ltr'><strong>medietas</strong></span> <span class='ocrx_word' id='word_1_111' title='bbox 460 1958 598 2013; x_wconf 87' lang='lat' dir='ltr'><strong>octavae</strong></span> <span class='ocrx_word' id='word_1_112' title='bbox 619 1950 717 2012; x_wconf 91' lang='lat' dir='ltr'><strong>unius</strong></span> <span class='ocrx_word' id='word_1_113' title='bbox 738 1948 828 2024; x_wconf 91' lang='lat' dir='ltr'><strong>vicis,</strong></span> <span class='ocrx_word' id='word_1_114' title='bbox 851 1958 884 2011; x_wconf 91' lang='lat' dir='ltr'><strong>et</strong></span> <span class='ocrx_word' id='word_1_115' title='bbox 907 1947 1039 2029; x_wconf 90' lang='lat' dir='ltr'><strong>Jupiter</strong></span> <span class='ocrx_word' id='word_1_116' title='bbox 1064 1956 1115 2010; x_wconf 90' lang='lat' dir='ltr'><strong>est</strong></span> <span class='ocrx_word' id='word_1_117' title='bbox 1136 1946 1282 2028; x_wconf 87' lang='lat' dir='ltr'><strong>aequalis</strong></span> <span class='ocrx_word' id='word_1_118' title='bbox 1307 1947 1431 2011; x_wconf 88' lang='lat' dir='ltr'><strong>Terrae</strong></span> 
     </span>
     <span class='ocr_line' id='line_1_14' title="bbox 279 2049 1431 2135; baseline 0.003 -24"><span class='ocrx_word' id='word_1_119' title='bbox 279 2051 473 2134; x_wconf 87' lang='lat' dir='ltr'><strong>nonagesies</strong></span> <span class='ocrx_word' id='word_1_120' title='bbox 487 2052 661 2135; x_wconf 87' lang='lat' dir='ltr'><strong>quinquies</strong></span> <span class='ocrx_word' id='word_1_121' title='bbox 676 2061 710 2116; x_wconf 87' lang='lat' dir='ltr'><strong>et</strong></span> <span class='ocrx_word' id='word_1_122' title='bbox 726 2051 890 2118; x_wconf 88' lang='lat' dir='ltr'><strong>Saturnus</strong></span> <span class='ocrx_word' id='word_1_123' title='bbox 905 2060 957 2115; x_wconf 89' lang='lat' dir='ltr'><strong>est</strong></span> <span class='ocrx_word' id='word_1_124' title='bbox 971 2049 1086 2114; x_wconf 89' lang='lat' dir='ltr'><strong>similis</strong></span> <span class='ocrx_word' id='word_1_125' title='bbox 1100 2050 1222 2114; x_wconf 89' lang='lat' dir='ltr'><strong>Terrae</strong></span> <span class='ocrx_word' id='word_1_126' title='bbox 1236 2053 1431 2134; x_wconf 85' lang='lat' dir='ltr'><strong>nonagesies</strong></span> 
     </span>
     <span class='ocr_line' id='line_1_15' title="bbox 280 2153 1430 2240; baseline 0.003 -24"><span class='ocrx_word' id='word_1_127' title='bbox 280 2163 316 2217; x_wconf 88' lang='lat' dir='ltr'><strong>et</strong></span> <span class='ocrx_word' id='word_1_128' title='bbox 333 2155 445 2219; x_wconf 90' lang='lat' dir='ltr'><strong>semel.</strong></span> <span class='ocrx_word' id='word_1_129' title='bbox 491 2155 538 2219; x_wconf 89' lang='lat' dir='ltr'><strong>Et</strong></span> <span class='ocrx_word' id='word_1_130' title='bbox 557 2158 584 2218; x_wconf 93' lang='lat' dir='ltr'><strong>si</strong></span> <span class='ocrx_word' id='word_1_131' title='bbox 602 2158 677 2239; x_wconf 93' lang='lat' dir='ltr'><strong>quis</strong></span> <span class='ocrx_word' id='word_1_132' title='bbox 694 2176 753 2240; x_wconf 91' lang='lat' dir='ltr'><strong>per</strong></span> <span class='ocrx_word' id='word_1_133' title='bbox 769 2156 969 2220; x_wconf 88' lang='lat' dir='ltr'><strong>diametrum</strong></span> <span class='ocrx_word' id='word_1_134' title='bbox 985 2153 1109 2218; x_wconf 90' lang='lat' dir='ltr'><strong>Terrae</strong></span> <span class='ocrx_word' id='word_1_135' title='bbox 1122 2153 1345 2236; x_wconf 87' lang='lat' dir='ltr'><strong>quantitatem</strong></span> <span class='ocrx_word' id='word_1_136' title='bbox 1361 2156 1430 2219; x_wconf 89' lang='lat' dir='ltr'><strong>dia·</strong></span> 
     </span>
     <span class='ocr_line' id='line_1_16' title="bbox 279 2257 1428 2341; baseline 0 -21"><span class='ocrx_word' id='word_1_137' title='bbox 279 2258 375 2321; x_wconf 88' lang='lat' dir='ltr'><strong>metri</strong></span> <span class='ocrx_word' id='word_1_138' title='bbox 401 2257 576 2340; x_wconf 90' lang='lat' dir='ltr'><strong>cujuslibet</strong></span> <span class='ocrx_word' id='word_1_139' title='bbox 602 2262 637 2324; x_wconf 92' lang='lat' dir='ltr'><strong>in</strong></span> <span class='ocrx_word' id='word_1_140' title='bbox 659 2259 851 2324; x_wconf 90' lang='lat' dir='ltr'><strong>milliaribus</strong></span> <span class='ocrx_word' id='word_1_141' title='bbox 881 2268 916 2323; x_wconf 91' lang='lat' dir='ltr'><strong>et</strong></span> <span class='ocrx_word' id='word_1_142' title='bbox 945 2278 1003 2341; x_wconf 89' lang='lat' dir='ltr'><strong>per</strong></span> <span class='ocrx_word' id='word_1_143' title='bbox 1028 2258 1249 2340; x_wconf 89' lang='lat' dir='ltr'><strong>quantitatem</strong></span> <span class='ocrx_word' id='word_1_144' title='bbox 1275 2257 1428 2322; x_wconf 89' lang='lat' dir='ltr'><strong>diametri</strong></span> 
     </span>
     <span class='ocr_line' id='line_1_17' title="bbox 277 2360 1428 2446; baseline 0.003 -24"><span class='ocrx_word' id='word_1_145' title='bbox 277 2360 358 2425; x_wconf 91' lang='lat' dir='ltr'><strong>velit</strong></span> <span class='ocrx_word' id='word_1_146' title='bbox 376 2361 673 2429; x_wconf 86' lang='lat' dir='ltr'><strong>circumferentiam</strong></span> <span class='ocrx_word' id='word_1_147' title='bbox 687 2364 838 2440; x_wconf 90' lang='lat' dir='ltr'><strong>invenire,</strong></span> <span class='ocrx_word' id='word_1_148' title='bbox 859 2374 893 2427; x_wconf 89' lang='lat' dir='ltr'><strong>et</strong></span> <span class='ocrx_word' id='word_1_149' title='bbox 912 2382 971 2445; x_wconf 91' lang='lat' dir='ltr'><strong>per</strong></span> <span class='ocrx_word' id='word_1_150' title='bbox 993 2371 1167 2446; x_wconf 89' lang='lat' dir='ltr'><strong>utramque</strong></span> <span class='ocrx_word' id='word_1_151' title='bbox 1185 2370 1292 2426; x_wconf 91' lang='lat' dir='ltr'><strong>totam</strong></span> <span class='ocrx_word' id='word_1_152' title='bbox 1313 2382 1428 2445; x_wconf 91' lang='lat' dir='ltr'><strong>super-</strong></span> 
     </span>
     <span class='ocr_line' id='line_1_18' title="bbox 280 2461 1103 2550; baseline 0.006 -25"><span class='ocrx_word' id='word_1_153' title='bbox 280 2461 415 2528; x_wconf 89' lang='lat' dir='ltr'><strong>ficiem</strong></span> <span class='ocrx_word' id='word_1_154' title='bbox 406 2486 439 2529; x_wconf 83' lang='lat' dir='ltr'><strong>ur</strong></span> <span class='ocrx_word' id='word_1_155' title='bbox 456 2467 658 2546; x_wconf 89' lang='lat' dir='ltr'><strong>milliaribus,</strong></span> <span class='ocrx_word' id='word_1_156' title='bbox 673 2469 768 2533; x_wconf 89' lang='lat' dir='ltr'><strong>facile</strong></span> <span class='ocrx_word' id='word_1_157' title='bbox 784 2478 833 2532; x_wconf 88' lang='lat' dir='ltr'><strong>est</strong></span> <span class='ocrx_word' id='word_1_158' title='bbox 849 2488 909 2550; x_wconf 89' lang='lat' dir='ltr'><strong>per</strong></span> <span class='ocrx_word' id='word_1_159' title='bbox 922 2467 1103 2550; x_wconf 87' lang='lat' dir='ltr'><strong>praedicta.</strong></span> 
     </span>
     <span class='ocr_line' id='line_1_19' title="bbox 323 2569 1573 2654; baseline -0.001 -23"><span class='ocrx_word' id='word_1_160' title='bbox 323 2569 377 2634; x_wconf 93' lang='lat' dir='ltr'><strong>De</strong></span> <span class='ocrx_word' id='word_1_161' title='bbox 396 2570 499 2636; x_wconf 87' lang='lat' dir='ltr'><strong>stellis</strong></span> <span class='ocrx_word' id='word_1_162' title='bbox 521 2581 632 2636; x_wconf 88' lang='lat' dir='ltr'><strong>autern</strong></span> <span class='ocrx_word' id='word_1_163' title='bbox 653 2571 731 2636; x_wconf 84' lang='lat' dir='ltr'><strong>fixis</strong></span> <span class='ocrx_word' id='word_1_164' title='bbox 749 2589 841 2651; x_wconf 81' lang='lat' dir='ltr'><strong>r,022</strong></span> <span class='ocrx_word' id='word_1_165' title='bbox 854 2573 914 2636; x_wconf 92' lang='lat' dir='ltr'><strong>dat</strong></span> <span class='ocrx_word' id='word_1_166' title='bbox 929 2570 1132 2654; x_wconf 86' lang='lat' dir='ltr'><strong>Alfraganus</strong></span> <span class='ocrx_word' id='word_1_167' title='bbox 1150 2571 1290 2634; x_wconf 77' lang='lat' dir='ltr'><strong>eandem</strong></span> <span class='ocrx_word' id='word_1_168' title='bbox 1310 2580 1427 2636; x_wconf 90' lang='lat' dir='ltr'><strong>artem</strong></span> <span class='ocrx_word' id='word_1_169' title='bbox 1439 2579 1573 2631; x_wconf 77' lang='lat' dir='ltr'><strong>‘rhefixeu</strong></span> 
     </span>
    </p>
   </div>
   <div class='ocr_carea' id='block_1_3' title="bbox 275 2653 1504 3386">
    <p class='ocr_par' dir='ltr' id='par_1_3' title="bbox 275 2653 1504 3386">
     <span class='ocr_line' id='line_1_20' title="bbox 278 2653 1504 2761; baseline 0.004 -25"><span class='ocrx_word' id='word_1_170' title='bbox 278 2673 368 2738; x_wconf 90' lang='lat' dir='ltr'><strong>Nam</strong></span> <span class='ocrx_word' id='word_1_171' title='bbox 381 2684 434 2741; x_wconf 89' lang='lat' dir='ltr'><strong>tot</strong></span> <span class='ocrx_word' id='word_1_172' title='bbox 448 2686 525 2741; x_wconf 89' lang='lat' dir='ltr'><strong>sunt</strong></span> <span class='ocrx_word' id='word_1_173' title='bbox 533 2688 636 2742; x_wconf 89' lang='lat' dir='ltr'><strong>notae</strong></span> <span class='ocrx_word' id='word_1_174' title='bbox 647 2677 852 2761; x_wconf 86' lang='lat' dir='ltr'><strong>sapientibus</strong></span> <span class='ocrx_word' id='word_1_175' title='bbox 863 2677 908 2741; x_wconf 90' lang='lat' dir='ltr'><strong>de</strong></span> <span class='ocrx_word' id='word_1_176' title='bbox 919 2677 971 2741; x_wconf 93' lang='lat' dir='ltr'><strong>his</strong></span> <span class='ocrx_word' id='word_1_177' title='bbox 983 2697 1069 2759; x_wconf 89' lang='lat' dir='ltr'><strong>quae</strong></span> <span class='ocrx_word' id='word_1_178' title='bbox 1081 2685 1190 2741; x_wconf 89' lang='lat' dir='ltr'><strong>sunta</strong></span> <span class='ocrx_word' id='word_1_179' title='bbox 1201 2653 1504 2758; x_wconf 65' lang='lat' dir='ltr'><strong>septentrionesuus</strong></span> 
     </span>
     <span class='ocr_line' id='line_1_21' title="bbox 277 2780 1426 2865; baseline 0.001 -23"><span class='ocrx_word' id='word_1_180' title='bbox 277 2799 382 2861; x_wconf 88' lang='lat' dir='ltr'><strong>usque</strong></span> <span class='ocrx_word' id='word_1_181' title='bbox 396 2780 440 2844; x_wconf 94' lang='lat' dir='ltr'><strong>ad</strong></span> <span class='ocrx_word' id='word_1_182' title='bbox 455 2780 616 2859; x_wconf 88' lang='lat' dir='ltr'><strong>ultimam,</strong></span> <span class='ocrx_word' id='word_1_183' title='bbox 631 2803 716 2864; x_wconf 88' lang='lat' dir='ltr'><strong>quae</strong></span> <span class='ocrx_word' id='word_1_184' title='bbox 731 2782 886 2865; x_wconf 90' lang='lat' dir='ltr'><strong>apparuit</strong></span> <span class='ocrx_word' id='word_1_185' title='bbox 907 2782 955 2845; x_wconf 90' lang='lat' dir='ltr'><strong>eis</strong></span> <span class='ocrx_word' id='word_1_186' title='bbox 977 2783 1010 2845; x_wconf 91' lang='lat' dir='ltr'><strong>in</strong></span> <span class='ocrx_word' id='word_1_187' title='bbox 1030 2780 1163 2845; x_wconf 90' lang='lat' dir='ltr'><strong>clirnate</strong></span> <span class='ocrx_word' id='word_1_188' title='bbox 1183 2781 1292 2846; x_wconf 89' lang='lat' dir='ltr'><strong>tertio.</strong></span> <span class='ocrx_word' id='word_1_189' title='bbox 1337 2780 1426 2844; x_wconf 91' lang='lat' dir='ltr'><strong>Nam</strong></span> 
     </span>
     <span class='ocr_line' id='line_1_22' title="bbox 277 2883 1426 2969; baseline 0.003 -23"><span class='ocrx_word' id='word_1_190' title='bbox 277 2902 337 2965; x_wconf 89' lang='lat' dir='ltr'><strong>per</strong></span> <span class='ocrx_word' id='word_1_191' title='bbox 355 2884 574 2950; x_wconf 88' lang='lat' dir='ltr'><strong>instrumenta</strong></span> <span class='ocrx_word' id='word_1_192' title='bbox 594 2896 734 2969; x_wconf 89' lang='lat' dir='ltr'><strong>possunt</strong></span> <span class='ocrx_word' id='word_1_193' title='bbox 754 2888 959 2969; x_wconf 89' lang='lat' dir='ltr'><strong>quantitates</strong></span> <span class='ocrx_word' id='word_1_194' title='bbox 976 2887 1113 2951; x_wconf 88' lang='lat' dir='ltr'><strong>istarum</strong></span> <span class='ocrx_word' id='word_1_195' title='bbox 1133 2883 1312 2950; x_wconf 85' lang='lat' dir='ltr'><strong>certificari.</strong></span> <span class='ocrx_word' id='word_1_196' title='bbox 1359 2884 1426 2950; x_wconf 90' lang='lat' dir='ltr'><strong>Sed</strong></span> 
     </span>
     <span class='ocr_line' id='line_1_23' title="bbox 276 2987 1427 3075; baseline 0.003 -25"><span class='ocrx_word' id='word_1_197' title='bbox 276 2987 393 3051; x_wconf 92' lang='lat' dir='ltr'><strong>harum</strong></span> <span class='ocrx_word' id='word_1_198' title='bbox 422 3006 514 3069; x_wconf 78' lang='lat'>1‚022</span> <span class='ocrx_word' id='word_1_199' title='bbox 538 3000 613 3055; x_wconf 89' lang='lat' dir='ltr'><strong>sunt</strong></span> <span class='ocrx_word' id='word_1_200' title='bbox 634 3012 696 3055; x_wconf 86' lang='lat' dir='ltr'><strong>sex</strong></span> <span class='ocrx_word' id='word_1_201' title='bbox 719 2993 850 3075; x_wconf 87' lang='lat' dir='ltr'><strong>gradus,</strong></span> <span class='ocrx_word' id='word_1_202' title='bbox 868 3001 903 3054; x_wconf 91' lang='lat' dir='ltr'><strong>et</strong></span> <span class='ocrx_word' id='word_1_203' title='bbox 925 2990 1130 3054; x_wconf 89' lang='lat' dir='ltr'><strong>differentiae</strong></span> <span class='ocrx_word' id='word_1_204' title='bbox 1151 2990 1427 3071; x_wconf 86' lang='lat' dir='ltr'><strong>magnitudinum,</strong></span> 
     </span>
     <span class='ocr_line' id='line_1_24' title="bbox 276 3093 1427 3177; baseline 0.003 -22"><span class='ocrx_word' id='word_1_205' title='bbox 276 3094 457 3157; x_wconf 88' lang='lat' dir='ltr'><strong>secundum</strong></span> <span class='ocrx_word' id='word_1_206' title='bbox 472 3094 563 3175; x_wconf 90' lang='lat' dir='ltr'><strong>quod</strong></span> <span class='ocrx_word' id='word_1_207' title='bbox 583 3094 792 3160; x_wconf 91' lang='lat' dir='ltr'><strong>Ptolemaeus</strong></span> <span class='ocrx_word' id='word_1_208' title='bbox 807 3096 862 3159; x_wconf 93' lang='lat' dir='ltr'><strong>viii</strong></span> <span class='ocrx_word' id='word_1_209' title='bbox 877 3094 1077 3177; x_wconf 79' lang='lat' dir='ltr'><strong>Almagesti,</strong></span> <span class='ocrx_word' id='word_1_210' title='bbox 1092 3105 1126 3158; x_wconf 93' lang='lat' dir='ltr'><strong>et</strong></span> <span class='ocrx_word' id='word_1_211' title='bbox 1141 3093 1266 3158; x_wconf 90' lang='lat' dir='ltr'><strong>Thebit</strong></span> <span class='ocrx_word' id='word_1_212' title='bbox 1288 3095 1321 3157; x_wconf 92' lang='lat' dir='ltr'><strong>in</strong></span> <span class='ocrx_word' id='word_1_213' title='bbox 1341 3094 1427 3158; x_wconf 93' lang='lat' dir='ltr'><strong>libro</strong></span> 
     </span>
     <span class='ocr_line' id='line_1_25' title="bbox 277 3196 1428 3283; baseline 0.002 -24"><span class='ocrx_word' id='word_1_214' title='bbox 277 3206 469 3273; x_wconf 90' lang='lat' dir='ltr'><strong>memorato,</strong></span> <span class='ocrx_word' id='word_1_215' title='bbox 483 3208 518 3262; x_wconf 88' lang='lat' dir='ltr'><strong>et</strong></span> <span class='ocrx_word' id='word_1_216' title='bbox 533 3198 734 3283; x_wconf 86' lang='lat' dir='ltr'><strong>Alfraganus</strong></span> <span class='ocrx_word' id='word_1_217' title='bbox 749 3210 783 3265; x_wconf 91' lang='lat' dir='ltr'><strong>et</strong></span> <span class='ocrx_word' id='word_1_218' title='bbox 797 3200 853 3263; x_wconf 90' lang='lat' dir='ltr'><strong>alii</strong></span> <span class='ocrx_word' id='word_1_219' title='bbox 868 3200 1034 3281; x_wconf 89' lang='lat' dir='ltr'><strong>sapientes</strong></span> <span class='ocrx_word' id='word_1_220' title='bbox 1049 3199 1182 3262; x_wconf 90' lang='lat' dir='ltr'><strong>docent.</strong></span> <span class='ocrx_word' id='word_1_221' title='bbox 1227 3196 1312 3261; x_wconf 91' lang='lat' dir='ltr'><strong>Sunt</strong></span> <span class='ocrx_word' id='word_1_222' title='bbox 1328 3197 1428 3280; x_wconf 88' lang='lat' dir='ltr'><strong>igitur</strong></span> 
     </span>
     <span class='ocr_line' id='line_1_26' title="bbox 275 3301 1428 3386; baseline 0.001 -23"><span class='ocrx_word' id='word_1_223' title='bbox 275 3320 336 3363; x_wconf 84' lang='lat' dir='ltr'><strong>sex</strong></span> <span class='ocrx_word' id='word_1_224' title='bbox 362 3302 618 3383; x_wconf 88' lang='lat' dir='ltr'><strong>magnitudines,</strong></span> <span class='ocrx_word' id='word_1_225' title='bbox 640 3313 674 3367; x_wconf 91' lang='lat' dir='ltr'><strong>et</strong></span> <span class='ocrx_word' id='word_1_226' title='bbox 696 3304 803 3386; x_wconf 89' lang='lat' dir='ltr'><strong>prima</strong></span> <span class='ocrx_word' id='word_1_227' title='bbox 825 3313 877 3367; x_wconf 85' lang='lat' dir='ltr'><strong>est</strong></span> <span class='ocrx_word' id='word_1_228' title='bbox 901 3302 1005 3384; x_wconf 90' lang='lat' dir='ltr'><strong>major</strong></span> <span class='ocrx_word' id='word_1_229' title='bbox 1027 3302 1112 3365; x_wconf 90' lang='lat' dir='ltr'><strong>inter</strong></span> <span class='ocrx_word' id='word_1_230' title='bbox 1134 3301 1225 3379; x_wconf 88' lang='lat' dir='ltr'><strong>alias,</strong></span> <span class='ocrx_word' id='word_1_231' title='bbox 1242 3312 1278 3365; x_wconf 93' lang='lat' dir='ltr'><strong>et</strong></span> <span class='ocrx_word' id='word_1_232' title='bbox 1299 3302 1347 3365; x_wconf 89' lang='lat' dir='ltr'><strong>sic</strong></span> <span class='ocrx_word' id='word_1_233' title='bbox 1368 3322 1428 3383; x_wconf 87' lang='lat' dir='ltr'><strong>per</strong></span> 
     </span>
    </p>
   </div>
   <div class='ocr_carea' id='block_1_4' title="bbox 271 3428 1426 4739">
    <p class='ocr_par' dir='ltr' id='par_1_4' title="bbox 274 3428 1426 3729">
     <span class='ocr_line' id='line_1_27' title="bbox 308 3428 1426 3492; baseline -0.002 -13"><span class='ocrx_word' id='word_1_234' title='bbox 308 3430 316 3459; x_wconf 91' lang='lat'>¹</span> <span class='ocrx_word' id='word_1_235' title='bbox 334 3430 392 3480; x_wconf 81' lang='lat' dir='ltr'><strong>The</strong></span> <span class='ocrx_word' id='word_1_236' title='bbox 404 3430 527 3480; x_wconf 83' lang='lat' dir='ltr'><strong>omission</strong></span> <span class='ocrx_word' id='word_1_237' title='bbox 537 3432 562 3480; x_wconf 89' lang='lat' dir='ltr'><strong>in</strong></span> <span class='ocrx_word' id='word_1_238' title='bbox 571 3431 587 3492; x_wconf 97' lang='lat' dir='ltr'>J</span> <span class='ocrx_word' id='word_1_239' title='bbox 590 3432 619 3481; x_wconf 86' lang='lat' dir='ltr'><strong>.&#39;s</strong></span> <span class='ocrx_word' id='word_1_240' title='bbox 630 3432 728 3481; x_wconf 89' lang='lat' dir='ltr'><strong>edition</strong></span> <span class='ocrx_word' id='word_1_241' title='bbox 739 3432 771 3480; x_wconf 89' lang='lat' dir='ltr'><strong>of</strong></span> <span class='ocrx_word' id='word_1_242' title='bbox 777 3433 822 3481; x_wconf 89' lang='lat' dir='ltr'><strong>the</strong></span> <span class='ocrx_word' id='word_1_243' title='bbox 832 3433 958 3481; x_wconf 86' lang='lat' dir='ltr'><strong>diameter</strong></span> <span class='ocrx_word' id='word_1_244' title='bbox 968 3432 998 3479; x_wconf 91' lang='lat' dir='ltr'><strong>of</strong></span> <span class='ocrx_word' id='word_1_245' title='bbox 1004 3430 1095 3479; x_wconf 87' lang='lat' dir='ltr'><strong>Venus</strong></span> <span class='ocrx_word' id='word_1_246' title='bbox 1106 3429 1133 3477; x_wconf 90' lang='lat' dir='ltr'><strong>in</strong></span> <span class='ocrx_word' id='word_1_247' title='bbox 1141 3435 1221 3478; x_wconf 82' lang='lat' dir='ltr'><strong>ternas</strong></span> <span class='ocrx_word' id='word_1_248' title='bbox 1232 3428 1263 3477; x_wconf 84' lang='lat' dir='ltr'><strong>of</strong></span> <span class='ocrx_word' id='word_1_249' title='bbox 1269 3430 1315 3478; x_wconf 87' lang='lat' dir='ltr'><strong>the</strong></span> <span class='ocrx_word' id='word_1_250' title='bbox 1323 3428 1426 3478; x_wconf 82' lang='lat' dir='ltr'><strong>Earth&#39;s</strong></span> 
     </span>
     <span class='ocr_line' id='line_1_28' title="bbox 276 3507 1425 3573; baseline -0.002 -16"><span class='ocrx_word' id='word_1_251' title='bbox 276 3509 401 3558; x_wconf 86' lang='lat' dir='ltr'><strong>diameter</strong></span> <span class='ocrx_word' id='word_1_252' title='bbox 417 3510 464 3559; x_wconf 87' lang='lat' dir='ltr'><strong>has</strong></span> <span class='ocrx_word' id='word_1_253' title='bbox 482 3511 557 3559; x_wconf 82' lang='lat' dir='ltr'><strong>made</strong></span> <span class='ocrx_word' id='word_1_254' title='bbox 573 3510 620 3559; x_wconf 88' lang='lat' dir='ltr'><strong>the</strong></span> <span class='ocrx_word' id='word_1_255' title='bbox 633 3511 792 3573; x_wconf 81' lang='lat' dir='ltr'><strong>subsequent</strong></span> <span class='ocrx_word' id='word_1_256' title='bbox 807 3511 940 3559; x_wconf 64' lang='lat' dir='ltr'><strong>estimatae</strong></span> <span class='ocrx_word' id='word_1_257' title='bbox 953 3509 987 3559; x_wconf 91' lang='lat' dir='ltr'><strong>of</strong></span> <span class='ocrx_word' id='word_1_258' title='bbox 999 3510 1044 3558; x_wconf 87' lang='lat' dir='ltr'><strong>the</strong></span> <span class='ocrx_word' id='word_1_259' title='bbox 1061 3508 1116 3557; x_wconf 84' lang='lat' dir='ltr'><strong>siae</strong></span> <span class='ocrx_word' id='word_1_260' title='bbox 1132 3508 1162 3555; x_wconf 94' lang='lat' dir='ltr'><strong>of</strong></span> <span class='ocrx_word' id='word_1_261' title='bbox 1175 3508 1220 3556; x_wconf 88' lang='lat' dir='ltr'><strong>the</strong></span> <span class='ocrx_word' id='word_1_262' title='bbox 1231 3507 1334 3569; x_wconf 77' lang='lat' dir='ltr'><strong>planete</strong></span> <span class='ocrx_word' id='word_1_263' title='bbox 1350 3508 1425 3556; x_wconf 87' lang='lat' dir='ltr'><strong>unin-</strong></span> 
     </span>
     <span class='ocr_line' id='line_1_29' title="bbox 274 3584 1426 3651; baseline 0 -16"><span class='ocrx_word' id='word_1_264' title='bbox 274 3588 405 3651; x_wconf 85' lang='lat' dir='ltr'><strong>telligible.</strong></span> <span class='ocrx_word' id='word_1_265' title='bbox 440 3587 452 3637; x_wconf 94' lang='lat'>1</span> <span class='ocrx_word' id='word_1_266' title='bbox 472 3588 539 3637; x_wconf 86' lang='lat' dir='ltr'><strong>have</strong></span> <span class='ocrx_word' id='word_1_267' title='bbox 560 3590 678 3637; x_wconf 87' lang='lat' dir='ltr'><strong>restored</strong></span> <span class='ocrx_word' id='word_1_268' title='bbox 697 3590 741 3638; x_wconf 88' lang='lat' dir='ltr'><strong>the</strong></span> <span class='ocrx_word' id='word_1_269' title='bbox 757 3590 867 3651; x_wconf 78' lang='lat' dir='ltr'><strong>reading</strong></span> <span class='ocrx_word' id='word_1_270' title='bbox 882 3604 913 3637; x_wconf 86' lang='lat' dir='ltr'><strong>as</strong></span> <span class='ocrx_word' id='word_1_271' title='bbox 929 3588 1005 3651; x_wconf 89' lang='lat' dir='ltr'><strong>given</strong></span> <span class='ocrx_word' id='word_1_272' title='bbox 1024 3588 1051 3635; x_wconf 88' lang='lat' dir='ltr'><strong>in</strong></span> <span class='ocrx_word' id='word_1_273' title='bbox 1068 3586 1123 3637; x_wconf 89' lang='lat' dir='ltr'><strong>Tib.</strong></span> <span class='ocrx_word' id='word_1_274' title='bbox 1159 3584 1256 3646; x_wconf 81' lang='lat' dir='ltr'><strong>1nJut</strong></span> <span class='ocrx_word' id='word_1_275' title='bbox 1275 3586 1320 3635; x_wconf 92' lang='lat' dir='ltr'><strong>the</strong></span> <span class='ocrx_word' id='word_1_276' title='bbox 1338 3586 1426 3635; x_wconf 91' lang='lat' dir='ltr'><strong>whole</strong></span> 
     </span>
     <span class='ocr_line' id='line_1_30' title="bbox 275 3666 877 3729; baseline 0.002 -14"><span class='ocrx_word' id='word_1_277' title='bbox 275 3680 384 3728; x_wconf 78' lang='lat' dir='ltr'><strong>passage</strong></span> <span class='ocrx_word' id='word_1_278' title='bbox 396 3666 506 3727; x_wconf 85' lang='lat' dir='ltr'><strong>relating</strong></span> <span class='ocrx_word' id='word_1_279' title='bbox 516 3673 544 3715; x_wconf 90' lang='lat' dir='ltr'><strong>to</strong></span> <span class='ocrx_word' id='word_1_280' title='bbox 555 3667 606 3715; x_wconf 84' lang='lat' dir='ltr'><strong>this</strong></span> <span class='ocrx_word' id='word_1_281' title='bbox 618 3668 717 3729; x_wconf 86' lang='lat' dir='ltr'><strong>subject</strong></span> <span class='ocrx_word' id='word_1_282' title='bbox 729 3668 751 3716; x_wconf 89' lang='lat' dir='ltr'><strong>is</strong></span> <span class='ocrx_word' id='word_1_283' title='bbox 762 3668 877 3717; x_wconf 85' lang='lat' dir='ltr'><strong>omitted.</strong></span> 
     </span>
    </p>

    <p class='ocr_par' dir='ltr' id='par_1_5' title="bbox 273 3743 1425 4357">
     <span class='ocr_line' id='line_1_31' title="bbox 309 3743 1425 3809; baseline 0.001 -17"><span class='ocrx_word' id='word_1_284' title='bbox 309 3743 332 3793; x_wconf 92' lang='lat' dir='ltr'><strong>lt</strong></span> <span class='ocrx_word' id='word_1_285' title='bbox 342 3744 396 3793; x_wconf 92' lang='lat' dir='ltr'><strong>will</strong></span> <span class='ocrx_word' id='word_1_286' title='bbox 412 3745 444 3793; x_wconf 90' lang='lat' dir='ltr'><strong>be</strong></span> <span class='ocrx_word' id='word_1_287' title='bbox 460 3745 587 3794; x_wconf 86' lang='lat' dir='ltr'><strong>observed</strong></span> <span class='ocrx_word' id='word_1_288' title='bbox 603 3747 659 3795; x_wconf 85' lang='lat' dir='ltr'><strong>that</strong></span> <span class='ocrx_word' id='word_1_289' title='bbox 673 3747 718 3795; x_wconf 91' lang='lat' dir='ltr'><strong>the</strong></span> <span class='ocrx_word' id='word_1_290' title='bbox 732 3748 886 3809; x_wconf 83' lang='lat' dir='ltr'><strong>expression</strong></span> <span class='ocrx_word' id='word_1_291' title='bbox 903 3746 930 3795; x_wconf 81' lang='lat' dir='ltr'><strong>in</strong></span> <span class='ocrx_word' id='word_1_292' title='bbox 947 3746 1082 3807; x_wconf 66' lang='lat' dir='ltr'><strong>esperlais</strong></span> <span class='ocrx_word' id='word_1_293' title='bbox 1098 3744 1164 3793; x_wconf 82' lang='lat' dir='ltr'><strong>used</strong></span> <span class='ocrx_word' id='word_1_294' title='bbox 1180 3743 1221 3793; x_wconf 83' lang='lat' dir='ltr'><strong>for</strong></span> <span class='ocrx_word' id='word_1_295' title='bbox 1237 3744 1283 3792; x_wconf 88' lang='lat' dir='ltr'><strong>the</strong></span> <span class='ocrx_word' id='word_1_296' title='bbox 1299 3752 1425 3806; x_wconf 78' lang='lat' dir='ltr'><strong>apparent</strong></span> 
     </span>
     <span class='ocr_line' id='line_1_32' title="bbox 274 3822 1425 3886; baseline 0.003 -15"><span class='ocrx_word' id='word_1_297' title='bbox 274 3822 401 3871; x_wconf 86' lang='lat' dir='ltr'><strong>diameter</strong></span> <span class='ocrx_word' id='word_1_298' title='bbox 411 3824 442 3871; x_wconf 88' lang='lat' dir='ltr'><strong>of</strong></span> <span class='ocrx_word' id='word_1_299' title='bbox 450 3825 495 3872; x_wconf 89' lang='lat' dir='ltr'><strong>the</strong></span> <span class='ocrx_word' id='word_1_300' title='bbox 508 3823 610 3885; x_wconf 80' lang='lat' dir='ltr'><strong>planeta</strong></span> <span class='ocrx_word' id='word_1_301' title='bbox 621 3824 649 3873; x_wconf 89' lang='lat' dir='ltr'><strong>in</strong></span> <span class='ocrx_word' id='word_1_302' title='bbox 660 3831 740 3873; x_wconf 87' lang='lat' dir='ltr'><strong>terms</strong></span> <span class='ocrx_word' id='word_1_303' title='bbox 751 3825 781 3873; x_wconf 91' lang='lat' dir='ltr'><strong>of</strong></span> <span class='ocrx_word' id='word_1_304' title='bbox 789 3826 833 3875; x_wconf 93' lang='lat' dir='ltr'><strong>the</strong></span> <span class='ocrx_word' id='word_1_305' title='bbox 845 3825 924 3874; x_wconf 86' lang='lat' dir='ltr'><strong>Sun&#39;s</strong></span> <span class='ocrx_word' id='word_1_306' title='bbox 935 3831 1062 3886; x_wconf 80' lang='lat' dir='ltr'><strong>apparent</strong></span> <span class='ocrx_word' id='word_1_307' title='bbox 1073 3822 1207 3872; x_wconf 84' lang='lat' dir='ltr'><strong>diameter.</strong></span> <span class='ocrx_word' id='word_1_308' title='bbox 1235 3823 1311 3871; x_wconf 86' lang='lat' dir='ltr'><strong>Tben</strong></span> <span class='ocrx_word' id='word_1_309' title='bbox 1322 3822 1425 3875; x_wconf 80' lang='lat' dir='ltr'><strong>follows</strong></span> 
     </span>
     <span class='ocr_line' id='line_1_33' title="bbox 274 3900 1425 3964; baseline 0.002 -15"><span class='ocrx_word' id='word_1_310' title='bbox 274 3902 318 3950; x_wconf 90' lang='lat' dir='ltr'><strong>the</strong></span> <span class='ocrx_word' id='word_1_311' title='bbox 329 3908 468 3951; x_wconf 86' lang='lat' dir='ltr'><strong>statement</strong></span> <span class='ocrx_word' id='word_1_312' title='bbox 479 3903 510 3950; x_wconf 93' lang='lat' dir='ltr'><strong>of</strong></span> <span class='ocrx_word' id='word_1_313' title='bbox 522 3903 591 3952; x_wconf 87' lang='lat' dir='ltr'><strong>their</strong></span> <span class='ocrx_word' id='word_1_314' title='bbox 602 3903 655 3951; x_wconf 87' lang='lat' dir='ltr'><strong>real</strong></span> <span class='ocrx_word' id='word_1_315' title='bbox 667 3904 791 3953; x_wconf 88' lang='lat' dir='ltr'><strong>diameter</strong></span> <span class='ocrx_word' id='word_1_316' title='bbox 803 3904 828 3953; x_wconf 90' lang='lat' dir='ltr'><strong>in</strong></span> <span class='ocrx_word' id='word_1_317' title='bbox 840 3912 921 3953; x_wconf 86' lang='lat' dir='ltr'><strong>terms</strong></span> <span class='ocrx_word' id='word_1_318' title='bbox 933 3905 963 3952; x_wconf 83' lang='lat' dir='ltr'><strong>of</strong></span> <span class='ocrx_word' id='word_1_319' title='bbox 971 3904 1026 3951; x_wconf 88' lang='lat' dir='ltr'><strong>that</strong></span> <span class='ocrx_word' id='word_1_320' title='bbox 1037 3902 1066 3950; x_wconf 87' lang='lat' dir='ltr'><strong>of</strong></span> <span class='ocrx_word' id='word_1_321' title='bbox 1077 3904 1120 3950; x_wconf 90' lang='lat' dir='ltr'><strong>the</strong></span> <span class='ocrx_word' id='word_1_322' title='bbox 1133 3901 1221 3951; x_wconf 82' lang='lat' dir='ltr'><strong>Earth.</strong></span> <span class='ocrx_word' id='word_1_323' title='bbox 1255 3900 1425 3964; x_wconf 79' lang='lat' dir='ltr'><strong>lbroughout</strong></span> 
     </span>
     <span class='ocr_line' id='line_1_34' title="bbox 273 3980 1424 4045; baseline 0.003 -17"><span class='ocrx_word' id='word_1_324' title='bbox 273 3981 324 4029; x_wconf 87' lang='lat' dir='ltr'><strong>this</strong></span> <span class='ocrx_word' id='word_1_325' title='bbox 341 3981 458 4029; x_wconf 82' lang='lat' dir='ltr'><strong>estimate</strong></span> <span class='ocrx_word' id='word_1_326' title='bbox 475 3980 564 4030; x_wconf 88' lang='lat' dir='ltr'><strong>Bacon</strong></span> <span class='ocrx_word' id='word_1_327' title='bbox 581 3981 682 4030; x_wconf 82' lang='lat' dir='ltr'><strong>follows</strong></span> <span class='ocrx_word' id='word_1_328' title='bbox 699 3997 763 4044; x_wconf 86' lang='lat' dir='ltr'><strong>very</strong></span> <span class='ocrx_word' id='word_1_329' title='bbox 780 3982 878 4045; x_wconf 85' lang='lat' dir='ltr'><strong>closely</strong></span> <span class='ocrx_word' id='word_1_330' title='bbox 894 3984 951 4031; x_wconf 85' lang='lat' dir='ltr'><strong>that</strong></span> <span class='ocrx_word' id='word_1_331' title='bbox 967 3982 998 4030; x_wconf 90' lang='lat' dir='ltr'><strong>of</strong></span> <span class='ocrx_word' id='word_1_332' title='bbox 1017 3980 1179 4042; x_wconf 79' lang='lat' dir='ltr'><strong>Alfraganus,</strong></span> <span class='ocrx_word' id='word_1_333' title='bbox 1197 3996 1227 4029; x_wconf 88' lang='lat' dir='ltr'><strong>as</strong></span> <span class='ocrx_word' id='word_1_334' title='bbox 1243 3982 1320 4042; x_wconf 81' lang='lat' dir='ltr'><strong>given</strong></span> <span class='ocrx_word' id='word_1_335' title='bbox 1339 3981 1366 4029; x_wconf 92' lang='lat' dir='ltr'><strong>in</strong></span> <span class='ocrx_word' id='word_1_336' title='bbox 1383 3982 1424 4031; x_wconf 80' lang='lat' dir='ltr'><strong>his</strong></span> 
     </span>
     <span class='ocr_line' id='line_1_35' title="bbox 273 4057 1424 4123; baseline 0.003 -17"><span class='ocrx_word' id='word_1_337' title='bbox 273 4057 403 4107; x_wconf 75' lang='lat' dir='ltr'><strong>Efmeaua</strong></span> <span class='ocrx_word' id='word_1_338' title='bbox 424 4058 608 4123; x_wconf 71' lang='lat' dir='ltr'><strong>Astrnnomrba,</strong></span> <span class='ocrx_word' id='word_1_339' title='bbox 629 4076 686 4122; x_wconf 88' lang='lat' dir='ltr'><strong>cap.</strong></span> <span class='ocrx_word' id='word_1_340' title='bbox 705 4076 738 4109; x_wconf 80' lang='lat' dir='ltr'><strong>aa</strong></span> <span class='ocrx_word' id='word_1_341' title='bbox 759 4061 811 4123; x_wconf 77' lang='lat' dir='ltr'><strong>(ed</strong></span> <span class='ocrx_word' id='word_1_342' title='bbox 832 4061 935 4121; x_wconf 83' lang='lat' dir='ltr'><strong>Golius,</strong></span> <span class='ocrx_word' id='word_1_343' title='bbox 955 4060 1127 4122; x_wconf 78' lang='lat' dir='ltr'><strong>Amsterdam,</strong></span> <span class='ocrx_word' id='word_1_344' title='bbox 1150 4061 1234 4121; x_wconf 78' lang='lat'><strong>1⁶⁶9).</strong></span> <span class='ocrx_word' id='word_1_345' title='bbox 1265 4058 1424 4120; x_wconf 81' lang='lat' dir='ltr'><strong>Alfraganus</strong></span> 
     </span>
     <span class='ocr_line' id='line_1_36' title="bbox 274 4136 1424 4203; baseline 0.001 -18"><span class='ocrx_word' id='word_1_346' title='bbox 274 4137 396 4186; x_wconf 84' lang='lat' dir='ltr'><strong>however</strong></span> <span class='ocrx_word' id='word_1_347' title='bbox 407 4138 479 4199; x_wconf 85' lang='lat' dir='ltr'><strong>gives</strong></span> <span class='ocrx_word' id='word_1_348' title='bbox 490 4139 533 4187; x_wconf 91' lang='lat' dir='ltr'><strong>the</strong></span> <span class='ocrx_word' id='word_1_349' title='bbox 545 4139 599 4187; x_wconf 84' lang='lat' dir='ltr'><strong>siae</strong></span> <span class='ocrx_word' id='word_1_350' title='bbox 610 4138 640 4187; x_wconf 90' lang='lat' dir='ltr'><strong>of</strong></span> <span class='ocrx_word' id='word_1_351' title='bbox 648 4138 739 4187; x_wconf 88' lang='lat' dir='ltr'><strong>Venus</strong></span> <span class='ocrx_word' id='word_1_352' title='bbox 751 4154 781 4187; x_wconf 84' lang='lat' dir='ltr'><strong>as</strong></span> <span class='ocrx_word' id='word_1_353' title='bbox 792 4142 825 4203; x_wconf 58' lang='grc' dir='ltr'><strong>ἡ</strong></span> <span class='ocrx_word' id='word_1_354' title='bbox 836 4140 867 4187; x_wconf 90' lang='lat' dir='ltr'><strong>of</strong></span> <span class='ocrx_word' id='word_1_355' title='bbox 873 4141 919 4187; x_wconf 90' lang='lat' dir='ltr'><strong>the</strong></span> <span class='ocrx_word' id='word_1_356' title='bbox 928 4139 1016 4187; x_wconf 79' lang='lat' dir='ltr'><strong>Barth.</strong></span> <span class='ocrx_word' id='word_1_357' title='bbox 1046 4138 1196 4199; x_wconf 85' lang='lat' dir='ltr'><strong>Supposing</strong></span> <span class='ocrx_word' id='word_1_358' title='bbox 1204 4136 1253 4184; x_wconf 88' lang='lat' dir='ltr'><strong>her</strong></span> <span class='ocrx_word' id='word_1_359' title='bbox 1259 4137 1384 4186; x_wconf 87' lang='lat' dir='ltr'><strong>diameter</strong></span> <span class='ocrx_word' id='word_1_360' title='bbox 1395 4152 1424 4186; x_wconf 84' lang='lat' dir='ltr'><strong>as</strong></span> 
     </span>
     <span class='ocr_line' id='line_1_37' title="bbox 276 4214 1423 4281; baseline 0.002 -19"><span class='ocrx_word' id='word_1_361' title='bbox 276 4230 286 4263; x_wconf 93' lang='lat'>1</span> <span class='ocrx_word' id='word_1_362' title='bbox 297 4222 324 4263; x_wconf 83' lang='lat' dir='ltr'><strong>to</strong></span> <span class='ocrx_word' id='word_1_363' title='bbox 332 4220 373 4277; x_wconf 57' lang='lat' dir='ltr'><strong>gt,</strong></span> <span class='ocrx_word' id='word_1_364' title='bbox 383 4216 435 4265; x_wconf 86' lang='lat' dir='ltr'><strong>this</strong></span> <span class='ocrx_word' id='word_1_365' title='bbox 443 4217 532 4265; x_wconf 87' lang='lat' dir='ltr'><strong>would</strong></span> <span class='ocrx_word' id='word_1_366' title='bbox 544 4217 619 4267; x_wconf 89' lang='lat' dir='ltr'><strong>maire</strong></span> <span class='ocrx_word' id='word_1_367' title='bbox 626 4218 675 4266; x_wconf 90' lang='lat' dir='ltr'><strong>ber</strong></span> <span class='ocrx_word' id='word_1_368' title='bbox 682 4216 780 4265; x_wconf 82' lang='lat' dir='ltr'><strong>cubical</strong></span> <span class='ocrx_word' id='word_1_369' title='bbox 789 4217 935 4267; x_wconf 87' lang='lat' dir='ltr'><strong>dimension</strong></span> <span class='ocrx_word' id='word_1_370' title='bbox 944 4220 978 4281; x_wconf 62' lang='grc' dir='ltr'>ᾗ</span> <span class='ocrx_word' id='word_1_371' title='bbox 988 4217 1018 4265; x_wconf 88' lang='lat' dir='ltr'><strong>of</strong></span> <span class='ocrx_word' id='word_1_372' title='bbox 1022 4217 1067 4265; x_wconf 85' lang='lat' dir='ltr'><strong>the</strong></span> <span class='ocrx_word' id='word_1_373' title='bbox 1077 4216 1166 4274; x_wconf 79' lang='lat' dir='ltr'><strong>Barth,</strong></span> <span class='ocrx_word' id='word_1_374' title='bbox 1176 4214 1275 4275; x_wconf 85' lang='lat' dir='ltr'><strong>nearly,</strong></span> <span class='ocrx_word' id='word_1_375' title='bbox 1282 4215 1333 4262; x_wconf 87' lang='lat' dir='ltr'><strong>and</strong></span> <span class='ocrx_word' id='word_1_376' title='bbox 1341 4215 1423 4264; x_wconf 78' lang='lat' dir='ltr'><strong>thiais</strong></span> 
     </span>
     <span class='ocr_line' id='line_1_38' title="bbox 273 4292 1423 4357; baseline -0.001 -16"><span class='ocrx_word' id='word_1_377' title='bbox 273 4295 318 4342; x_wconf 90' lang='lat' dir='ltr'><strong>the</strong></span> <span class='ocrx_word' id='word_1_378' title='bbox 330 4295 446 4343; x_wconf 86' lang='lat' dir='ltr'><strong>estimate</strong></span> <span class='ocrx_word' id='word_1_379' title='bbox 459 4295 489 4343; x_wconf 93' lang='lat' dir='ltr'><strong>of</strong></span> <span class='ocrx_word' id='word_1_380' title='bbox 495 4295 668 4357; x_wconf 61' lang='lat' dir='ltr'><strong>hungarium</strong></span> <span class='ocrx_word' id='word_1_381' title='bbox 681 4294 778 4344; x_wconf 77' lang='lat' dir='ltr'><strong>‘moles</strong></span> <span class='ocrx_word' id='word_1_382' title='bbox 789 4294 899 4343; x_wconf 85' lang='lat' dir='ltr'><strong>Veneris</strong></span> <span class='ocrx_word' id='word_1_383' title='bbox 910 4303 950 4343; x_wconf 85' lang='lat' dir='ltr'><strong>est</strong></span> <span class='ocrx_word' id='word_1_384' title='bbox 961 4310 1022 4356; x_wconf 87' lang='lat' dir='ltr'><strong>pars</strong></span> <span class='ocrx_word' id='word_1_385' title='bbox 1034 4310 1085 4343; x_wconf 88' lang='lat' dir='ltr'><strong>una</strong></span> <span class='ocrx_word' id='word_1_386' title='bbox 1095 4295 1129 4343; x_wconf 89' lang='lat' dir='ltr'><strong>de</strong></span> <span class='ocrx_word' id='word_1_387' title='bbox 1139 4294 1237 4342; x_wconf 86' lang='lat' dir='ltr'><strong>Terrae</strong></span> <span class='ocrx_word' id='word_1_388' title='bbox 1248 4292 1362 4353; x_wconf 83' lang='lat' dir='ltr'><strong>partibus</strong></span> <span class='ocrx_word' id='word_1_389' title='bbox 1372 4294 1423 4353; x_wconf 70' lang='lat'><strong>37!</strong></span> 
     </span>
    </p>

    <p class='ocr_par' dir='ltr' id='par_1_6' title="bbox 271 4371 1423 4739">
     <span class='ocr_line' id='line_1_39' title="bbox 306 4371 1421 4435; baseline -0.004 -14"><span class='ocrx_word' id='word_1_390' title='bbox 306 4372 329 4421; x_wconf 90' lang='lat' dir='ltr'><strong>lt</strong></span> <span class='ocrx_word' id='word_1_391' title='bbox 338 4372 761 4435; x_wconf 85' lang='lat' dir='ltr'><strong>maybeinterestingtocompare</strong></span> <span class='ocrx_word' id='word_1_392' title='bbox 768 4374 843 4423; x_wconf 82' lang='lat' dir='ltr'><strong>these</strong></span> <span class='ocrx_word' id='word_1_393' title='bbox 852 4374 947 4422; x_wconf 88' lang='lat' dir='ltr'><strong>results</strong></span> <span class='ocrx_word' id='word_1_394' title='bbox 955 4374 1019 4421; x_wconf 85' lang='lat' dir='ltr'><strong>with</strong></span> <span class='ocrx_word' id='word_1_395' title='bbox 1028 4374 1105 4421; x_wconf 82' lang='lat' dir='ltr'><strong>those</strong></span> <span class='ocrx_word' id='word_1_396' title='bbox 1111 4371 1142 4421; x_wconf 89' lang='lat' dir='ltr'><strong>of</strong></span> <span class='ocrx_word' id='word_1_397' title='bbox 1147 4372 1255 4419; x_wconf 86' lang='lat' dir='ltr'><strong>modern</strong></span> <span class='ocrx_word' id='word_1_398' title='bbox 1261 4377 1421 4433; x_wconf 75' lang='lat' dir='ltr'><strong>astrommy,</strong></span> 
     </span>
     <span class='ocr_line' id='line_1_40' title="bbox 272 4448 1423 4514; baseline -0.002 -14"><span class='ocrx_word' id='word_1_399' title='bbox 272 4453 299 4500; x_wconf 90' lang='lat' dir='ltr'><strong>in</strong></span> <span class='ocrx_word' id='word_1_400' title='bbox 310 4452 407 4513; x_wconf 87' lang='lat' dir='ltr'><strong>which,</strong></span> <span class='ocrx_word' id='word_1_401' title='bbox 419 4452 509 4514; x_wconf 79' lang='lat' dir='ltr'><strong>taking</strong></span> <span class='ocrx_word' id='word_1_402' title='bbox 519 4453 564 4501; x_wconf 90' lang='lat' dir='ltr'><strong>the</strong></span> <span class='ocrx_word' id='word_1_403' title='bbox 576 4452 679 4502; x_wconf 82' lang='lat' dir='ltr'><strong>Earth&#39;s</strong></span> <span class='ocrx_word' id='word_1_404' title='bbox 691 4453 816 4502; x_wconf 84' lang='lat' dir='ltr'><strong>diameter</strong></span> <span class='ocrx_word' id='word_1_405' title='bbox 825 4469 855 4502; x_wconf 83' lang='lat' dir='ltr'><strong>as</strong></span> <span class='ocrx_word' id='word_1_406' title='bbox 867 4453 949 4514; x_wconf 86' lang='lat' dir='ltr'><strong>unity,</strong></span> <span class='ocrx_word' id='word_1_407' title='bbox 962 4452 1018 4501; x_wconf 87' lang='lat' dir='ltr'><strong>that</strong></span> <span class='ocrx_word' id='word_1_408' title='bbox 1031 4451 1060 4499; x_wconf 92' lang='lat' dir='ltr'><strong>of</strong></span> <span class='ocrx_word' id='word_1_409' title='bbox 1073 4452 1118 4499; x_wconf 89' lang='lat' dir='ltr'><strong>the</strong></span> <span class='ocrx_word' id='word_1_410' title='bbox 1130 4451 1209 4499; x_wconf 80' lang='lat' dir='ltr'><strong>hloon</strong></span> <span class='ocrx_word' id='word_1_411' title='bbox 1222 4449 1244 4497; x_wconf 79' lang='lat' dir='ltr'><strong>is</strong></span> <span class='ocrx_word' id='word_1_412' title='bbox 1255 4463 1303 4510; x_wconf 70' lang='grc' dir='ltr'><strong>-η,</strong></span> <span class='ocrx_word' id='word_1_413' title='bbox 1316 4449 1346 4497; x_wconf 85' lang='lat' dir='ltr'><strong>oi</strong></span> <span class='ocrx_word' id='word_1_414' title='bbox 1355 4448 1423 4498; x_wconf 74' lang='lat' dir='ltr'><strong>ider-</strong></span> 
     </span>
     <span class='ocr_line' id='line_1_41' title="bbox 271 4526 1422 4593; baseline -0.002 -14"><span class='ocrx_word' id='word_1_415' title='bbox 271 4546 335 4593; x_wconf 89' lang='lat' dir='ltr'><strong>cury</strong></span> <span class='ocrx_word' id='word_1_416' title='bbox 348 4547 380 4593; x_wconf 77' lang='lat'><strong>·4,</strong></span> <span class='ocrx_word' id='word_1_417' title='bbox 393 4532 422 4579; x_wconf 93' lang='lat' dir='ltr'><strong>of</strong></span> <span class='ocrx_word' id='word_1_418' title='bbox 430 4530 519 4580; x_wconf 83' lang='lat' dir='ltr'><strong>Venus</strong></span> <span class='ocrx_word' id='word_1_419' title='bbox 531 4546 579 4593; x_wconf 66' lang='grc' dir='ltr'><strong>-ῃ,</strong></span> <span class='ocrx_word' id='word_1_420' title='bbox 592 4531 622 4581; x_wconf 89' lang='lat' dir='ltr'><strong>oi</strong></span> <span class='ocrx_word' id='word_1_421' title='bbox 630 4531 699 4581; x_wconf 76' lang='lat' dir='ltr'><strong>biars</strong></span> <span class='ocrx_word' id='word_1_422' title='bbox 712 4545 743 4592; x_wconf 84' lang='lat'><strong>·5,</strong></span> <span class='ocrx_word' id='word_1_423' title='bbox 757 4531 787 4579; x_wconf 92' lang='lat' dir='ltr'><strong>of</strong></span> <span class='ocrx_word' id='word_1_424' title='bbox 793 4531 896 4593; x_wconf 80' lang='lat' dir='ltr'><strong>jupiter</strong></span> <span class='ocrx_word' id='word_1_425' title='bbox 908 4545 971 4592; x_wconf 58' lang='lat'><strong>115,</strong></span> <span class='ocrx_word' id='word_1_426' title='bbox 985 4530 1038 4579; x_wconf 88' lang='lat' dir='ltr'><strong>and</strong></span> <span class='ocrx_word' id='word_1_427' title='bbox 1049 4529 1079 4577; x_wconf 91' lang='lat' dir='ltr'><strong>of</strong></span> <span class='ocrx_word' id='word_1_428' title='bbox 1086 4530 1181 4579; x_wconf 79' lang='lat' dir='ltr'><strong>Satura</strong></span> <span class='ocrx_word' id='word_1_429' title='bbox 1192 4542 1258 4588; x_wconf 60' lang='lat'><strong>405.</strong></span> <span class='ocrx_word' id='word_1_430' title='bbox 1293 4527 1351 4576; x_wconf 86' lang='lat' dir='ltr'><strong>The</strong></span> <span class='ocrx_word' id='word_1_431' title='bbox 1366 4526 1422 4578; x_wconf 88' lang='lat' dir='ltr'><strong>Suu</strong></span> 
     </span>
     <span class='ocr_line' id='line_1_42' title="bbox 273 4605 1422 4671; baseline -0.001 -14"><span class='ocrx_word' id='word_1_432' title='bbox 273 4610 294 4657; x_wconf 82' lang='lat' dir='ltr'><strong>is</strong></span> <span class='ocrx_word' id='word_1_433' title='bbox 314 4624 368 4670; x_wconf 84' lang='lat'><strong>110,</strong></span> <span class='ocrx_word' id='word_1_434' title='bbox 381 4610 468 4658; x_wconf 84' lang='lat' dir='ltr'><strong>which</strong></span> <span class='ocrx_word' id='word_1_435' title='bbox 486 4616 615 4659; x_wconf 79' lang='lat' dir='ltr'><strong>contr-asts</strong></span> <span class='ocrx_word' id='word_1_436' title='bbox 631 4608 751 4671; x_wconf 83' lang='lat' dir='ltr'><strong>strongly</strong></span> <span class='ocrx_word' id='word_1_437' title='bbox 767 4609 831 4656; x_wconf 85' lang='lat' dir='ltr'><strong>with</strong></span> <span class='ocrx_word' id='word_1_438' title='bbox 850 4607 961 4657; x_wconf 80' lang='lat' dir='ltr'><strong>Bacon&#39;s</strong></span> <span class='ocrx_word' id='word_1_439' title='bbox 977 4609 1097 4657; x_wconf 81' lang='lat' dir='ltr'><strong>estimate</strong></span> <span class='ocrx_word' id='word_1_440' title='bbox 1114 4605 1144 4656; x_wconf 82' lang='lat' dir='ltr'><strong>of</strong></span> <span class='ocrx_word' id='word_1_441' title='bbox 1157 4618 1206 4668; x_wconf 62' lang='lat'><strong>55.</strong></span> <span class='ocrx_word' id='word_1_442' title='bbox 1242 4606 1295 4654; x_wconf 89' lang='lat' dir='ltr'><strong>But</strong></span> <span class='ocrx_word' id='word_1_443' title='bbox 1310 4605 1422 4657; x_wconf 85' lang='lat' dir='ltr'><strong>Baeon&#39;s</strong></span> 
     </span>
     <span class='ocr_line' id='line_1_43' title="bbox 272 4686 909 4739; baseline 0 -3"><span class='ocrx_word' id='word_1_444' title='bbox 272 4686 339 4737; x_wconf 88' lang='lat' dir='ltr'><strong>view</strong></span> <span class='ocrx_word' id='word_1_445' title='bbox 350 4688 380 4738; x_wconf 90' lang='lat' dir='ltr'><strong>of</strong></span> <span class='ocrx_word' id='word_1_446' title='bbox 388 4689 434 4738; x_wconf 90' lang='lat' dir='ltr'><strong>the</strong></span> <span class='ocrx_word' id='word_1_447' title='bbox 444 4688 520 4737; x_wconf 89' lang='lat' dir='ltr'><strong>lunar</strong></span> <span class='ocrx_word' id='word_1_448' title='bbox 530 4688 656 4739; x_wconf 82' lang='lat' dir='ltr'><strong>diameter</strong></span> <span class='ocrx_word' id='word_1_449' title='bbox 668 4688 690 4738; x_wconf 85' lang='lat' dir='ltr'><strong>is</strong></span> <span class='ocrx_word' id='word_1_450' title='bbox 702 4703 765 4739; x_wconf 87' lang='lat' dir='ltr'><strong>near</strong></span> <span class='ocrx_word' id='word_1_451' title='bbox 776 4688 820 4737; x_wconf 90' lang='lat' dir='ltr'><strong>the</strong></span> <span class='ocrx_word' id='word_1_452' title='bbox 831 4688 909 4737; x_wconf 85' lang='lat' dir='ltr'><strong>truth.</strong></span> 
     </span>
    </p>
   </div>
   <div class='ocr_carea' id='block_1_5' title="bbox 0 0 1792 5375">
    <p class='ocr_par' dir='ltr' id='par_1_7' title="bbox 0 0 1792 5375">
     <span class='ocr_line' id='line_1_44' title="bbox 0 0 1792 5375; baseline 0 4"><span class='ocrx_word' id='word_1_453' title='bbox 0 0 1792 5375; x_wconf 95' lang='lat' dir='ltr'><strong> </strong></span> 
     </span>
    </p>
   </div>
  </div>
 </body>
</html>
