3575 5375
364 615 714 676 MATHEMATICAE
738 617 789 674 IN
811 616 1014 676 PHYSICIS
1041 617 1248 677 UTILITAS.
1352 635 1411 696 129

258 780 479 845 condensatur
500 779 533 844 in
553 801 692 862 corpore
710 779 833 854 stellae,
849 789 886 844 ut
908 779 1030 845 habeat
1052 781 1173 846 sortem
1195 781 1352 845 virtutem
1376 783 1409 846 in

256 883 454 948 alteratione
471 885 593 949 mundi.
631 885 677 949 Et
694 886 768 948 ideo
784 887 883 948 docet
898 885 952 962 ibi,
965 895 1000 949 et
1016 885 1049 947 in
1066 885 1150 948 libro
1166 887 1209 950 de
1224 887 1410 951 substantia

257 988 355 1066 orbis,
371 990 460 1071 quod
477 988 573 1052 stella
589 988 659 1053 sola
677 988 775 1069 lucet,
789 1000 824 1054 et
842 988 932 1052 nulla
951 1009 1027 1070 pars
1042 988 1141 1052 orbis.
1189 990 1234 1053 Et
1253 989 1305 1055 hic
1321 1010 1412 1054 error

256 1092 409 1176 vulgatur
439 1096 529 1176 apud
563 1093 844 1178 philosophantes,
873 1104 909 1157 et
938 1095 1027 1175 apud
1057 1115 1175 1159 omnes
1204 1094 1410 1177 Theologos¹

257 1200 392 1281 quando
416 1197 605 1280 loquuntur,
627 1209 660 1263 et
683 1200 831 1264 scribunt
854 1199 898 1262 de
919 1198 1034 1263 stellis.

302 1301 468 1384 Quoniam
499 1323 578 1366 vero
615 1302 648 1365 in
687 1303 770 1367 libro
801 1304 843 1367 de
880 1304 1139 1386 proprietatibus
1168 1303 1408 1367 elementorum
1424 1319 1500 1370 lethe
1515 1319 1581 1384 light

258 1407 386 1484 dicitur,
408 1407 499 1488 quod
525 1406 575 1470 sol
601 1417 652 1472 est
679 1409 764 1471 sicut
789 1408 939 1480 candela,
960 1418 995 1471 et
1018 1407 1135 1472 stellae
1161 1409 1246 1472 sicut
1268 1408 1410 1491 specula,
1423 1386 1580 1501 ffihffiffl

258 1511 412 1576 aestimat
438 1519 546 1575 totum
573 1509 692 1596 vulgus
717 1512 922 1575 studentium
949 1512 1040 1594 quod
1068 1512 1181 1575 lumen
1205 1512 1295 1593 quod
1320 1510 1410 1576 venit
1424 1516 1537 1567 reflected

258 1615 299 1678 ad
324 1635 384 1679 nos
406 1615 449 1679 de
470 1615 548 1679 luna
566 1624 600 1678 et
622 1615 725 1680 stellis
743 1617 786 1680 sit
805 1615 865 1679 lux
888 1615 967 1680 solis
986 1616 1112 1680 reflexa
1133 1637 1154 1680 a
1175 1615 1411 1698 superficiebus
1423 1584 1487 1699 {iffi
1505 1581 1548 1632 the

259 1739 381 1783 earum.
427 1718 494 1783 Sed
516 1719 579 1784 hoc
599 1729 650 1784 est
672 1720 874 1804 impossibile
894 1732 1029 1804 propter
1048 1720 1284 1803 aequalitatem
1306 1741 1411 1804 angu-

259 1824 365 1888 lorum
390 1825 586 1888 incidentiae
606 1835 640 1888 et
660 1824 856 1904 reflexionis,
876 1835 913 1888 ut
936 1835 1029 1908 patet
1050 1828 1082 1889 in
1103 1824 1217 1909 figura.
1264 1826 1353 1889 Nam
1375 1836 1412 1887 ut

260 1930 349 2010 prius
360 1929 465 1992 visum
478 1941 538 2004 est,
549 1931 576 1992 si
593 1931 639 1994 ita
651 1940 747 2008 esset,
757 1939 835 1995 tunc
846 1938 979 2013 oportet
993 1929 1150 2014 angulum
1166 1951 1188 1993 a
1203 1930 1412 2008 incidentiae,

260 2043 294 2097 et
312 2033 470 2116 angulum
486 2035 504 2098 b
523 2033 710 2099 reflexionis
729 2035 874 2118 aequari.
933 2034 1024 2118 Ergo
1038 2034 1057 2098 b
1071 2056 1088 2099 c
1102 2035 1216 2099 radius
1237 2055 1303 2097 non
1318 2035 1411 2097 vadit

261 2139 324 2202 nisi
347 2140 379 2201 in
410 2148 538 2222 partem
563 2140 819 2204 determinatam

262 2253 371 2309 terrae
385 2255 419 2309 et
435 2265 501 2308 non
522 2244 652 2327 ubique,
663 2253 698 2308 et
713 2246 761 2307 sic
778 2245 821 2307 de

261 2359 335 2413 toto
348 2349 471 2414 lumine
485 2350 575 2432 quod
594 2349 686 2413 venit
705 2349 748 2412 ad
767 2371 821 2412 su·

264 2453 431 2537 perficiem
448 2452 556 2518 lunae.
591 2453 716 2517 Totum
733 2453 821 2516 enim

261 2569 313 2624 est
328 2558 421 2640 quasi
438 2579 521 2622 unus
543 2559 664 2631 radius,
680 2566 715 2621 et
731 2558 822 2621 cadit

262 2665 305 2729 ad
328 2663 467 2748 angulos
491 2661 687 2746 inaequales,
710 2673 745 2727 et
771 2681 820 2726 re-

263 2768 405 2834 flectitur
421 2771 453 2834 iu
476 2780 602 2851 partem
619 2768 821 2832 determina·

265 2886 344 2937 tam.
364 2873 455 2958 Ergo
464 2874 492 2937 si
501 2873 626 2938 veniret
636 2874 680 2936 ad
690 2882 820 2945 terram,

263 2998 328 3042 non
350 2977 551 3043 illuminaret
567 2979 646 3041 luna
665 2977 727 3040 nisi
748 2996 823 3058 par·

263 3094 332 3148 tem
348 3082 540 3147 Horizontis
551 3081 696 3165 aliquam
710 3084 819 3146 deter-

266 3189 449 3262 minatam3
481 3188 540 3251 sed
571 3206 632 3250 nos
661 3187 821 3262 videmuS,

263 3293 354 3375 quod
386 3290 549 3356 illuminat
578 3299 687 3355 totum
717 3289 821 3352 hemi-

264 3396 453 3479 sphaerium
490 3396 576 3460 sicut
612 3394 672 3459 sol.
731 3394 822 3475 Ergo

264 3500 323 3563 lux
340 3500 396 3564 illa
411 3519 497 3583 quae
512 3500 602 3561 venit
617 3520 637 3563 a
659 3497 738 3563 luna
754 3508 787 3560 et
802 3518 822 3561 a

262 3602 365 3669 stellis
383 3624 450 3668 nou
468 3614 519 3667 est
541 3601 673 3667 reflexa.
719 3602 765 3666 Et
785 3600 951 3664 Averroes
971 3597 1117 3661 secundo
1137 3594 1220 3660 coeli
1243 3604 1278 3657 et
1297 3593 1413 3658 mundi

264 3709 327 3773 hac
349 3709 634 3774 demonstratione
653 3708 765 3785 utitur,
780 3716 814 3771 et
832 3725 892 3770 sua
911 3702 1085 3769 confirmat
1101 3702 1308 3777 auctoritate,
1323 3701 1414 3782 quod

264 3823 397 3878 nonest
418 3813 529 3876 lumen
550 3812 629 3876 solis
650 3811 810 3876 reflexum
832 3830 852 3873 a
872 3807 1046 3892 superficie
1064 3805 1243 3879 stellarum,
1260 3806 1350 3887 quod
1371 3804 1414 3868 ad

265 3937 326 3980 nos
342 3918 512 3981 descendit
526 3917 570 3979 ab
585 3918 642 3990 eis,
655 3916 714 3979 sed
731 3913 900 3998 proprium
913 3910 1025 3975 lumen
1038 3921 1071 3974 et
1083 3912 1243 3983 innatum,
1255 3910 1413 3973 eductum

265 4031 378 4087 tamen
400 4023 442 4085 de
464 4020 615 4104 potentia
638 4021 797 4083 materiae
820 4018 852 4081 in
874 4035 1014 4098 corpore
1036 4013 1153 4079 stellae
1177 4033 1236 4095 per
1257 4013 1414 4076 virtutem

264 4125 344 4191 solis
365 4125 525 4189 venientis
548 4126 590 4189 ad
618 4122 762 4198 stellam,
783 4142 870 4203 quae
891 4122 995 4185 virtus
1017 4120 1138 4184 alterat
1159 4127 1194 4181 et
1215 4124 1415 4181 transmutat

264 4229 405 4303 stellam,
417 4239 452 4293 et
473 4228 553 4294 facit
575 4229 687 4291 lumen
711 4229 743 4290 in
766 4248 826 4304 ea;
845 4237 879 4289 et
901 4224 1038 4307 quando
1060 4223 1162 4287 habet
1185 4221 1296 4286 lumen
1318 4230 1414 4283 natu·

266 4334 378 4398 raliter
402 4335 552 4417 genitum
579 4333 612 4396 in
640 4352 690 4410 ea,
713 4332 798 4395 sicut
821 4330 870 4395 sol
899 4329 1002 4393 habet
1026 4326 1134 4391 lucem
1159 4335 1314 4398 creatam,
1335 4335 1415 4387 tunc

266 4449 377 4521 potest
400 4436 619 4522 multiplicare
646 4437 751 4500 lucem
776 4456 796 4499 a
819 4454 855 4499 se
881 4434 1029 4515 undique
1051 4432 1136 4494 sicut
1162 4429 1220 4492 sol.
1267 4428 1313 4491 Et
1336 4437 1415 4490 tunc

266 4545 514 4607 concedendum
541 4552 591 4606 est
618 4542 708 4623 quod
734 4539 847 4604 lumen
873 4537 953 4602 solis
983 4534 1162 4599 reflectitur
1191 4554 1212 4595 a
1243 4530 1416 4614 superficie

266 4646 373 4721 lunae,
388 4648 448 4710 sed
470 4665 536 4709 non
556 4646 644 4709 venit
667 4646 711 4709 ad
730 4654 862 4720 terram,
877 4643 936 4707 sed
957 4642 1000 4706 ad
1023 4639 1124 4703 aliam
1146 4648 1276 4719 partem
1300 4634 1417 4697 mundi

309 4764 392 4815 VOL.
409 4764 431 4814 1.
825 4760 853 4811 t<

1087 3476 1149 3528 Frc.
1163 3489 1202 3527 rr.
