3575 5375
178 3641 233 3691 The
243 3659 284 3693 ex·

178 3709 263 3772 ample
274 3717 318 3759 not

174 3786 202 3822 to
214 3775 244 3823 be
255 3774 302 3823 foi·

176 3839 257 3888 lowed
269 3841 301 3903 by

175 3904 238 3953 later
249 3905 318 3956 theo-

174 3970 280 4034 loginns.

359 651 402 713 30
595 640 750 700 OPERIS
774 640 963 712 MAJORIS
987 642 1100 703 PARS
1125 646 1275 705 PRIMA.

361 816 493 881 mundo·
502 816 653 893 radiaret,
670 831 708 886 ut
724 821 922 903 probaretur
936 822 1044 887 solum
1061 822 1137 886 Deo
1151 828 1286 886 auctore
1308 820 1510 906 promulgari

360 942 419 1005 per
439 933 541 988 testes
563 926 607 988 ab
630 925 701 1008 ejus
724 926 862 1009 imperio
885 927 1077 991 destinatos.
1126 924 1190 989 His
1213 924 1313 1009 igitur
1335 925 1378 990 de
1404 926 1511 991 causis

360 1026 570 1113 philosophia
593 1028 655 1094 fuit
677 1032 721 1095 ab
744 1028 883 1095 ecclesia
909 1028 942 1094 in
966 1028 1123 1113 principio
1151 1040 1186 1095 et
1208 1030 1329 1094 sanctis
1354 1030 1418 1094 Dei
1443 1051 1509 1093 non

358 1131 467 1196 solum
480 1134 640 1215 neglecta,
650 1136 709 1200 sed
719 1134 891 1201 eisodiosa
904 1158 911 1213 ;
928 1155 994 1199 non
1005 1143 1116 1199 tamen
1127 1144 1261 1217 propter
1273 1133 1406 1217 aliquod
1418 1135 1507 1218 quod

356 1236 389 1298 in
404 1258 444 1301 ca
459 1240 647 1304 continetur
661 1241 861 1304 contrarium
872 1239 1013 1303 veritati.
1060 1238 1148 1302 Nam
1167 1239 1244 1303 licet
1260 1239 1451 1322 imperfecta
1466 1240 1509 1303 sit

356 1351 505 1423 respectu
522 1342 734 1423 professionis
750 1342 967 1421 Christianae,
982 1350 1096 1406 tamen
1119 1340 1190 1424 ejus
1211 1352 1359 1424 potestas
1378 1352 1509 1407 nonest

356 1454 466 1509 sectae
490 1444 613 1510 Christi
639 1448 782 1518 dissona,
808 1448 913 1512 immo
939 1445 1089 1511 totaliter
1113 1446 1154 1509 ad
1183 1466 1257 1509 eam
1284 1446 1455 1529 disposita,
1474 1457 1508 1510 et

356 1551 384 1614 ei
409 1550 582 1615 utilissima
611 1562 645 1616 et
671 1551 806 1617 omnino
831 1552 1023 1626 necessaria,
1046 1550 1132 1614 sicut
1158 1570 1274 1615 omnes
1305 1554 1451 1629 credunt,
1474 1561 1506 1615 et

354 1653 588 1720 certificabitur
613 1656 790 1722 evidenter.
836 1654 913 1720 Non
941 1654 1039 1739 igitur
1064 1664 1200 1738 propter
1229 1654 1353 1739 aliquid
1382 1656 1506 1719 malum

353 1757 585 1842 philosophiae
607 1761 745 1827 ecclesia
764 1761 828 1825 Dei
847 1760 995 1844 neglexit
1013 1769 1047 1825 et
1065 1761 1255 1844 reprobavit
1277 1780 1351 1824 eam
1375 1782 1395 1825 a
1418 1762 1506 1845 prin-

353 1863 449 1946 cipio,
464 1864 522 1927 sed
546 1875 681 1948 propter
702 1866 861 1929 abusores
883 1864 962 1947 ejus,
978 1864 1036 1947 qui
1059 1864 1236 1929 noluerunt
1259 1885 1333 1927 eam
1356 1883 1416 1928 suo
1439 1862 1504 1937 fini,

352 1965 409 2048 qui
425 1976 475 2030 est
489 1968 610 2032 veritas
626 1968 823 2045 Christiana,
838 1968 1000 2051 copulare.
1048 1966 1094 2031 Et
1111 1977 1245 2049 propter
1264 1967 1350 2031 hanc
1370 1988 1503 2031 causam

354 2070 503 2136 Ecclesia
518 2072 685 2156 primitiva
700 2095 766 2139 non
783 2072 845 2138 fuit
860 2074 1002 2138 sollicita
1017 2074 1060 2138 de
1075 2072 1292 2137 translatione
1308 2090 1503 2156 magnarum

351 2176 562 2241 scientiarum
579 2178 817 2262 philosophiae,
828 2186 861 2242 et
878 2176 953 2243 ideo
968 2178 1074 2242 sancti
1086 2179 1239 2241 doctores
1252 2176 1362 2241 Latini
1374 2178 1503 2260 copiam

353 2280 657 2365 philosophicorum
684 2306 750 2348 non
773 2284 909 2363 habent,
933 2293 966 2348 et
997 2283 1239 2365 configurantes
1269 2304 1305 2346 se
1334 2284 1503 2367 principiis

352 2384 520 2451 Ecclesiae
549 2386 768 2469 neglexerunt
798 2386 904 2451 multa
934 2386 1138 2470 dignissima,
1165 2386 1250 2451 sicut
1279 2386 1311 2449 in
1342 2386 1504 2470 principio

350 2498 489 2570 propter
525 2510 640 2555 causas
678 2490 882 2573 supradictas
919 2490 1070 2573 neglecta
1100 2489 1240 2565 fuerunt,
1272 2510 1337 2553 non
1368 2500 1503 2573 propter

351 2591 475 2675 aliquid
506 2592 626 2658 falsum
656 2594 708 2659 vel
739 2594 911 2678 indignum
942 2595 1032 2678 quod
1064 2595 1096 2657 in
1128 2592 1338 2675 philosophia
1369 2596 1503 2676 reperiri

350 2697 466 2781 possit,
478 2709 515 2763 ut
531 2701 650 2764 certius
667 2720 728 2765 suo
742 2702 816 2764 loco
832 2721 891 2782 per
907 2701 995 2783 ipsos
1009 2700 1073 2764 Dei
1089 2708 1222 2763 sanctos
1238 2700 1377 2782 patebit.
1414 2699 1502 2762 Nam

350 2802 546 2866 ostendetur
559 2805 649 2885 quod
673 2804 778 2869 sancti
802 2802 1014 2869 Patriarchae
1035 2813 1068 2867 et
1093 2802 1277 2884 Prophetae
1301 2823 1320 2866 a
1343 2803 1503 2885 principio

350 2907 465 2969 mundi
481 2927 597 2972 omnes
609 2909 762 2974 scientias
774 2919 968 2991 receperunt
979 2929 998 2972 a
1010 2909 1094 2983 Deo,
1105 2908 1226 2990 quibus
1239 2908 1329 2970 illam
1343 2927 1500 2991 magnam

348 3008 438 3073 vitae
459 3007 702 3093 longitudinem
725 3013 825 3090 dedit,
842 3022 879 3077 ut
901 3022 1037 3095 possent
1059 3012 1200 3094 experiri
1224 3011 1303 3094 quid
1326 3013 1374 3075 eis
1397 3012 1503 3076 fuerat

348 3111 540 3191 revelatum,
555 3127 727 3198 quatenus,
744 3115 810 3182 fide
828 3116 949 3181 Christi
973 3117 1162 3181 introducta
1184 3125 1218 3180 et
1240 3127 1399 3179 evacuata
1421 3117 1501 3181 artis

349 3216 498 3299 magicae
513 3219 743 3298 fraudulentia,
761 3229 910 3304 potestas
932 3219 1162 3303 philosophiae
1182 3220 1226 3284 ad
1244 3219 1355 3283 divina
1374 3219 1501 3285 utiliter

345 3321 501 3405 rapiatur.

757 3509 985 3574 Cnerrunuu
1010 3507 1086 3571 XV.

392 3644 487 3710 Sicut
506 3667 584 3710 vero
604 3649 755 3711 doctores
773 3647 857 3711 sacri
878 3643 1072 3729 magnificas
1094 3644 1246 3709 scientias
1269 3645 1500 3728 philosophiae

348 3767 413 3811 non
436 3747 623 3813 habuerunt
646 3750 680 3812 in
702 3769 775 3829 usu,
789 3749 836 3814 sic
859 3771 919 3814 nec
941 3749 1149 3833 posteriores
1164 3749 1290 3813 scilieet
1313 3749 1498 3828 Gratianus,

348 3849 511 3933 Magister
521 3854 757 3917 sententiarum
769 3863 803 3918 et
815 3851 1034 3925 historiarum,
1047 3853 1151 3935 Hugo
1163 3854 1204 3917 de
1217 3851 1343 3917 Sancto
1352 3853 1498 3928 Victore,

347 3964 381 4018 et
399 3955 560 4020 Ricardus
575 3956 618 4020 de
633 3956 761 4021 eodem.
806 3957 896 4020 Nam
917 3977 985 4021 non
1006 3957 1137 4020 fuerunt
1157 3975 1271 4020 eorum
1293 3957 1498 4039 temporibus
1592 4037 1596 4046 .

319 4141 324 4148 Ι
346 4059 535 4134 translatae,
551 4080 611 4124 nec
627 4061 660 4122 in
678 4083 736 4125 usu
753 4060 957 4136 Latinorum,
973 4073 1007 4125 et
1029 4061 1103 4125 ideo
1124 4061 1341 4144 neglexerunt
1356 4081 1420 4139 eas,
1436 4079 1497 4124 nec

344 4162 464 4245 dignas
487 4163 588 4226 sacris
611 4165 776 4246 mysteriis
794 4163 959 4229 sciverunt
980 4163 1137 4245 judicare,
1152 4164 1211 4228 sed
1231 4163 1377 4228 humano
1398 4183 1495 4228 sensu

344 4262 544 4346 respuebant
565 4281 706 4344 quorum
733 4283 830 4327 usum
856 4283 923 4328 non
949 4262 1131 4340 habebant,
1150 4275 1184 4328 et
1207 4264 1240 4326 in
1265 4264 1378 4328 multis
1404 4263 1497 4327 oblo-

342 4375 502 4448 quuntur,
525 4377 692 4430 sumentes
722 4365 939 4431 nihilominus
975 4369 1184 4432 occasionem
1224 4387 1267 4430 ex
1302 4365 1375 4443 hoc,
1405 4368 1494 4449 quod

341 4471 447 4535 sancti
470 4473 623 4535 doctores
645 4470 735 4553 prius
756 4471 890 4534 easdem
914 4470 1131 4553 neglexerunt
1143 4492 1151 4550 ;
1173 4471 1231 4534 sed
1255 4489 1321 4532 non
1344 4471 1495 4534 attende-

341 4574 424 4638 bant
445 4593 561 4639 causas
584 4584 782 4652 sanctorum,
804 4573 937 4653 scilicet,
955 4573 1045 4656 quod
1070 4595 1135 4638 non
1159 4584 1238 4638 sunt
1258 4574 1440 4638 translatae
1462 4575 1495 4638 in

341 4696 455 4742 eorum
481 4688 641 4763 tempore,
663 4687 698 4743 et
719 4677 820 4743 etiam
843 4679 921 4762 quia
944 4677 1082 4744 ecclesia
1104 4697 1160 4742 eas
1186 4677 1303 4762 jubere
1325 4677 1493 4743 transferri
