3575 5375
349 553 411 616 372
574 540 730 600 OPERIS
754 539 943 610 MAJORIS
967 538 1082 598 PARS
1106 539 1292 612 QUARTA.

348 721 541 784 responsum
569 705 611 766 de
641 703 688 767 eis
714 724 776 786 pro
801 703 923 785 quibus
948 702 1102 778 veniunt3
1137 721 1198 765 nec
1225 701 1423 786 permittunt
1451 719 1514 766 eos

349 806 462 890 vagari
483 827 541 889 per
561 807 738 892 regionem.

182 899 284 1028 {22}le
310 981 339 1014 or
396 909 463 974 Sed
484 909 570 975 ultra
590 911 651 976 hos
670 922 720 976 est
742 931 863 994 magna
884 909 1035 985 Cathaia,
1050 930 1137 992 quae
1158 909 1255 974 Seres
1276 910 1398 974 dicitur
1415 909 1512 992 apud

181 1001 292 1079 chinus
350 1014 576 1098 philosophos,
591 1025 625 1080 et
645 1025 696 1080 est
717 1016 750 1078 in
772 1016 985 1079 extremitate
1007 1015 1141 1078 orientis
1163 1023 1299 1096 aparte
1321 1013 1512 1097 aquilonari

350 1130 502 1201 respectu
530 1119 654 1198 Indiae,
678 1121 783 1185 divisa
809 1120 853 1184 ab
884 1140 923 1183 ea
949 1139 1009 1202 per
1034 1119 1141 1182 sinum
1172 1120 1273 1182 maris
1302 1128 1336 1182 et
1366 1126 1512 1181 montes.

352 1223 398 1288 Et
424 1223 477 1288 hic
504 1223 588 1288 fiunt
615 1227 714 1309 panni
743 1226 837 1292 serici
866 1225 995 1310 optimi,
1019 1234 1052 1288 et
1080 1225 1112 1288 in
1141 1244 1264 1306 magna
1289 1224 1395 1306 copia,
1419 1224 1512 1286 unde

351 1328 395 1392 ab
421 1327 485 1393 hac
510 1339 598 1393 terra
623 1330 881 1394 deferunturad
904 1330 986 1394 alias
1012 1331 1171 1411 regiones.
1218 1329 1264 1393 Et
1286 1329 1340 1392 hic
1362 1326 1511 1411 populus

352 1432 476 1515 aspirat
503 1434 644 1498 multum
671 1454 731 1517 per
756 1454 857 1508 nares,
883 1444 917 1497 et
944 1443 1022 1497 sunt
1046 1433 1166 1516 optimi
1191 1431 1333 1496 artifices
1358 1433 1391 1495 in
1416 1431 1510 1494 omni

352 1546 431 1614 arte,
444 1548 477 1602 et
491 1548 570 1602 sunt
586 1539 663 1603 boni
681 1539 801 1603 medici
817 1539 906 1621 apud
923 1559 980 1604 eos
996 1539 1030 1601 in
1046 1537 1200 1601 omnibus
1215 1545 1448 1620 praeterquam
1463 1537 1510 1600 de

353 1641 454 1719 urina,
469 1640 562 1722 cujus
579 1641 706 1724 judicio
723 1661 789 1707 non
806 1653 955 1721 utuntur,
971 1645 1030 1706 sed
1046 1663 1105 1726 per
1119 1643 1252 1723 pulsum
1272 1653 1307 1706 et
1328 1642 1392 1704 alia
1411 1643 1510 1724 signa

353 1745 480 1828 optime
509 1746 701 1826 dijudicant,
728 1757 761 1810 et
791 1748 876 1811 bene
906 1755 1114 1829 cognoscunt
1143 1746 1227 1810 vires
1256 1745 1443 1823 herbarum,
1472 1755 1509 1808 et

353 1850 456 1913 totius
471 1851 654 1916 medicinae
670 1860 879 1934 potestatem.
913 1851 1013 1915 Multi
1024 1873 1069 1916 ex
1085 1852 1134 1915 eis
1148 1861 1226 1914 sunt
1237 1852 1325 1934 apud
1338 1850 1509 1914 Tartaros.
1606 1846 1614 1855 ’

354 1954 400 2018 Et
423 1955 561 2019 istorum
584 1954 801 2020 Cathaiorum
824 1965 959 2019 moneta
980 1956 1124 2039 vulgaris
1151 1965 1201 2018 ast
1224 1964 1315 2018 carta
1341 1957 1385 2018 de
1407 1954 1509 2017 Bam·

352 2067 445 2132 basio
455 2067 475 2147 ¹,
492 2068 524 2131 in
546 2089 612 2151 qua
632 2068 826 2150 imprimunt
847 2067 1010 2150 quasdam
1031 2067 1144 2132 lineas.
1191 2067 1263 2130 Nec
1286 2067 1413 2140 mirum,
1430 2087 1508 2129 cum

352 2171 498 2236 Rusceni
535 2173 592 2254 qui
630 2193 736 2254 prope
765 2192 826 2236 nos
863 2181 942 2236 sunt
974 2172 1101 2236 habent
1131 2193 1191 2255 pro
1226 2181 1360 2235 moneta
1387 2171 1508 2234 faciem

351 2275 634 2358 Hesperiolorum.
680 2278 726 2341 Et
742 2278 806 2342 ista
821 2276 963 2343 Cathaia
975 2298 1041 2341 non
1058 2277 1161 2342 distat
1176 2297 1237 2361 per
1251 2288 1329 2341 octo
1343 2285 1377 2340 et
1389 2276 1509 2359 viginti

351 2377 481 2445 dietas*
492 2402 513 2445 a
529 2394 616 2446 terra
631 2382 664 2445 in
677 2403 743 2465 qua
759 2393 908 2446 moratur
923 2384 1112 2466 imperator.
1152 2381 1197 2447 Et
1212 2382 1245 2444 in
1262 2381 1318 2445 illa
1331 2390 1417 2445 terra
1428 2389 1509 2443 sunt

351 2505 450 2567 rupes
469 2486 610 2565 exaltae,
629 2487 662 2550 in
677 2488 797 2570 quibus
813 2487 965 2551 habitant
980 2487 1145 2569 quaedam
1162 2497 1331 2550 creaturae
1346 2484 1508 2549 habentes

351 2611 410 2672 per
431 2591 543 2653 omnia
562 2591 701 2654 sormam
719 2591 911 2665 humanam,
929 2611 996 2654 non
1019 2600 1131 2655 tamen
1153 2611 1263 2673 genua
1284 2589 1431 2666 flectunt,
1447 2589 1507 2652 sed

351 2694 525 2758 ambulant
547 2694 720 2771 saltando;
748 2699 805 2760 sed
829 2717 894 2760 non
917 2706 994 2760 sunt
1015 2696 1230 2779 longitudinis
1251 2694 1384 2776 majoris
1406 2713 1508 2776 quam

351 2798 463 2875 cubiti,
479 2809 513 2862 et
529 2801 665 2862 vestitur
681 2810 790 2863 totum
807 2820 926 2883 corpus
941 2801 1092 2878 crinibus,
1108 2811 1141 2864 et
1158 2820 1223 2864 non
1238 2800 1426 2882 loquuntur.
1460 2798 1508 2863 Et

351 2910 523 2967 venatores
544 2913 679 2986 portant
697 2904 888 2967 cerevisiam
912 2915 946 2967 et
966 2904 1092 2969 faciunt
1114 2904 1226 2969 foveas
1250 2905 1282 2967 in
1305 2904 1440 2987 rupibus
1462 2904 1507 2968 ad

352 3007 490 3071 modum
517 3006 727 3091 scyphorum,
747 3017 781 3072 et
804 3007 861 3073 illa
884 3009 1040 3073 animalia
1061 3009 1198 3073 veniunt
1223 3019 1257 3072 et
1279 3008 1397 3072 bibunt
1418 3028 1507 3073 cere·

351 3112 467 3175 visiam
504 3122 538 3175 et
569 3113 781 3191 inebriantur,
813 3122 847 3176 et
877 3113 1056 3190 dormiunt,
1082 3123 1116 3178 et
1146 3114 1194 3177 sic
1223 3112 1406 3194 capiuntur.
1460 3112 1507 3175 Et

353 3226 526 3280 venatores
547 3215 654 3301 ligant
677 3217 724 3281 eis
751 3238 878 3294 manus,
901 3227 933 3282 et
957 3219 1069 3303 pedes,
1092 3227 1126 3283 et
1151 3218 1305 3300 aperiunt
1327 3238 1446 3282 venam
1473 3218 1507 3280 in

352 3319 447 3393 collo,
478 3331 513 3385 et
546 3322 729 3388 extrahunt
760 3333 829 3387 tres
859 3322 910 3385 vel
942 3333 1085 3405 quatuor
1117 3333 1230 3404 guttas
1265 3322 1443 3404 sanguinis,
1473 3332 1508 3387 et

352 3424 538 3489 dissolvunt
560 3446 599 3489 ea
622 3446 660 3489 ac
683 3427 858 3491 dimittunt
880 3446 920 3489 ea
946 3426 1046 3503 abire,
1063 3436 1098 3490 et
1122 3426 1177 3489 ille
1203 3426 1336 3508 sanguis
1359 3435 1410 3489 est
1432 3447 1507 3510 pre·

351 3528 549 3594 tiosissimus
567 3551 628 3612 pro
645 3551 799 3615 purpura.

184 3632 314 3697 Religion·
397 3632 575 3697 Sciendum
590 3655 669 3699 vero
690 3643 741 3698 est
761 3636 851 3717 quod
871 3656 891 3698 a
912 3634 1074 3718 principio
1092 3632 1252 3699 Cathaiae
1270 3634 1383 3717 nigrae
1403 3654 1508 3716 usque

182 3698 212 3746 οἱ
225 3698 338 3762 TW*
352 3735 385 3799 in
402 3734 502 3800 finem
517 3738 651 3801 orientis
666 3748 742 3801 sunt
758 3738 983 3821 principaliter
997 3738 1193 3803 idololatrae
1203 3736 1225 3813 ³,
1241 3739 1300 3803 sed
1318 3739 1414 3802 mixti
1430 3748 1509 3803 sunt

385 3938 393 3967 ¹
412 3939 465 3988 Not
482 3938 630 3999 Gombnsio‚
642 3958 672 3990 as
689 3941 716 3989 in
728 3942 752 4002 J.
788 3941 839 3991 for
853 3958 886 3991 an
904 3949 1015 3991 account
1030 3942 1061 3991 ol
1075 3942 1119 3991 the
1131 3942 1246 3991 Chinese
1263 3957 1449 4005 paper-money
1460 3958 1509 3991 see

354 4016 441 4067 Marco
454 4016 529 4078 Polo,
541 4016 616 4065 Book
628 4018 653 4069 ii.
666 4020 707 4069 ch.
720 4036 761 4080 a4.
796 4020 819 4068 lt
835 4036 890 4069 was
908 4022 982 4070 made
1000 4021 1029 4069 ol
1042 4021 1087 4068 the
1104 4020 1181 4069 inner
1193 4020 1256 4069 barlr
1272 4020 1302 4069 os
1316 4021 1360 4070 the
1377 4020 1510 4083 mulberry

352 4105 415 4147 tree.
452 4096 490 4146 Its
501 4112 548 4145 uae
559 4097 644 4159 began
656 4097 683 4146 in
695 4098 740 4146 the
754 4096 828 4147 ninth
841 4106 950 4161 century
959 4113 1016 4148 ab.
1029 4098 1081 4146 aud
1090 4099 1191 4160 rapidly
1202 4098 1343 4147 extended.

384 4175 394 4205 ¹
411 4176 444 4225 28
460 4177 526 4237 days
539 4164 654 4238 ioumey
670 4183 697 4225 at
713 4193 747 4226 ao
763 4178 838 4226 miles
853 4178 942 4226 would
961 4193 1035 4226 come
1052 4184 1079 4226 to
1099 4179 1150 4237 560
1166 4177 1248 4237 miles,
1266 4177 1353 4226 which
1374 4177 1397 4225 is
1416 4176 1510 4240 nearly

352 4255 397 4303 the
417 4255 534 4304 distance
553 4254 673 4303 between
695 4256 850 4304 Caracorum
870 4256 922 4303 and
942 4257 988 4304 the
1010 4264 1113 4305 nearest
1130 4256 1205 4318 point
1221 4254 1251 4304 of
1266 4256 1311 4303 the
1331 4256 1411 4305 Great
1427 4254 1511 4307 wan.

351 4332 408 4382 The
426 4332 533 4393 reading
549 4333 581 4382 ol
593 4348 666 4381 some
683 4332 713 4381 oi
726 4334 771 4382 the
790 4333 876 4391 MSS,
894 4333 998 4396 cxxviii,
1018 4334 1041 4382 is
1057 4334 1129 4395 quite
1146 4334 1328 4382 inadmissible.

384 4411 395 4442 ⁸
414 4410 502 4460 Marco
515 4410 588 4473 Polo,
601 4410 652 4460 like
665 4412 815 4473 Rubroquis
832 4413 883 4460 and
896 4412 994 4475 Bacon,
1007 4412 1112 4473 usually
1125 4412 1236 4460 denotes
1249 4410 1391 4461 Buddbists
1405 4412 1441 4475 by
1456 4414 1511 4463 this

352 4496 425 4539 term.
460 4488 513 4537 We
532 4490 566 4538 do
586 4497 633 4538 not
651 4490 739 4549 know,
751 4504 813 4551 says
824 4489 892 4539 Yule
905 4490 1006 4554 (Marco
1018 4489 1092 4549 Polo,
1105 4490 1155 4540 vol.
1169 4490 1186 4539 i.
1205 4505 1229 4552 p.
1244 4492 1447 4550 107l‚whetber
1462 4494 1511 4542 the

354 4567 496 4616 Buddhism
517 4567 595 4616 found
612 4569 676 4617 here
693 4575 719 4616 at
737 4568 788 4617 this
806 4569 867 4618 time
886 4583 943 4617 was
959 4584 975 4617 a
992 4576 1081 4618 recent
1099 4568 1272 4618 introduction
1292 4568 1358 4618 from
1374 4569 1460 4631 Tibet,
1478 4586 1512 4623 or
