3575 5375
199 1244 277 1308 l‘apal

198 1309 324 1373 authority

198 1391 256 1438 may
267 1384 334 1425 react

197 1441 294 1505 against

197 1506 266 1556 these
277 1507 338 1557 dan-

196 1587 260 1634 gers.

369 661 430 723 402
583 645 740 704 OPERIS
763 643 952 716 MAJORIS
978 643 1092 704 PARS
1116 645 1301 718 QUARTA.

369 829 470 888 sacra,
492 829 530 874 ac
553 809 580 872 si
601 809 703 873 homo
724 808 865 873 deferret
889 809 1051 891 reliquias,
1073 818 1108 873 et
1130 809 1188 873 ivit
1206 809 1304 873 nudis
1324 809 1471 892 pedibus,
1487 820 1520 873 et

368 923 439 977 erat
461 914 547 978 circa
572 933 648 977 eum
673 912 852 977 multitudo
874 923 1088 992 armatorum,
1111 915 1158 977 ita
1180 922 1293 977 tamen
1317 915 1464 997 dispersa
1487 914 1518 975 in

368 1019 505 1101 campis,
520 1020 610 1100 quod
624 1017 668 1080 ab
684 1016 837 1080 omnibus
854 1018 1100 1082 occurrentibus
1121 1019 1231 1100 potuit
1245 1018 1347 1082 videri
1366 1038 1442 1081 cum
1464 1017 1520 1080 illo

366 1124 458 1204 quod
474 1123 631 1205 portabat
648 1123 679 1184 in
698 1142 798 1185 manu
815 1142 890 1186 cum
908 1143 1030 1206 magna
1046 1122 1280 1189 ostentatione.

411 1227 577 1310 Quicquid
615 1227 657 1290 sit
695 1228 737 1289 de
768 1225 916 1288 Tartaris
953 1236 987 1290 et
1018 1226 1199 1303 Saracenis,
1229 1238 1355 1292 certum
1393 1237 1445 1292 est
1477 1227 1520 1289 de

366 1329 575 1395 Antichristo
593 1341 626 1393 et
645 1333 721 1407 suis,
737 1331 826 1412 quod
846 1331 929 1394 haec
949 1333 1184 1414 operabuntur.
1231 1331 1278 1395 Et
1295 1333 1357 1395 nisi
1381 1330 1520 1396 ecclesia

365 1448 515 1500 occurrat
532 1457 590 1518 per
610 1446 725 1500 sancta
745 1435 883 1498 consilia
903 1437 945 1500 ad
963 1436 1210 1518 impediendum
1232 1448 1266 1500 et
1281 1437 1518 1501 destruendum

366 1561 468 1623 opera
493 1539 693 1622 hujusmodi,
715 1540 953 1622 aggravabitur
975 1540 1226 1605 intolerabiliter
1247 1540 1386 1623 flagellis
1410 1539 1518 1604 Chris-

365 1646 542 1708 tianorum.
590 1643 636 1707 Et
666 1645 811 1707 creditur
838 1645 882 1708 ab
913 1644 1069 1708 omnibus
1100 1646 1305 1728 sapientibus
1335 1647 1426 1727 quod
1452 1666 1518 1707 non

363 1769 478 1812 sumus
515 1748 655 1812 multum
691 1750 808 1812 remoti
842 1769 862 1811 a
891 1749 1099 1830 temporibus
1129 1749 1338 1827 Antichristi‚
1368 1750 1453 1813 sicut
1485 1751 1517 1812 in

362 1852 509 1935 capitulo
536 1853 579 1916 de
605 1852 703 1915 sectis
730 1873 788 1934 per
813 1841 1051 1916 astronomiam
1078 1855 1111 1916 in
1138 1873 1205 1917 uno
1231 1853 1387 1917 revolutis
1414 1862 1517 1937 patet.

365 1957 400 2022 Si
431 1958 531 2040 igitur
561 1956 738 2020 Christiani
769 1957 891 2020 scirent
920 1955 1003 2020 haec
1037 1978 1139 2041 opera
1176 1959 1373 2022 auctoritate
1406 1957 1517 2040 papali

364 2061 509 2126 facienda
546 2060 589 2124 ad
627 2060 840 2142 impedienda
878 2061 966 2124 mala
1005 2059 1279 2134 Christianorum,
1313 2061 1394 2126 satis
1430 2073 1516 2124 esset

361 2166 537 2243 laudabile,
566 2173 600 2228 et
630 2184 697 2228 non
732 2164 840 2227 solum
872 2174 1009 2248 propter
1038 2165 1125 2230 mala
1156 2166 1353 2249 repellenda,
1382 2167 1441 2230 sed
1472 2167 1515 2228 ad

362 2271 604 2353 promotionem
631 2287 903 2351 quorumcunque
930 2267 1068 2333 utilium.
1115 2270 1161 2334 Et
1186 2271 1265 2352 quia
1291 2291 1461 2353 personae,
1484 2280 1518 2334 et

362 2375 524 2450 civitates,
544 2381 577 2436 et
598 2371 749 2456 regiones
770 2374 950 2436 secundum
972 2375 1143 2457 praedicta
1165 2385 1304 2457 possunt
1326 2374 1459 2440 alterari
1483 2376 1516 2437 in

363 2478 490 2552 melius,
506 2487 541 2541 et
563 2484 600 2540 ut
620 2477 689 2541 vita
711 2486 872 2558 quantum
895 2476 1018 2542 sufficit
1041 2479 1264 2562 prolongetur,
1281 2488 1315 2543 et
1333 2499 1448 2542 omnes
1465 2500 1516 2541 res

363 2583 487 2646 utiliter
513 2581 689 2665 procurari,
710 2591 812 2663 atque
835 2583 941 2646 multo
965 2584 1091 2665 majora
1113 2581 1194 2661 fieri,
1221 2603 1322 2666 quam
1351 2585 1516 2666 praesenti

362 2690 543 2771 scripturae
564 2686 709 2752 debeant
725 2690 961 2762 commendari,
979 2710 1046 2752 non
1057 2689 1165 2752 solum
1182 2690 1215 2752 in
1227 2688 1440 2766 naturalibus,
1455 2690 1514 2752 sed

361 2793 394 2855 in
416 2792 595 2856 moralibus
617 2790 759 2855 scientiis
783 2801 817 2855 et
839 2792 974 2870 artibus,
995 2794 1081 2857 sicut
1102 2795 1210 2877 patuit
1233 2813 1292 2875 per
1313 2793 1456 2875 Moysen
1481 2805 1516 2857 et

361 2895 588 2961 Aristotelem.
636 2896 682 2959 Et
704 2894 787 2959 haec
815 2897 990 2978 praecipue
1015 2896 1084 2961 fieri
1109 2906 1257 2979 possunt,
1278 2899 1413 2980 quando
1439 2918 1513 2961 cum

360 3001 481 3065 virtute
497 3009 531 3063 et
547 3000 656 3081 specie
677 2998 759 3063 coeli
776 3000 876 3063 currit
891 3021 911 3063 a
927 3010 1020 3082 parte
1035 3003 1205 3083 operantis
1220 3004 1346 3085 species
1363 3012 1396 3065 et
1412 3002 1514 3065 virtus

360 3106 491 3168 animae
515 3104 693 3177 rationalis,
716 3124 802 3185 quae
828 3113 879 3166 est
906 3105 1036 3187 dignior
1058 3106 1160 3184 coelo,
1182 3107 1228 3170 ita
1251 3117 1288 3170 ut
1310 3108 1399 3170 adsit
1420 3106 1515 3169 sortis

360 3210 526 3293 cogitati0,
545 3220 578 3273 et
601 3210 719 3273 ardens
742 3208 952 3286 desiderium,
970 3220 1059 3274 certa
1078 3210 1216 3275 intentio
1238 3223 1272 3275 et
1291 3210 1387 3294 plena
1410 3211 1513 3274 conli-

360 3315 482 3392 dentia‚
513 3324 546 3377 et
577 3314 724 3377 maxime
753 3314 909 3377 sanctitas
937 3314 1045 3391 vitae3
1082 3324 1116 3378 et
1145 3315 1222 3397 quia
1251 3324 1370 3379 natura
1399 3315 1515 3379 obedit

360 3418 618 3501 cogitationibus
650 3426 684 3481 et
714 3417 887 3482 affectibus
919 3418 1059 3494 animae,
1090 3429 1124 3483 et
1154 3419 1300 3482 maxime
1332 3420 1513 3484 sanctitati.

362 3522 450 3585 Nam
477 3534 597 3587 octavo
621 3523 665 3585 de
688 3522 903 3585 Animalibus
933 3522 1106 3587 Avicenna
1131 3525 1225 3606 ponit
1254 3524 1447 3608 exemplum
1471 3526 1514 3586 de

359 3626 484 3709 gallina
504 3638 648 3705 strenua,
663 3647 747 3709 quae
763 3627 843 3690 vicit
858 3627 982 3711 gallum
998 3648 1100 3691 unum
1118 3630 1286 3705 miserum,
1298 3639 1331 3693 et
1347 3648 1390 3691 ex
1406 3627 1512 3710 gloria

360 3733 515 3796 victoriae
530 3733 643 3795 statim
660 3732 762 3795 crevit
778 3731 807 3793 ei
824 3752 924 3794 cornu
940 3732 1089 3811 inerme,
1106 3742 1139 3796 et
1162 3733 1244 3797 dicit
1268 3732 1312 3795 ibi
1328 3732 1511 3806 Avicenna‚

360 3836 392 3899 in
404 3836 468 3899 hoc
484 3838 713 3920 cognoscimus
728 3837 818 3917 quod
840 3845 959 3899 natura
974 3836 1087 3900 obedit
1102 3837 1360 3920 cogitationibus
1381 3836 1512 3900 animae

358 3941 544 4005 sensitivae.
584 3940 630 4003 Et
642 3940 735 4022 ponit
747 3939 942 4021 exemplum
954 3940 988 4003 in
1005 3951 1124 4022 quarto
1139 3942 1181 4005 de
1193 3940 1329 4020 Anima,
1341 3942 1384 4005 de
1398 3962 1439 4004 eo
1454 3942 1511 4022 qui

357 4044 450 4126 ligno
460 4045 570 4126 posito
585 4064 683 4127 super
700 4064 821 4125 aquam
836 4044 1010 4108 ambulans
1025 4046 1124 4118 cadit,
1141 4045 1217 4127 quia
1233 4046 1360 4127 cogitat
1375 4045 1418 4107 de
1433 4066 1512 4108 casu

359 4161 393 4215 et
409 4152 587 4232 desperans
603 4159 663 4227 est,
686 4160 719 4212 et
735 4158 851 4212 natura
867 4149 983 4212 obedit
997 4150 1254 4231 cogitationibus
1279 4159 1313 4213 et
1338 4148 1513 4213 aflectibus

358 4256 509 4330 animae3
542 4256 631 4319 unde
661 4253 718 4331 ait,
742 4255 831 4335 quod
863 4254 1014 4336 provenit
1026 4232 1134 4317 *calor
1163 4274 1230 4317 non
1260 4275 1304 4317 ex
1335 4254 1452 4331 calore,
1479 4266 1512 4316 et

358 4358 460 4440 frigus
483 4378 550 4421 non
573 4380 618 4421 ex
641 4357 772 4440 frigore,
791 4358 848 4421 sed
870 4357 1010 4426 exsola
1032 4359 1162 4421 animae
1184 4359 1386 4440 cogitatione
1408 4366 1442 4420 et
1465 4358 1513 4420 sic

358 4460 396 4526 fit
423 4460 605 4540 infirmitas,
630 4472 663 4526 et
694 4462 801 4524 omnis
830 4462 983 4526 alteratio
1009 4464 1133 4546 proprii
1160 4463 1316 4546 corporis.
1363 4462 1408 4525 Et
1436 4482 1513 4544 pro-

358 4566 516 4630 culdubio
537 4566 640 4629 multa
656 4565 725 4631 fieri
738 4577 877 4648 possunt
892 4567 926 4628 in
942 4586 1080 4647 corpore
1094 4567 1203 4630 alieno
1216 4587 1224 4643 ;
1247 4567 1324 4648 quia
1339 4567 1511 4648 quoddam

357 4690 461 4752 genus
488 4670 640 4751 luporum
666 4680 728 4747 est,
742 4670 832 4751 quod
857 4671 966 4735 reddit
991 4670 1159 4734 hominem
1186 4691 1332 4749 raucum,
1353 4670 1379 4733 si
1403 4670 1513 4753 primo
