3575 5375
424 645 774 705 MATHEMATICAE
798 644 848 703 IN
871 644 1041 703 DIVINIS
1069 644 1275 704 UTILITAS.
1367 659 1425 702 201

276 809 346 872 dies
361 809 610 892 quinquaginta.
648 809 693 873 Et
709 819 836 874 constet
849 811 934 872 duos
950 828 1079 872 menses
1094 807 1225 872 lunares
1241 827 1305 872 uon
1319 807 1355 870 lx
1367 807 1425 869 sed

275 912 323 976 lix
340 914 458 977 diebus
473 915 643 977 terminari
657 936 664 992 ;
686 925 720 978 at
737 933 795 995 per
810 913 872 978 hoc
888 913 921 976 in
936 933 1067 976 summa
1077 913 1236 995 temporis
1252 912 1427 974 memorati

276 1038 341 1081 non
357 1018 431 1100 plus
447 1039 547 1100 quarn
564 1019 638 1081 xlix
656 1016 812 1082 inveniri.’
858 1017 953 1081 Haec
972 1017 1073 1081 Beda
1119 1016 1225 1101 Igitur
1247 1017 1426 1081 secundum

277 1122 403 1186 Bedam
425 1124 532 1206 prima
551 1124 623 1186 dies
637 1123 728 1205 Junii
747 1143 814 1185 non
839 1122 899 1185 suit
919 1122 1009 1194 xlvii,
1028 1123 1095 1185 imo
1115 1122 1195 1199 xlvi,
1209 1130 1243 1185 et
1258 1121 1304 1185 sic
1321 1121 1349 1184 si
1369 1120 1426 1184 lex

276 1228 355 1289 data
377 1227 438 1290 luit
461 1227 734 1309 quinquagesima
759 1227 814 1290 die
835 1249 855 1291 a
875 1227 1008 1310 pascha,
1031 1246 1096 1290 non
1121 1225 1182 1290 luit
1209 1227 1289 1289 data
1313 1226 1346 1288 iii
1374 1227 1428 1290 die

202 1389 204 1392 .
277 1331 397 1395 mensis
414 1331 517 1413 Junii,
531 1333 590 1395 sed
614 1333 654 1394 iv.
699 1332 818 1413 Judaei
836 1352 916 1395 vero
935 1332 1050 1395 dicunt
1064 1331 1155 1414 quod
1176 1331 1231 1395 die
1251 1339 1349 1394 sexta
1368 1329 1428 1394 luit

276 1436 333 1497 lex
355 1436 443 1510 data,
467 1445 500 1498 et
523 1447 641 1518 quarta
663 1438 716 1500 die
745 1437 907 1501 adventus
929 1457 1043 1499 eorum
1067 1437 1100 1498 in
1123 1434 1302 1499 solitudine
1324 1433 1428 1499 Sinai.

277 1539 375 1602 Dixit
398 1541 487 1603 enim
512 1539 687 1618 Dominus,
711 1540 826 1604 ‘Vade
855 1542 899 1604 ad
922 1541 1091 1622 populum,
1116 1550 1149 1604 et
1172 1538 1341 1604 sanctifica
1370 1560 1428 1602 eos

275 1642 375 1706 hodie
390 1653 424 1706 et
440 1663 519 1721 cras,
534 1653 568 1707 et
584 1645 648 1707 sint
665 1646 770 1726 parati
787 1646 819 1706 in
836 1644 927 1707 diem
944 1642 1097 1709 tertium!
1143 1644 1188 1707 Et
1205 1645 1250 1706 ita
1274 1645 1335 1708 iste
1355 1644 1427 1707 dies

276 1748 392 1812 tertius
416 1746 477 1811 fuit
501 1759 616 1812 sextus
641 1768 754 1812 eorum
780 1751 962 1825 adventus3
986 1758 1019 1812 et
1037 1748 1216 1812 secundum
1244 1748 1308 1810 hoc
1332 1749 1426 1830 quin·

276 1853 471 1936 quagesima
493 1853 550 1916 die
572 1853 633 1917 suit
656 1852 712 1916 lex
745 1855 835 1930 data,
858 1874 926 1917 non
956 1853 1146 1936 incipiendo
1167 1874 1188 1916 a
1210 1853 1344 1935 pascha,
1366 1873 1426 1914 nec

276 1977 297 2018 a
323 1957 430 2040 prima
456 1957 510 2020 die
535 1977 741 2038 azymorum,
764 1959 821 2021 sed
850 1957 894 2021 ab
916 1958 1019 2021 altera
1048 1959 1104 2020 die
1130 1977 1334 2038 azymorum.
1380 1957 1426 2020 Et

277 2060 330 2124 hic
360 2071 536 2143 computus
567 2073 726 2126 consonat
758 2061 804 2124 illi
835 2063 876 2126 de
906 2083 974 2145 quo
1004 2063 1145 2125 habetur
1171 2062 1310 2125 Levitici
1341 2061 1426 2123 xxiii

276 2165 524 2229 ‘Numerabitis
562 2166 605 2229 ab
643 2165 747 2229 altera
785 2167 838 2229 die
874 2166 1014 2240 sabbati,
1050 2166 1083 2229 id
1120 2175 1170 2228 est
1205 2165 1425 2228 solemnitatis

276 2290 479 2352 azymorum,
503 2271 626 2351 inquo
652 2269 819 2334 obtulistis
847 2269 1034 2352 manipulos
1057 2269 1274 2353 primitiamm
1296 2281 1425 2352 septem

275 2373 503 2438 hebdomadas
541 2374 656 2454 plenas
698 2394 803 2456 usque
842 2376 885 2437 ad
924 2375 1062 2438 alteram
1099 2375 1188 2437 diem
1226 2374 1426 2455 expletionis

276 2477 508 2544 hebdomadae
530 2480 701 2559 septimae,
721 2480 753 2543 id
773 2488 833 2557 est,
850 2480 1090 2562 quinquaginta
1107 2477 1195 2542 dies!
1243 2479 1308 2541 Hic
1327 2479 1427 2561 igitur

276 2603 397 2665 magna
427 2583 589 2648 involutio
624 2584 790 2648 invenitur
818 2585 908 2666 apud
943 2583 1083 2648 lectores
1117 2592 1254 2667 propter
1284 2602 1426 2646 errorem

277 2690 424 2773 magistri
452 2691 484 2753 in
508 2690 693 2771 quantitate
717 2690 837 2753 mensis
863 2698 897 2752 et
921 2690 953 2753 in
976 2710 1036 2753 sua
1059 2690 1318 2772 computatione,
1341 2690 1427 2753 sicut

276 2802 371 2875 patet
404 2794 627 2857 consideranti
661 2793 822 2869 subtilius,
853 2803 886 2857 et
918 2793 997 2875 quia
1032 2794 1176 2858 nescitur
1204 2795 1426 2858 consideratio

278 2896 508 2961 Hebraeorum
532 2897 582 2960 his
606 2898 818 2981 temporibus.
867 2898 912 2961 Et
931 2899 1045 2963 tabula
1069 2900 1111 2962 de
1134 2898 1236 2982 cyclis
1258 2898 1428 2962 lunaribus

277 3001 419 3065 multum
450 3000 609 3066 rectificat
640 3003 867 3067 observantias
901 3003 991 3085 legis.
1045 3002 1214 3085 Quoniam
1245 3005 1425 3068 secundum

275 3106 366 3169 illam
397 3106 546 3169 tabulam
578 3128 711 3171 necesse
736 3117 796 3186 est,
820 3109 910 3190 quod
942 3108 1019 3172 licet
1048 3109 1246 3191 principium
1277 3108 1356 3172 anni
1385 3108 1428 3172 sit

276 3211 403 3274 lunatio
426 3212 583 3276 Octobris
605 3214 786 3275 secundum
808 3214 994 3289 veritatem,
1015 3222 1127 3275 tamen
1150 3222 1288 3293 propter
1308 3212 1427 3275 solem-

276 3316 398 3378 nitates
411 3314 492 3397 legis
504 3313 690 3398 implendas
705 3327 839 3396 oportet
851 3318 941 3399 quod
954 3314 1119 3396 triplicem
1130 3336 1251 3379 annum
1264 3316 1427 3392 habeant3

275 3439 378 3481 unum
394 3438 612 3495 communem,
628 3420 684 3500 qui
706 3428 757 3482 est
777 3420 957 3482 secundum
975 3421 1148 3484 veritatem
1169 3439 1275 3483 annus
1295 3421 1427 3496 lunaris,

275 3523 400 3587 scilicet
423 3522 550 3585 habens
577 3523 678 3587 cccliv
701 3524 782 3597 dies,
805 3533 839 3587 et
865 3544 967 3586 unum
989 3525 1200 3601 diminutum,
1223 3524 1346 3589 scilicet
1369 3525 1426 3606 qui

274 3628 399 3692 habeat
424 3626 526 3691 cccliii
557 3630 648 3706 dies;
679 3639 713 3692 et
744 3648 845 3692 unum
872 3628 1084 3710 superfluum,
1106 3629 1163 3712 qui
1189 3629 1312 3693 habeat
1338 3629 1427 3693 ccclv

276 3733 369 3811 dies;
392 3742 425 3797 et
446 3733 493 3795 sic
514 3734 659 3796 variatur
673 3732 922 3797 accidentaliter
941 3734 1139 3818 principium
1161 3736 1250 3799 anni.
1296 3735 1342 3800 Et
1363 3734 1427 3798 hoc

276 3838 494 3901 necessarium
508 3846 566 3915 est,
575 3839 654 3919 quia
667 3839 699 3901 in
714 3838 770 3901 die
782 3838 948 3902 dominica
959 3859 1024 3903 non
1037 3848 1147 3922 potest
1159 3860 1264 3904 annus
1275 3841 1426 3923 incipere.

275 3941 442 4023 Quoniam
459 3942 485 4005 si
508 3943 540 4005 in
559 3943 737 4020 dominica,
752 3953 831 4006 tunc
853 3944 885 4006 in
906 3965 952 4007 xv
970 3945 1024 4008 die
1042 3944 1165 4008 mensis
1185 3946 1319 4027 septimi
1340 3956 1427 4009 esset

275 4047 346 4109 dies
371 4046 546 4121 dominica,
568 4058 602 4110 et
627 4048 660 4110 in
683 4047 796 4131 vigilia
826 4047 913 4111 illius
942 4049 1015 4112 sesti
1044 4048 1245 4131 colliguntur
1274 4051 1356 4113 rami
1383 4052 1427 4114 de

274 4150 455 4230 arboribus,
471 4152 561 4235 quod
581 4171 647 4215 non
664 4151 740 4215 licet
757 4150 863 4216 lacere
882 4153 915 4215 in
934 4154 1085 4218 sabbato.
1131 4154 1290 4220 Similiter
1314 4156 1426 4217 necin

274 4257 329 4320 die
342 4256 496 4319 Mercurii
513 4275 574 4319 nec
584 4254 722 4319 Veneris
738 4266 850 4338 potest
865 4277 938 4322 esse
949 4258 1025 4324 anni
1042 4258 1249 4341 principium.
1294 4260 1382 4322 Nam
1399 4260 1426 4321 si
1515 4338 1520 4347 Ι

275 4362 308 4424 ἰη
327 4362 381 4424 die
398 4360 564 4439 Mercurii,
579 4368 656 4423 tunc
672 4361 802 4425 decima
818 4361 888 4426 dies
908 4366 1029 4426 mensis
1043 4374 1132 4427 esset
1154 4364 1187 4427 in
1207 4364 1261 4428 die
1276 4362 1425 4437 Veneris,

275 4466 308 4528 in
320 4486 387 4548 quo
404 4485 470 4528 non
487 4465 563 4528 licet
579 4465 704 4548 aliquid
718 4464 999 4549 sacere,quoniam
1016 4488 1077 4533 nec
1088 4469 1202 4532 cibum
1214 4488 1338 4550 parare,
1348 4487 1425 4530 cum

268 4572 317 4633 'sit
334 4589 394 4650 par
408 4570 559 4634 sabbato.
605 4569 820 4654 Quapropter
835 4582 914 4636 tunc
929 4582 1061 4653 oportet
1075 4594 1133 4637 eos
1149 4571 1255 4635 lacere
1270 4572 1402 4635 cibaria.

320 4673 450 4756 Majora
461 4694 540 4739 vero
555 4674 711 4740 accidunt
723 4676 776 4741 hic
792 4676 996 4755 dubitabilia,
1006 4676 1066 4740 nisi
1079 4675 1234 4758 juvemur
1249 4676 1426 4760 magnifice
