3575 5375
389 640 432 682 πο
624 630 779 689 OPERIS
803 632 992 703 MAIORIS
1016 634 1132 693 PARS
1156 635 1305 694 PRIMA.

387 808 421 862 et
446 797 695 882 impedimenta,
718 813 753 867 et
775 814 889 869 tamen
913 804 1033 871 veritas
1057 806 1277 872 invalescebat
1304 815 1338 870 et
1362 805 1541 870 invalescet

387 922 493 985 usque
507 907 551 969 ad
567 908 639 971 dies
657 906 866 974 Antichristi.

431 1008 593 1075 Similiter
611 1013 656 1076 de
676 1012 894 1096 philosophia.
941 1014 1139 1081 Aristoteles
1165 1016 1253 1079 enim
1279 1015 1386 1080 voluit
1410 1026 1540 1079 contra·
1617 1006 1620 1011 ⁵

385 1115 497 1179 dicere
523 1117 688 1198 prioribus
711 1127 746 1182 et
771 1119 877 1183 multa
902 1141 1067 1198 renovare,
1092 1122 1148 1204 qui
1174 1121 1251 1186 licet
1277 1120 1540 1203 sapientissimus

383 1217 503 1284 habuit
518 1231 633 1285 tamen
647 1223 825 1308 repulsam,
841 1235 876 1290 et
896 1225 1136 1291 occultationes
1156 1248 1235 1291 suae
1255 1226 1436 1307 sapientiae
1450 1224 1540 1286 visus

384 1334 435 1387 est
465 1345 571 1408 usque
600 1326 668 1391 iere
697 1328 741 1391 ad
770 1329 853 1393 haec
883 1341 1036 1413 tempora
1066 1332 1237 1412 recepisse.
1293 1329 1381 1392 Nam
1413 1328 1553 1411 primus·

383 1428 562 1493 Avicenna
595 1434 762 1497 revocavit
794 1433 1040 1517 philosophiam
1069 1434 1262 1498 Aristotelis
1291 1433 1379 1516 apud
1408 1432 1538 1495 Arabes

383 1532 417 1594 in
454 1533 561 1597 lucem
597 1538 740 1620 plenam.
801 1538 931 1621 Vulgus
965 1539 1053 1602 enim
1087 1536 1390 1622 philosophantium
1429 1536 1536 1617 ipsum

382 1637 554 1719 ignorarit.
615 1641 716 1706 Pauci
753 1643 842 1705 enim
875 1654 910 1706 et
942 1643 1110 1707 modicum
1139 1640 1371 1726 philosophiae
1404 1639 1535 1703 Aristo·

381 1740 459 1804 telis
480 1744 663 1826 attigerunt
683 1756 764 1810 ante
780 1756 912 1831 tempus
928 1747 1130 1824 Avicennae,
1149 1748 1207 1829 qui
1228 1747 1284 1810 diu
1304 1754 1381 1829 post
1403 1754 1536 1826 tempus

384 1845 592 1913 Machometi
624 1850 839 1932 Imperatoris
869 1850 1124 1935 philosophatus
1149 1862 1210 1914 est.
1262 1849 1435 1913 Avicenna
1458 1868 1536 1911 vero

382 1955 581 2037 praecipuus
596 1955 790 2020 Aristotelis
808 1958 983 2038 expositor
1002 1966 1037 2019 et
1057 1956 1226 2019 maximus
1245 1955 1393 2017 imitator
1414 1952 1536 2016 multas

381 2058 584 2123 rebellitates
607 2081 724 2143 passus
747 2070 799 2125 est
823 2060 867 2124 ab
893 2061 977 2124 aliis.
1024 2060 1114 2123 Nam
1135 2059 1301 2123 Averroes
1328 2056 1435 2138 major
1458 2065 1535 2138 post

379 2183 440 2225 eos
457 2176 492 2227 et
507 2164 563 2226 alii
578 2165 885 2229 condemnaverunt
899 2163 1108 2230 Avicenuam
1124 2165 1210 2228 ultra
1226 2163 1363 2226 modum
1378 2184 1385 2239 ;
1407 2163 1468 2225 sed
1483 2160 1535 2225 his

379 2269 587 2351 temporibus
604 2270 748 2351 gratiam
770 2269 959 2353 sapientum
981 2269 1126 2332 obtinuit
1143 2268 1297 2351 quicquid
1321 2268 1404 2329 dicit
1425 2264 1534 2328 Aver-

378 2391 461 2436 roes.
476 2374 534 2455 qui
550 2375 651 2437 etiam
670 2375 727 2438 diu
743 2374 914 2457 neglectus
934 2373 996 2437 luit
1014 2383 1048 2437 et
1068 2374 1262 2455 repudiatus
1282 2392 1320 2434 ac
1336 2373 1533 2453 reprobatus

376 2496 398 2538 a
421 2478 626 2559 sapientibus
649 2478 787 2543 famosis
813 2480 846 2541 in
873 2478 994 2556 studio,
1017 2478 1122 2541 donec
1145 2477 1306 2561 paulatim
1329 2476 1438 2557 patuit
1461 2475 1532 2555 ejus

377 2582 540 2661 sapientia
570 2584 651 2645 satis
680 2582 791 2666 digna,
818 2582 897 2646 licet
927 2584 961 2645 in
991 2582 1158 2663 aliquibus
1186 2582 1274 2645 dixit
1301 2582 1410 2643 minus
1435 2580 1531 2642 bene.

377 2684 511 2750 Scimus
524 2686 613 2750 enim
629 2690 720 2769 quod
735 2689 943 2770 temporibus
958 2688 1079 2751 nostris
1095 2686 1228 2751 Parisiis
1248 2685 1304 2750 diu
1320 2684 1382 2748 iuit
1403 2695 1531 2749 contra·

375 2790 502 2852 dictum
523 2792 664 2854 naturali
688 2791 918 2874 philosophiae
939 2803 973 2856 et
997 2790 1246 2873 metaphysicae
1260 2789 1451 2854 Aristotelis
1472 2809 1533 2871 per

374 2892 569 2958 Asioenuae
587 2905 622 2958 et
638 2894 798 2958 Averrois
813 2895 1034 2977 expositores,
1046 2904 1080 2958 et
1095 2896 1140 2958 ob
1155 2896 1293 2959 densam
1310 2895 1529 2977 ignorantiam

374 2997 507 3061 luerunt
524 2999 600 3062 libri
615 3020 730 3063 eorum
746 2999 1038 3074 excommunicati,
1050 3010 1085 3063 et
1100 3008 1231 3063 utentes
1246 3001 1294 3062 eis
1309 3019 1368 3080 per
1378 3008 1532 3079 tempora

372 3103 456 3165 satis
478 3104 589 3184 longa.
634 3103 722 3168 Cum
743 3104 844 3186 igitur
858 3104 941 3168 haec
962 3105 1009 3167 ita
1029 3123 1066 3167 se
1087 3103 1222 3180 habent,
1237 3113 1270 3166 et
1293 3123 1354 3166 nos
1377 3102 1529 3167 moderni

371 3209 600 3290 approbamus
613 3210 702 3272 uiros
716 3209 905 3290 praedictos
925 3218 997 3271 tant
1016 3207 1237 3291 philosophos
1254 3227 1356 3290 quarn
1376 3215 1531 3281 sanctos;

371 3325 406 3375 et
428 3313 553 3377 scimus
573 3316 666 3394 quod
688 3314 799 3378 omnis
826 3312 958 3377 additio
982 3321 1016 3375 et
1037 3311 1219 3374 cumulatio
1242 3311 1424 3394 sapientiae
1445 3331 1530 3393 quas

371 3417 546 3494 dederunt,
559 3427 637 3482 sunt
660 3417 782 3500 dignae
803 3417 894 3480 omni
918 3415 1042 3491 favore,
1058 3415 1134 3478 licet
1154 3415 1187 3477 in
1210 3415 1322 3478 multis
1340 3415 1414 3478 aliis
1430 3416 1529 3478 dimi-

371 3521 444 3583 nuti
459 3522 536 3585 sint
551 3533 587 3585 et
602 3522 635 3583 in
651 3521 799 3603 pluribus
817 3519 983 3603 superflui,
998 3529 1032 3582 et
1053 3519 1086 3581 in
1110 3519 1310 3601 quibusdam
1330 3519 1528 3603 corrigendi,

370 3637 405 3687 ct
432 3625 466 3686 in
489 3624 656 3707 aliquibus
678 3625 893 3707 explanandi.
920 3622 1133 3686 manifestum
1160 3622 1257 3686 nobis
1282 3631 1333 3686 est
1356 3625 1448 3705 quod
1471 3622 1529 3698 illi,

370 3729 429 3808 qui
451 3747 512 3808 per
525 3739 654 3792 aetates
670 3729 819 3808 singulas
842 3729 1088 3811 impediverunt
1108 3728 1307 3792 documenta
1322 3727 1471 3790 veritatis
1493 3738 1528 3791 et

369 3831 524 3894 utilitatis
543 3851 633 3913 quae
653 3832 770 3895 oblata
792 3831 925 3895 luerunt
948 3831 996 3893 eis
1018 3850 1078 3912 per
1096 3829 1185 3894 siros
1206 3831 1404 3912 praedictos,
1427 3831 1527 3894 nimis

369 3945 570 4010 erraverunt,
587 3945 622 3998 et
636 3935 746 3998 vitiosi
763 3935 941 4017 plurimum
957 3936 1088 3998 suerunt
1107 3933 1141 3996 iu
1164 3933 1227 3996 hac
1243 3944 1357 4017 parte;
1380 3935 1438 3998 sed
1459 3935 1525 3998 hoc

369 4037 517 4101 lecerunt
532 4049 670 4121 propter
681 4039 836 4103 scientiae
851 4037 1086 4103 extollentiam
1098 4046 1132 4101 et
1144 4046 1282 4119 propter
1292 4037 1526 4120 ignorantiam.

369 4139 462 4223 Ergo
496 4140 530 4203 in
559 4142 657 4205 nobis
689 4143 771 4224 ipsis
805 4142 968 4206 debemus
1005 4140 1112 4204 facere
1149 4141 1238 4204 idem
1276 4151 1525 4222 argumentum,

367 4253 405 4306 ut
438 4263 516 4307 cum
553 4265 615 4308 nos
652 4267 848 4330 respuamus
877 4255 912 4309 et
942 4245 1170 4327 vituperemus
1203 4263 1290 4325 quae
1321 4245 1525 4326 ignoramus,

366 4350 551 4412 clamemus
589 4350 655 4415 hoc
690 4373 763 4415 esse
800 4362 937 4433 propter
974 4347 1180 4431 ignorantiae
1224 4360 1358 4413 nostrae
1404 4349 1522 4413 delen-

366 4454 506 4519 sioncm.
520 4466 555 4517 et
574 4464 612 4517 ut
635 4455 691 4518 illa
712 4457 854 4529 modica,
867 4475 957 4537 quae
975 4453 1108 4528 scimus,
1122 4450 1297 4516 sublimius
1317 4452 1525 4516 attollamus.

366 4557 604 4622 Permittamus
629 4559 730 4640 igitur
755 4559 885 4624 labores
911 4556 1076 4620 introduci
1103 4556 1356 4636 congaudentes
1379 4557 1523 4636 veritati,

364 4661 443 4741 quia
466 4662 687 4743 proculdubio
710 4662 788 4727 licet
814 4681 892 4726 cum
915 4659 1112 4725 difficultate
1130 4660 1250 4723 veritas
1271 4679 1405 4743 semper
1425 4681 1524 4743 prae·
