3575 5375
334 539 395 621 362
557 540 713 600 OPERIS
736 538 925 610 MAJORIS
948 537 1064 598 PARS
1087 536 1274 612 QUARTA.

336 704 412 770 anni
429 715 670 788 conceperunt3
693 703 750 768 sed
763 701 927 767 masculos
941 701 1074 786 genitos
1086 701 1318 766 interfecerunt
1328 699 1491 765 foeminas

338 808 554 886 reservand03
598 827 739 890 quarum
775 807 808 871 in
843 807 1020 889 juventute
1057 805 1218 869 mamillas
1255 805 1393 868 dextras
1430 825 1492 888 pet

337 913 512 980 artificium
542 912 726 998 chirurgiae
755 911 971 990 abstulerunt,
1001 930 1043 974 ne
1076 911 1268 995 sagittando
1304 910 1490 994 reciperent

336 1019 609 1101 impedimentum
633 1037 693 1099 per
717 1014 886 1081 mamillas.
934 1015 980 1078 Et
1010 1015 1215 1079 minotauros
1244 1034 1284 1078 ac
1313 1025 1490 1078 centauros

336 1132 482 1188 monstra
503 1121 704 1188 ferocissima
734 1120 942 1186 nutriverunt
971 1141 991 1184 a
1018 1120 1194 1202 juventute
1216 1117 1369 1184 mamillis
1398 1119 1490 1195 suis3

336 1227 425 1292 unde
441 1227 682 1291 antecedebant
697 1245 754 1290 eas
766 1224 851 1289 sicut
866 1233 989 1288 matres
1005 1245 1082 1288 suas
1102 1234 1136 1288 et
1157 1243 1289 1287 omnem
1304 1223 1489 1287 exercitum

337 1331 533 1414 premebant
549 1330 654 1415 magis
669 1349 729 1413 per
740 1328 930 1411 hujusmodi
947 1337 1094 1392 monstra
1103 1347 1204 1411 quam
1220 1348 1279 1411 per
1295 1347 1396 1390 arma.
1441 1326 1489 1390 Et

337 1435 486 1500 similiter
500 1434 693 1517 elephantes
708 1453 729 1497 a
742 1432 919 1516 juventute
933 1432 1123 1497 nutriebant
1143 1442 1178 1496 et
1197 1432 1428 1496 assuescebant
1443 1431 1488 1494 ad

335 1539 482 1622 proelia3
504 1539 599 1602 etsie
615 1557 675 1620 per
690 1547 823 1602 centum
843 1556 949 1601 annos
967 1538 1145 1602 vastabant
1163 1535 1360 1600 meridianas
1376 1543 1489 1618 partes

336 1643 440 1707 Asiae
462 1654 496 1707 et
527 1641 694 1722 Graeciae,
716 1643 823 1707 donec
853 1642 898 1707 ab
929 1640 1074 1706 Hercule
1104 1640 1237 1706 suerunt
1266 1641 1424 1704 seductae
1453 1647 1489 1703 et

335 1747 532 1812 destructae.
580 1746 674 1812 Haec
689 1767 766 1811 vero
783 1747 855 1810 loca
871 1745 1134 1829 Georgianorum
1154 1756 1188 1811 et
1204 1743 1488 1810 Corasiminorum

335 1851 459 1915 habent
481 1861 602 1916 terram
625 1849 764 1916 Soldani
788 1850 934 1914 Turkiae
956 1861 991 1915 et
1018 1848 1267 1933 Cappadociam
1288 1871 1309 1914 a
1339 1847 1487 1911 meridie.

336 1955 425 2019 Nam
448 1955 480 2018 in
511 1955 613 2019 latere
641 1955 823 2019 meridiano
854 1955 954 2018 maris
986 1954 1114 2018 Pontici
1144 1963 1196 2018 est
1225 1965 1314 2017 terra
1348 1951 1487 2018 Soldani

334 2062 496 2145 usquead
514 2059 709 2143 Sinopolim‚
725 2061 767 2126 de
783 2081 849 2143 qua
865 2061 955 2144 prius
967 2062 1092 2125 dictum
1104 2062 1168 2124 'est
1215 2060 1261 2123 Et
1272 2068 1350 2142 post
1361 2077 1435 2121 eam
1452 2057 1487 2120 in

334 2166 453 2230 eodem
476 2165 578 2230 latere
601 2165 699 2229 maris
729 2183 841 2229 versus
871 2166 1076 2230 occidentem
1108 2174 1158 2228 est
1187 2173 1274 2229 terra
1303 2162 1490 2239 Vastachii‚

333 2268 457 2334 scilicet
480 2268 619 2334 Graecia
655 2270 831 2334 orientalis.
879 2270 968 2333 Nam
1006 2268 1220 2335 occidentalis
1255 2276 1394 2332 vocatur
1429 2266 1489 2329 ubi

335 2371 640 2456 Constantinopolis
663 2384 723 2452 est,
746 2384 780 2438 et
810 2375 960 2456 regiones
983 2375 1013 2438 ei
1037 2393 1189 2438 annexae
1213 2372 1297 2437 citra
1319 2369 1488 2436 brachium

334 2479 439 2542 sancti
458 2476 589 2562 Georgii
606 2479 639 2542 in
656 2479 799 2561 Europa.

379 2582 446 2646 Sed
468 2582 628 2647 Armenia
650 2583 755 2666 major
775 2593 826 2647 est
846 2603 946 2666 super
966 2581 1216 2667 Cappadociam
1238 2582 1282 2646 ad
1303 2580 1487 2655 orientem3

336 2697 370 2753 et
397 2689 472 2752 ideo
499 2688 555 2751 illa
581 2688 741 2753 Armenia
767 2690 828 2753 etsi
858 2688 1039 2753 meridiana
1069 2690 1110 2753 sit
1137 2698 1287 2773 respectu
1316 2685 1489 2770 Georgiae,

335 2802 448 2855 tamen
475 2792 508 2854 in
538 2794 696 2857 orientem
723 2794 831 2857 tendit
862 2804 896 2857 et
922 2795 1115 2858 extenditur
1143 2814 1247 2875 usque
1274 2792 1423 2856 Mediam
1452 2800 1489 2854 et

337 2896 618 2978 Mesopotamiam
631 2920 639 2972 ;
655 2906 688 2961 et
698 2896 780 2961 haec
789 2906 875 2962 terra
884 2908 956 2962 tota
966 2900 1187 2962 aestimatura
1198 2894 1309 2962 multis
1319 2916 1391 2959 esse
1400 2907 1489 2959 terra

335 2999 492 3078 Ararath,
502 3010 637 3084 propter
648 3000 719 3080 hoc,
731 3001 822 3084 quod
832 3002 865 3065 in
877 3002 962 3066 Isaia
971 3002 1090 3067 dicitur
1102 3004 1193 3084 quod
1206 3001 1263 3065 filii
1277 2999 1488 3075 Senacherib,

336 3103 507 3169 interfecto
524 3116 626 3188 patre,
639 3105 793 3189 sugerunt
803 3105 835 3169 in
851 3106 1019 3185 Ararath;
1040 3117 1074 3170 ct
1090 3106 1124 3170 in
1141 3106 1225 3170 libro
1241 3124 1355 3187 regum
1366 3104 1488 3168 dicitur

336 3209 425 3289 quod
461 3207 615 3290 fugerunt
652 3210 684 3271 in
721 3208 928 3274 Armeniam.
990 3207 1057 3273 Sed
1090 3209 1315 3292 Hieronymus
1341 3207 1489 3272 secundo

335 3312 419 3377 libro
438 3333 535 3395 super
554 3312 671 3378 isaiam
692 3314 791 3378 solvit
809 3314 881 3389 hoc,
898 3316 1012 3378 dicens
1026 3313 1173 3378 Ararath
1190 3314 1281 3396 regio
1302 3324 1353 3378 est
1366 3311 1489 3377 Arme·

336 3416 390 3479 nia
406 3418 600 3500 campestris
615 3437 788 3501 perquam
805 3419 940 3483 Araxes
955 3417 1037 3493 fluit,
1051 3418 1251 3483 incredibilis
1268 3417 1428 3483 ubertatis
1445 3417 1489 3481 ad

336 3520 463 3585 radices
484 3522 588 3584 monti
605 3520 716 3597 Tauri,
732 3524 788 3605 qui
807 3543 912 3606 usque
932 3522 1009 3586 illuc
1031 3523 1230 3587 extenditur.
1275 3521 1490 3605 Quapropter

335 3624 482 3689 Ararath
499 3646 565 3688 non
587 3634 638 3689 est
658 3635 731 3690 tota
747 3626 917 3701 Armenia,
933 3628 991 3690 sed
1014 3628 1104 3709 regio
1123 3626 1351 3701 determinata,
1367 3645 1491 3709 magna

336 3740 450 3793 tamen
472 3737 530 3792 est.
577 3728 665 3792 Nam
681 3729 816 3794 Araxes
837 3730 1000 3809 fluvius,a
1023 3748 1090 3813 quo
1105 3730 1254 3795 Ararath
1271 3732 1362 3813 regin
1385 3730 1490 3796 nomi-

337 3841 443 3909 natur,
466 3833 659 3897 extenditur
688 3852 708 3896 a
738 3835 847 3915 capite
876 3855 937 3898 suo
964 3854 1023 3917 per
1048 3835 1108 3899 iter
1134 3836 1233 3899 trium
1264 3835 1426 3899 mensium
1455 3844 1491 3899 et

336 3936 485 4019 amplius.
533 3934 644 4018 Caput
659 3948 772 4001 autem
788 3936 859 4019 ejus
879 3948 930 4003 est
945 3939 1019 4003 sons
1040 3940 1072 4002 in
1093 3948 1208 4002 monte
1224 3936 1416 4016 Armeniae,
1432 3938 1490 4002 ubi

335 4061 440 4125 prope
461 4042 563 4105 oritur
580 4041 767 4124 Euphrates
789 4062 833 4106 ex
854 4054 949 4127 parte
969 4042 1133 4125 aquilonis
1155 4052 1189 4107 et
1205 4043 1314 4125 Tigris
1335 4045 1379 4108 ad
1399 4042 1491 4107 aliud

337 4145 423 4210 latus
440 4146 560 4210 montis
575 4166 687 4209 versus
704 4146 884 4210 meridiem.
931 4146 969 4210 ln
986 4148 1156 4211 montibus
1171 4156 1283 4211 autem
1300 4146 1490 4225 Armeniae,

337 4257 483 4313 testante
510 4248 688 4332 Scriptura,
713 4250 871 4333 requievit
896 4270 973 4314 arca
997 4251 1091 4329 Noe;
1124 4251 1182 4314 sed
1207 4269 1274 4313 non
1297 4251 1329 4314 in
1352 4252 1491 4334 quibus-

337 4372 467 4435 cunque
489 4354 667 4435 montibus,
689 4356 846 4437 quoniam
871 4375 937 4417 non
960 4363 1009 4419 est
1031 4355 1065 4418 in
1086 4354 1158 4420 istis
1183 4355 1239 4419 ubi
1262 4356 1410 4419 oriuntur
1424 4356 1491 4420 ista

337 4457 399 4521 tria
415 4456 549 4520 flumina
566 4476 695 4540 magna,
707 4459 765 4521 sed
782 4458 814 4521 in
824 4458 987 4521 altissimo
995 4458 1096 4523 Tauri
1108 4460 1231 4523 montis
1243 4460 1422 4536 cacumine,
1432 4459 1489 4524 ubi

338 4559 483 4625 Ararath
499 4562 589 4645 regio
605 4572 664 4638 est,
680 4562 861 4628 secundum
877 4561 969 4645 quod
992 4563 1073 4627 dicit
1097 4562 1324 4647 Hieronymus
1342 4563 1491 4629 secundo
