3575 5375
592 634 766 704 Juorcm
792 635 1115 695 zsrnorrorzmz.
1384 652 1444 715 255

290 810 450 863 vocantur
483 801 611 877 domus,
643 820 728 883 quae
758 801 1007 883 distinguuntur
1040 820 1101 883 per
1132 799 1351 866 meridianum
1382 802 1442 864 cir-

291 904 402 968 culum
426 915 461 970 et
483 905 697 981 horizontem,
717 915 749 969 et
772 905 855 969 alios
878 914 1022 986 quatuor
1044 904 1185 968 circulos
1207 905 1442 969 intersecantes

290 1029 326 1072 se
356 1009 389 1071 in
422 1029 536 1072 eorum
567 1009 776 1087 sectionibus,
803 1009 850 1072 ita
880 1019 919 1072 ut
948 1008 1055 1092 prima
1089 1009 1209 1072 domus
1233 1010 1370 1091 incipiat
1397 1010 1442 1072 ab

290 1113 463 1177 horizonte
495 1123 531 1178 et
561 1113 622 1177 sub
655 1133 695 1177 eo
729 1115 773 1178 sit
810 1114 1001 1191 constituta,
1036 1113 1158 1178 deinde
1192 1114 1375 1178 succedunt
1411 1114 1441 1176 ei

291 1217 436 1281 secunda
458 1218 579 1282 domus
603 1227 637 1281 et
663 1218 760 1282 tertia
787 1238 891 1300 usque
918 1219 963 1282 ad
985 1218 1146 1302 angulum
1168 1228 1284 1292 terrae,
1310 1218 1367 1301 qui
1391 1227 1442 1281 est

291 1330 434 1408 punctus
456 1323 489 1384 in
514 1321 608 1386 coelo
626 1325 696 1386 sub
721 1333 809 1387 terra
837 1322 1011 1405 oppositus
1035 1332 1160 1406 puncto
1185 1324 1320 1386 meridei
1343 1343 1442 1405 super

291 1437 423 1490 terram.
470 1426 517 1490 Et
547 1429 591 1490 ab
621 1427 678 1491 illo
710 1437 836 1510 puncto
866 1437 942 1490 sunt
974 1428 1058 1492 aliae
1088 1437 1156 1491 tres
1187 1428 1308 1492 domus
1338 1447 1442 1509 usque

291 1533 334 1595 ad
365 1532 485 1594 lineam
515 1531 704 1596 occidentis.
761 1531 894 1595 Deinde
924 1553 1025 1613 supra
1048 1532 1222 1596 horizonta
1251 1532 1366 1614 incipit
1396 1532 1442 1595 vii

291 1645 325 1697 et
349 1636 496 1718 sequitur
521 1637 577 1698 viii
603 1646 636 1700 et
663 1636 698 1698 ix
726 1656 830 1717 usque
857 1637 900 1699 ad
924 1647 1084 1718 punctum
1106 1635 1265 1699 meridiei.
1310 1635 1442 1699 Deinde

291 1761 315 1802 x
351 1750 384 1803 et
418 1741 454 1802 xi
489 1751 524 1805 et
564 1740 611 1804 xii
650 1761 755 1822 usque
791 1743 832 1804 ad
871 1740 1089 1804 horizontem.
1162 1740 1306 1805 Primam
1343 1740 1443 1824 igitur

291 1845 429 1908 domum
464 1846 546 1909 dant
580 1844 735 1922 Saturno,
758 1847 938 1909 secundam
969 1844 1054 1926 Jovi,
1077 1855 1111 1909 et
1143 1846 1191 1909 sic
1223 1845 1359 1909 ulterius
1391 1865 1441 1908 se·
1551 1844 1556 1852 '

291 1949 436 2012 cundum
461 1950 612 2012 ordinem
636 1949 854 2032 planetarum,
876 1948 924 2011 ita
946 1950 1037 2031 quod
1059 1959 1176 2014 octava
1198 1949 1318 2013 iterum
1344 1951 1443 2013 datur

292 2052 448 2132 Saturno,
485 2063 519 2117 et
555 2075 643 2117 nona
679 2053 762 2134 Jovi
811 2052 1176 2135 Consideravemntque
1209 2073 1326 2117 omnes
1363 2075 1442 2117 con·

292 2157 434 2221 corditer
454 2160 544 2240 quod
565 2159 685 2221 domus
706 2177 793 2220 nona
811 2168 861 2220 est
882 2158 1004 2221 domus
1022 2157 1189 2238 religionis
1208 2167 1243 2220 et
1261 2157 1349 2222 fidei.
1395 2157 1441 2221 Et

292 2259 503 2325 Ptolemaeus
525 2271 559 2324 et
576 2259 784 2324 Albumazar
803 2271 836 2324 et
859 2259 1032 2324 Altavicus
1054 2270 1088 2325 et
1104 2261 1313 2324 Messehalac
1330 2270 1364 2325 et
1384 2261 1440 2323 alii

292 2383 407 2429 omnes
437 2365 687 2447 assignaverunt
716 2364 788 2428 istis
817 2364 974 2428 domibus
1003 2365 1220 2448 proprietates
1249 2385 1334 2443 suas,
1363 2367 1442 2448 quia

291 2469 399 2548 prima
419 2477 470 2532 est
488 2469 609 2532 domus
626 2468 723 2546 vitae,
742 2469 888 2532 secunda
905 2470 1027 2532 domus
1048 2469 1264 2546 substantiae,
1283 2477 1317 2532 et
1335 2470 1382 2532 sic
1399 2471 1442 2533 de

291 2575 438 2646 caeteris,
460 2573 561 2654 juxta
590 2593 667 2636 suas
692 2573 913 2656 proprietates
940 2584 974 2639 et
1003 2573 1238 2656 dispositiones
1264 2573 1441 2638 naturales.

292 2677 393 2743 Unde
423 2700 510 2743 nona
540 2678 671 2757 domus,
702 2691 739 2744 ut
768 2679 892 2753 dicunt,
924 2688 976 2743 est
1010 2678 1309 2761 peregrinationum
1339 2688 1441 2762 atque

292 2782 444 2847 itinerum
473 2782 548 2848 fidei
580 2794 613 2847 et
643 2784 777 2847 deitatis
803 2794 837 2848 et
867 2783 1045 2867 religionis,
1074 2803 1114 2847 ac
1142 2785 1263 2849 domus
1292 2783 1442 2849 culturae

292 2885 355 2951 Dei
371 2886 554 2970 sapientiae
570 2888 726 2951 librorum
739 2888 955 2971 epistolarum
968 2896 1002 2951 et
1015 2886 1201 2970 legatorum
1214 2889 1441 2953 narrationum

290 3012 329 3055 ac
352 3012 522 3055 rumorum
544 3002 579 3057 et
605 2993 820 3057 somniorum.
867 2992 914 3055 Et
936 2993 1012 3055 ideo
1038 2993 1164 3071 merito,
1186 3000 1224 3055 ut
1246 2993 1369 3070 dicunt,
1390 3003 1443 3056 at-

290 3096 445 3160 tribuitur
466 3095 551 3177 Jovi,
573 3098 631 3179 qui
659 3096 761 3161 habet
793 3107 980 3179 respectum
1005 3099 1049 3162 ad
1075 3097 1164 3161 bona
1188 3096 1323 3160 alterius
1344 3097 1442 3173 vitae,

290 3201 367 3283 quia
393 3200 458 3265 illis
482 3200 578 3265 bonis
604 3201 769 3265 debentur
793 3200 877 3265 fides
903 3211 938 3265 et
964 3201 1078 3284 religio
1104 3211 1138 3264 et
1163 3199 1292 3264 cultura
1316 3200 1381 3263 Dei
1407 3210 1442 3264 et

291 3305 511 3369 consideratio
525 3304 738 3387 sapientialis,
754 3315 788 3369 et
803 3304 961 3369 librorum
977 3315 1011 3369 et
1025 3304 1239 3387 epistolarum
1252 3304 1442 3381 multitudo,

292 3420 327 3472 ut
353 3420 445 3492 patet
471 3430 515 3471 ex
541 3409 616 3491 lege
642 3409 774 3483 divina3
800 3420 835 3473 et
861 3409 1059 3490 legatorum,
1079 3418 1117 3473 ut
1143 3408 1380 3492 prophetarum
1406 3419 1442 3473 et

290 3514 514 3594 apostolorum
553 3523 586 3576 et
624 3513 886 3596 praedicatorum
921 3513 1017 3595 copia
1054 3514 1257 3576 narrantium
1294 3533 1441 3577 rumores

290 3618 427 3681 idoneos
457 3618 498 3681 de
534 3615 700 3681 nobilibus
732 3616 979 3681 conditionibus
1009 3615 1095 3680 illius
1125 3617 1222 3696 vitae,
1251 3627 1286 3682 et
1316 3617 1440 3682 revela-

289 3721 396 3785 tiones
420 3721 610 3805 frequentes
632 3721 826 3785 habentium
846 3721 882 3785 in
903 3721 1028 3786 somnis
1049 3731 1082 3785 et
1104 3722 1213 3786 extasi
1233 3732 1269 3788 et
1289 3722 1441 3805 raptibus

290 3825 409 3889 dehac
424 3826 503 3889 vita.

334 3929 458 3994 Dicunt
481 3930 582 4012 igitur
603 3930 753 4014 planetas
775 3930 930 4013 conjungi
953 3940 987 3994 et
1005 3930 1180 4014 complecti
1201 3931 1265 3996 sibi
1287 3931 1438 4009 invicem,
1450 3950 1582 4016 Religion

289 4042 322 4097 et
337 4033 401 4098 hoc
416 4044 466 4099 est
481 4035 614 4117 quando
629 4032 761 4099 fuerunt
778 4035 810 4097 in
824 4036 941 4099 eodem
956 4036 1052 4116 signo
1065 4045 1101 4098 et
1112 4037 1288 4118 praecipue
1302 4038 1436 4119 quando
1448 4017 1607 4146 {iffififfioe

289 4138 321 4199 in
356 4140 475 4202 eodem
506 4138 610 4221 gradu
643 4150 677 4203 et
710 4140 743 4201 in
769 4140 828 4202 xvi
860 4140 988 4203 minuto
1016 4139 1105 4202 illius
1129 4141 1253 4222 gradus
1278 4150 1314 4205 et
1344 4100 1601 4225 iniraincodj'unc-

288 4241 416 4308 Volunt
449 4264 530 4327 ergo
560 4242 748 4327 philosophi
781 4242 901 4323 Jovem
934 4263 978 4305 ex
1008 4263 1067 4307 sua
1083 4244 1327 4327 ‚conjunctione
1359 4264 1436 4307 cum
1448 4216 1574 4329 {ww

288 4345 360 4411 aliis
375 4347 518 4429 planetis
535 4346 720 4430 significare
740 4366 839 4429 super
854 4354 979 4411 sectam
995 4349 1191 4431 religionum
1206 4357 1240 4412 et
1258 4346 1346 4413 fidei.
1391 4348 1437 4411 Et
1451 4344 1555 4409 planca.

288 4451 366 4533 quia
388 4462 467 4515 sunt
487 4472 547 4515 sex
572 4449 727 4534 planetae
748 4452 869 4532 quibus
890 4452 1068 4533 complecti
1086 4461 1120 4516 et
1140 4452 1296 4535 conjungi
1317 4461 1439 4534 potest,

289 4556 364 4618 ideo
388 4566 538 4620 asserunt
564 4575 625 4619 sex
648 4554 718 4617 lore
741 4554 862 4619 debere
888 4556 923 4617 in
950 4557 1074 4620 mundo
1100 4566 1207 4621 sectas
1231 4555 1440 4638 principales.

290 4660 390 4725 Unde
412 4660 508 4744 periti
530 4668 682 4724 auctores
706 4659 865 4742 praedicti
886 4670 922 4723 et
941 4659 997 4724 alii
1016 4660 1139 4739 dicunt,
1153 4660 1181 4724 si
1201 4660 1441 4744 complectatur
