3575 5375
367 621 428 680 204
591 603 747 661 OPERIS
772 603 960 673 MAIORIS
984 602 1099 660 PARS
1123 601 1307 674 QUARTA.

367 767 515 830 Veneris.
561 767 773 850 Quapropter
795 765 889 828 multi
909 766 1086 848 diligentes
1107 765 1141 828 in
1159 765 1330 844 chronicis,
1345 765 1404 828 sed
1426 785 1518 848 prae-

367 873 462 953 cipue
481 871 582 947 Beda,
599 883 632 935 et
656 872 824 935 Marianus
848 869 978 949 Scotus,
993 882 1027 935 et
1043 866 1248 935 Gerlandus¹
1265 869 1412 933 famosus
1429 871 1518 952 apud

367 995 490 1051 omnes
506 976 748 1040 dubitationem
773 977 868 1039 nobis
892 975 1081 1058 relinquunt
1102 975 1287 1038 maximam
1306 994 1408 1056 penes
1427 994 1519 1037 com-

367 1080 573 1162 putationem
611 1081 793 1144 secundum
832 1079 945 1163 cyclos
983 1080 1132 1161 Dionysi
1193 1079 1284 1143 Nam
1314 1079 1406 1142 Beda
1438 1079 1519 1142 dicit

367 1186 585 1268 computanti‚
602 1184 751 1249 ‘Gratias
768 1205 830 1268 age
847 1184 930 1260 Deo,
949 1184 977 1247 si
995 1204 1118 1248 annum
1138 1184 1299 1267 passionis
1316 1183 1452 1247 Domini
1472 1184 1520 1248 sic

366 1289 537 1353 inveneris.
583 1289 695 1371 Quare
718 1291 745 1352 si
768 1309 834 1354 non
858 1289 1013 1362 invenias,
1030 1289 1173 1353 incuriae
1192 1288 1517 1370 chronographorum

365 1403 422 1456 aut
439 1403 515 1457 tuae
535 1394 682 1458 tarditati
701 1390 866 1481 ascribas?
913 1393 958 1456 Et
982 1393 1014 1456 in
1038 1393 1168 1456 duobus
1189 1392 1326 1456 obviant
1343 1393 1384 1466 ei,
1401 1393 1517 1473 princi·

364 1497 482 1579 paliter
506 1498 537 1559 in
564 1497 637 1573 hoc,
660 1498 750 1580 quod
777 1499 885 1580 posuit
911 1498 1097 1561 Dominum
1126 1517 1198 1561 esse
1228 1507 1341 1560 natum
1372 1498 1519 1560 secundo

365 1620 453 1663 anno
477 1601 583 1683 cycli;
613 1604 704 1664 etin
730 1603 802 1678 hoc,
829 1603 920 1684 quod
948 1604 1059 1685 posuit
1084 1601 1230 1685 praecise
1256 1601 1367 1665 dxxxi
1393 1621 1517 1664 annum

365 1705 556 1768 transivisse
572 1706 615 1769 ab
631 1706 855 1770 incarnatione
869 1706 922 1768 vel
938 1707 1110 1771 nativitate
1127 1706 1275 1769 Domini.

198 1826 338 1892 'tneoryor
410 1810 581 1874 Marianus
603 1830 683 1892 ergo
707 1811 739 1874 iu
761 1812 830 1875 suis
852 1810 1014 1875 chronicis
1036 1813 1198 1888 concedit,
1214 1809 1303 1892 quod
1327 1809 1518 1893 contingere

198 1895 331 1943 ³¹³¹¹³¹¹¹¹⁵
364 1923 483 1997 potest,
504 1924 538 1977 et
563 1935 678 1978 verum
708 1924 767 1992 est,
789 1916 880 1998 quod
907 1917 950 1978 sit
976 1916 1054 1980 luna
1083 1937 1129 1979 xv
1159 1917 1191 1978 in
1220 1915 1276 1978 viii
1305 1915 1517 1978 calendarum

363 2017 489 2101 Aprilis
516 2029 549 2082 et
571 2019 630 2081 xiii
659 2020 691 2082 in
718 2020 812 2082 annis
837 2020 931 2101 cycli.
978 2019 1046 2084 Sed
1069 2031 1148 2085 tunc
1173 2019 1225 2083 vel
1251 2020 1313 2082 erit
1339 2019 1387 2080 xii
1412 2037 1519 2080 annus

362 2124 480 2187 aetatis
504 2122 635 2198 Christi,
654 2123 705 2188 vel
729 2123 762 2187 in
788 2124 896 2202 cclix;
919 2125 978 2188 sed
1003 2145 1112 2207 neque
1138 2124 1199 2188 suit
1225 2143 1342 2208 passus
1367 2121 1415 2184 xii
1430 2141 1519 2185 anno

361 2229 481 2293 aetatis
503 2249 593 2308 suae,
609 2248 716 2311 neque
734 2229 768 2291 in
787 2228 882 2293 cclix.
928 2229 1141 2313 Quapropter
1163 2248 1229 2291 non
1251 2227 1380 2292 videtur
1398 2225 1517 2290 salvari

363 2352 461 2413 posse
494 2332 684 2416 Dionysius.
744 2333 790 2397 Et
823 2335 900 2397 ideo
932 2334 1101 2400 Marianus
1133 2334 1309 2417 diligenter
1342 2332 1519 2395 attendens

362 2437 511 2502 desectus
533 2438 697 2519 Dionysii,
713 2437 828 2502 volens
848 2439 958 2504 adhuc
979 2438 1107 2503 salvare
1127 2439 1316 2522 opinionem
1337 2435 1516 2519 Augustini

363 2551 396 2606 et
425 2541 621 2623 Hieronymi
652 2542 741 2618 dicit,
767 2544 845 2625 quia
875 2553 995 2608 octavo
1024 2542 1233 2607 calendarum
1264 2541 1391 2623 Aprilis
1420 2538 1519 2604 suerit'

364 2666 486 2729 passus,
502 2656 536 2710 et
552 2646 701 2712 similiter
715 2649 803 2731 quod
824 2647 902 2712 luna
923 2648 1018 2712 suerit
1035 2669 1089 2723 xv,
1104 2649 1163 2713 sed
1181 2668 1248 2712 non
1265 2647 1411 2713 secundo
1429 2664 1518 2709 anno

363 2751 446 2832 cycli
469 2752 788 2830 decemnovennalis,
809 2756 868 2817 sed
890 2756 982 2827 xviii,
1004 2754 1052 2818 ita
1074 2755 1163 2836 quod
1187 2756 1230 2817 de
1257 2752 1313 2816 illo
1336 2751 1430 2834 cyclo
1450 2752 1519 2815 sint

364 2854 547 2936 accipiendi
574 2858 641 2920 duo
667 2858 742 2919 anni
768 2856 901 2936 Christi,
917 2868 953 2921 ut
977 2858 1056 2921 xviii
1080 2858 1165 2938 cycli
1191 2860 1235 2921 sit
1259 2856 1386 2938 primus
1410 2875 1517 2919 annus

364 2959 499 3037 Christi,
513 2970 546 3023 et
568 2961 629 3023 xix
649 2962 692 3024 sit
713 2964 887 3041 secundus,
902 2975 937 3027 et
954 2963 1037 3026 alter
1058 2964 1172 3045 cyclus
1192 2963 1329 3045 integer,
1344 2961 1401 3044 qui
1417 2959 1518 3023 simul

359 3062 466 3145 juncti
495 3062 617 3129 iaciunt
640 3066 702 3127 xxi
726 3087 859 3131 annum.
908 3068 954 3131 Et
974 3079 1053 3133 tunc
1074 3070 1132 3130 xiii
1154 3070 1196 3131 de
1218 3067 1316 3131 tertio
1338 3064 1434 3148 cyclo
1456 3065 1518 3128 ad·

362 3169 484 3233 dantur
508 3180 542 3233 et
570 3169 649 3234 fient
674 3172 782 3235 xxxiv
807 3173 988 3236 secundum
1012 3173 1154 3254 cyclum.
1200 3172 1268 3237 Sed
1295 3170 1371 3235 anni
1397 3170 1518 3233 aetatis

364 3272 486 3339 Christi
517 3285 594 3338 sunt
624 3278 804 3357 pauciores
830 3278 956 3342 scilicet
982 3279 1081 3342 xxxii
1108 3278 1185 3341 anni
1212 3286 1246 3340 et
1270 3277 1303 3339 iii
1329 3284 1518 3349 menseset

363 3378 447 3443 bene
468 3391 559 3444 stant
580 3401 655 3443 cum
675 3380 738 3444 hoc
761 3402 910 3447 numero.
957 3383 1003 3447 Et
1023 3384 1100 3447 ideo
1121 3383 1175 3446 hic
1197 3382 1368 3448 Marianus
1387 3379 1518 3443 addidit

363 3484 436 3545 xxii
463 3504 566 3547 annos
593 3486 635 3547 ad
664 3497 797 3568 tempus
822 3487 985 3569 Dionysii.
1031 3487 1077 3551 Et
1102 3488 1177 3551 ideo
1205 3490 1237 3549 in
1265 3486 1519 3568 computatione

396 3620 404 3649 ¹
424 3618 496 3668 Bede
507 3627 589 3668 wrote
606 3628 659 3670 two
670 3622 758 3671 works
769 3638 804 3671 on
817 3624 987 3686 chronology.
1009 3624 1065 3673 The
1080 3625 1144 3685 first,
1156 3625 1196 3673 De
1206 3624 1364 3687 rempontus,
1377 3638 1433 3671 was
1447 3636 1517 3670 com·

363 3697 466 3759 plained
484 3699 514 3745 ot
528 3698 562 3759 by
575 3699 616 3747 his
633 3700 754 3762 disciples
772 3717 801 3750 as
818 3703 898 3765 being
914 3711 958 3751 too
976 3705 1057 3753 short„
1091 3704 1127 3752 At
1144 3703 1213 3752 their
1233 3704 1358 3765 instance,
1377 3702 1411 3750 he
1430 3709 1516 3749 wrote

363 3775 463 3825 several
486 3792 563 3837 years
585 3778 736 3829 afterwards
759 3781 804 3828 the
827 3782 903 3830 much
926 3799 998 3831 more
1022 3782 1154 3831 elaborate
1176 3782 1291 3840 treatise‚
1313 3781 1353 3829 De
1373 3786 1515 3843 tempomm

364 3856 465 3904 rotrone.

399 3934 529 3982 Marianus
542 3934 634 3983 Scotus
645 3950 701 3985 was
713 3952 744 3985 an
760 3937 827 3986 irish
840 3938 919 3986 monh
930 3940 960 3988 os
974 3940 1020 3989 the
1031 3940 1153 3988 eleventh
1166 3947 1273 4000 century
1284 3939 1347 3987 who
1364 3939 1472 3986 entered
1483 3952 1517 3984 an

366 4013 432 4061 lrish
448 4021 598 4075 monastery
614 4022 640 4063 at
657 4015 783 4077 Cologne‚
800 4018 851 4066 and
871 4018 936 4066 lived
954 4019 1140 4080 subsequently
1156 4018 1183 4067 in
1202 4018 1283 4068 Fulda
1299 4019 1350 4067 and
1368 4017 1394 4064 in
1414 4016 1519 4064 Maintz.

366 4091 409 4139 He
421 4092 442 4141 is
454 4092 497 4139 the
509 4094 602 4140 author
613 4093 644 4141 of
651 4110 684 4141 an
697 4095 826 4143 universal
838 4096 970 4145 chronicle
981 4097 1124 4159 beginning
1132 4097 1197 4145 with
1208 4098 1252 4146 the
1264 4097 1392 4146 Christian
1405 4111 1457 4154 era,
1467 4096 1519 4143 and

364 4171 503 4219 continued
516 4178 542 4220 to
554 4172 598 4220 the
609 4188 674 4233 year
685 4174 714 4221 os
729 4173 769 4222 his
781 4175 858 4223 death
871 4176 897 4223 in
913 4177 985 4225 1082.
1020 4176 1063 4225 He
1075 4176 1229 4225 considered
1241 4176 1286 4225 the
1298 4176 1440 4237 Dionysiun
1458 4175 1518 4222 date

364 4250 394 4298 os
407 4251 452 4299 the
471 4250 586 4312 Nativity
601 4259 629 4300 to
647 4253 679 4300 be
700 4260 865 4315 twenty-two
882 4269 961 4314 years
979 4262 1025 4303 too
1040 4255 1099 4304 late.
1137 4256 1267 4304 Marianus
1279 4255 1301 4303 is
1312 4262 1359 4303 not
1370 4263 1397 4302 to
1408 4255 1441 4302 be
1457 4268 1519 4301 con-

365 4329 478 4377 lounded
486 4330 550 4378 with
559 4332 602 4378 the
609 4332 687 4380 abbot
695 4333 724 4380 os
730 4332 768 4381 St.
779 4332 885 4391 Peter's‚
897 4334 1029 4393 Ratisbon,
1038 4351 1054 4383 a
1063 4342 1260 4396 contemporary
1266 4334 1297 4381 os
1301 4335 1346 4382 the
1353 4348 1424 4381 same
1433 4347 1516 4380 name

398 4408 544 4457 Gerlandus
563 4424 618 4457 was
637 4427 652 4458 a
673 4411 780 4459 student
799 4411 825 4458 in
846 4412 890 4459 the
915 4411 1084 4461 Benedictine
1107 4422 1258 4473 monastery
1274 4412 1305 4461 ol'
1327 4412 1473 4475 Besancon,
1493 4412 1524 4459 ot

363 4487 450 4535 which
467 4488 501 4537 he
520 4488 626 4537 became
643 4488 713 4551 prior
730 4488 756 4536 in
770 4502 841 4550 1131.
876 4490 920 4538 He
935 4498 1019 4539 wrote
1037 4507 1052 4539 a
1068 4490 1208 4553 computus
1224 4492 1252 4554 (i.
1260 4506 1282 4539 e.
1299 4506 1315 4539 a
1331 4490 1406 4539 work
1422 4506 1455 4537 on
1473 4491 1520 4538 the

365 4565 533 4615 rectification
552 4566 582 4615 os
594 4568 639 4615 the
652 4566 801 4631 Calendar),
813 4569 864 4617 and
881 4570 937 4617 also
954 4584 987 4617 an
1004 4568 1174 4618 arithmetical
1190 4568 1303 4630 treatise‚
1317 4569 1467 4618 mentioned
1484 4570 1521 4631 by

364 4644 468 4708 Cantor,
483 4645 532 4694 vol
547 4644 561 4693 i.
575 4660 599 4707 p.
615 4648 668 4708 7⁶9·
