3575 5375
334 596 404 659 xlvi
742 608 1075 669 INTRODUCTION.

334 769 477 845 animal;
509 768 683 853 reserving,
707 769 868 849 however,
891 772 950 835 the
975 771 1105 852 subject
1128 771 1166 833 oi
1199 768 1303 835 man’s
1335 769 1486 854 physical

335 886 451 939 nature
467 870 517 937 lor
530 875 733 957 subsequent
748 885 927 940 treatment
948 876 1052 940 under
1073 876 1131 941 the
1151 875 1237 940 head
1258 876 1296 939 os
1313 877 1488 940 medicine.

336 977 454 1041 Before
484 998 561 1042 man
592 980 633 1042 be
663 979 822 1061 properly
845 980 1074 1061 investigated,
1103 1000 1151 1043 we
1183 988 1272 1043 must
1302 980 1400 1043 know
1430 980 1486 1042 the

334 1095 451 1147 nature
469 1083 534 1145 and
560 1082 800 1165 surroundings
822 1081 862 1147 ol
878 1084 975 1147 other
997 1085 1142 1148 animate
1166 1084 1289 1166 things.
1334 1084 1361 1148 F
1363 1086 1422 1147 irst
1437 1105 1486 1147 we

334 1196 424 1250 must
453 1186 651 1270 distinguish
680 1186 738 1250 the
771 1186 830 1250 soil
863 1185 900 1251 fit
928 1187 978 1250 lor
1000 1183 1163 1250 different
1181 1187 1280 1251 kinds
1305 1186 1345 1251 os
1366 1188 1487 1271 planta,

333 1290 446 1353 arable
462 1290 547 1363 land,
565 1288 665 1353 lorest
681 1290 769 1361 land,
786 1302 920 1373 pasture
935 1291 1023 1367 land,
1038 1292 1163 1374 garden
1187 1292 1275 1355 land.
1321 1289 1385 1355 We
1405 1291 1485 1354 then

334 1393 489 1458 examine
507 1395 564 1458 the
585 1394 691 1457 whole
709 1394 839 1476 subject
858 1395 896 1460 ol
915 1396 1025 1477 plants
1046 1397 1153 1460 which
1174 1395 1235 1459 has
1257 1397 1340 1459 been
1361 1394 1420 1460 lest
1439 1397 1486 1458 in·

334 1497 500 1581 complete
512 1498 545 1561 in
556 1499 613 1561 the
622 1500 755 1563 treatise
764 1499 946 1565 attributed
956 1511 992 1565 to
1002 1499 1234 1575 Aristotle,De
1244 1499 1484 1581 Vrgetabilibus.

334 1601 401 1667 But
424 1622 461 1664 as
483 1602 580 1666 lands
602 1613 725 1667 cannot
744 1606 785 1667 be
805 1603 897 1669 tilled
913 1605 1053 1668 without
1072 1604 1234 1668 domestic
1255 1603 1404 1680 animals,
1419 1605 1484 1666 and

333 1728 371 1771 as
386 1704 511 1775 lorests,
528 1715 685 1789 pastores,
701 1708 765 1771 and
782 1709 910 1773 deserts
925 1710 1056 1792 depend
1078 1709 1129 1771 ior
1148 1709 1234 1773 their
1253 1707 1349 1771 value
1363 1728 1406 1771 on
1427 1706 1484 1770 the

333 1810 410 1873 wild
427 1810 565 1873 animals
581 1810 661 1891 they
676 1815 819 1890 contain,
835 1814 892 1877 the
906 1815 1033 1878 science
1047 1834 1096 1877 we
1112 1834 1166 1876 are
1185 1834 1259 1875 now
1275 1812 1437 1895 speaking
1452 1811 1489 1875 oi

334 1915 503 1978 embraces
526 1915 586 1979 the
611 1914 669 1978 lull
695 1917 934 1981 consideration
959 1917 998 1981 ol
1017 1917 1138 1981 animal
1162 1916 1224 1979 lile.
1250 1935 1294 1978 on
1313 1915 1429 1991 which,
1447 1936 1485 1979 as

334 2019 446 2083 Bacon
466 2016 624 2092 believed,
640 2019 805 2084 Aristotle
821 2031 922 2085 wrote
945 2022 994 2086 lar
1017 2042 1110 2085 more
1125 2020 1276 2084 volumes
1299 2019 1380 2082 than
1400 2019 1485 2082 have

333 2141 430 2186 corne
451 2124 548 2187 down
571 2134 608 2185 to
632 2144 669 2188 us
726 2124 763 2187 ln
786 2125 844 2189 the
866 2125 961 2190 sixth
983 2126 1111 2189 science
1130 2146 1180 2187 we
1203 2124 1345 2206 proceed
1368 2133 1405 2185 to
1427 2124 1485 2186 the

334 2227 436 2309 study
459 2226 497 2289 ol
523 2228 580 2291 the
606 2230 729 2292 animal
760 2230 950 2312 possessing
980 2248 1107 2307 reason,
1129 2229 1187 2293 the
1209 2229 1310 2309 study
1332 2228 1370 2291 ol
1392 2227 1483 2290 Man.

333 2424 363 2472 ol
371 2424 487 2475 Charles'
500 2426 574 2475 work
587 2427 609 2473 is
620 2442 664 2487 my
676 2443 772 2477 excuse
789 2428 829 2477 lor
840 2430 921 2489 citing
932 2429 977 2477 the
988 2427 1090 2490 portion
1107 2427 1136 2474 oi
1150 2427 1202 2475 this
1213 2432 1312 2473 extract
1330 2424 1440 2485 relating
1457 2431 1484 2471 to

332 2504 377 2551 the
389 2504 466 2566 study
479 2503 508 2552 ol
516 2504 595 2566 living
602 2505 701 2562 bodies,
713 2507 800 2563 based,
810 2523 839 2557 as
852 2507 941 2555 Bacon
953 2507 1078 2568 explains,
1091 2521 1124 2554 on
1137 2506 1181 2553 the
1190 2504 1357 2566 preliminary
1367 2503 1446 2563 study
1457 2502 1487 2549 ol

332 2581 446 2630 Artivna
462 2582 618 2644 spendah'va.
663 2583 811 2646 ‘Deinceps
829 2586 862 2633 de
882 2586 1026 2646 plantarum
1047 2591 1137 2631 natura
1156 2592 1182 2631 et
1200 2583 1347 2631 animalium
1364 2580 1484 2643 specialis

333 2660 442 2710 scientia
458 2667 485 2710 et
502 2660 613 2710 maxima
630 2662 803 2724 constituitur,
818 2664 915 2712 scilicet
932 2664 965 2712 de
981 2663 1101 2712 omnibus
1117 2662 1237 2711 animatis
1253 2668 1433 2724 praeterquam
1451 2660 1484 2709 de

332 2741 444 2794 homine.
462 2740 494 2788 de
515 2755 567 2800 quo
587 2749 693 2801 propter
712 2742 870 2791 nobilitatem
886 2757 960 2791 suam
979 2751 1006 2790 et
1025 2742 1176 2804 dignitatern
1195 2740 1358 2790 constituitur
1376 2739 1485 2788 scientia

332 2819 436 2881 propria
453 2834 519 2880 quae
538 2819 630 2866 dicitur
647 2819 781 2868 medicina.
818 2819 870 2869 Sed
890 2821 916 2868 in
938 2821 1028 2872 ordine
1049 2820 1198 2880 disciplinae
1219 2819 1300 2880 prima
1318 2826 1359 2867 est
1375 2819 1484 2867 scientia

332 2899 501 2947 animatorum
519 2899 726 2959 praecedentium
743 2899 874 2947 hominem
891 2906 918 2947 et
935 2900 991 2960 ejus
1009 2900 1065 2947 usui
1082 2899 1293 2955 necessariorum,
1314 2912 1380 2958 quae
1400 2897 1483 2958 primo

332 2978 466 3026 descendit
481 2978 513 3025 ad
528 2991 605 3024 omne
620 2991 703 3038 gemn
718 2978 772 3038 agri
790 2985 816 3027 et
831 2985 925 3036 terrae,
937 2977 1099 3039 distinguens
1116 2985 1226 3039 quatuor
1237 2976 1339 3038 species
1356 2989 1483 3037 agrorum,

332 3062 439 3118 propter
448 3055 603 3116 vegetabilis
613 3071 628 3103 e
641 3063 709 3104 terra
720 3057 853 3105 nascentia
865 3057 891 3105 in
905 3058 952 3106 eis.
975 3055 1022 3104 Est
1030 3057 1098 3104 enim
1108 3072 1171 3117 ager
1181 3056 1208 3104 in
1219 3070 1270 3117 quo
1281 3061 1372 3102 serunt
1380 3060 1483 3115 segetes

332 3142 358 3182 et
370 3134 513 3195 legumina;
530 3141 571 3181 est
586 3148 649 3194 ager
660 3135 775 3182 consitus
788 3136 930 3194 arboribus,
943 3144 971 3183 ut
981 3149 1087 3186 nemus:
1106 3144 1146 3182 est
1157 3149 1220 3194 ager
1231 3133 1358 3195 pascivus,
1370 3140 1398 3180 ut
1410 3141 1483 3194 prata

331 3221 357 3262 et
369 3215 486 3270 deserta;
503 3219 543 3260 est
554 3227 617 3273 ager
628 3211 670 3274 qui
683 3213 774 3262 hortus
786 3213 887 3274 dicitur,
900 3215 927 3261 in
944 3229 996 3275 quo
1013 3213 1170 3261 domesticae
1185 3213 1292 3260 arbores
1310 3219 1336 3260 et
1353 3212 1440 3260 caules
1457 3219 1483 3258 et

331 3293 427 3341 herbae
450 3298 478 3340 et
500 3292 601 3340 radices
624 3299 674 3339 tam
698 3292 835 3340 nutritivae
857 3307 934 3354 quam
953 3291 1120 3340 medicinales
1140 3298 1271 3352 parantur.
1313 3289 1386 3338 Haec
1404 3290 1483 3350 igitur

330 3371 439 3421 scientia
451 3371 605 3419 extenditse
614 3371 645 3419 ad
659 3371 800 3432 perfectam
812 3372 1047 3420 considerationem
1059 3369 1174 3418 omnium
1183 3368 1363 3430 vegetabilium
1375 3383 1483 3430 quorum

331 3451 421 3498 notitia
436 3450 512 3510 nimia
529 3448 677 3510 imperfecta
694 3450 803 3498 traditur
821 3449 846 3497 in
866 3450 931 3498 libro
949 3449 989 3497 De
1006 3448 1181 3511 Vegetnbtlibus
1197 3447 1361 3506 Aristotelis,
1379 3454 1406 3494 et
1423 3446 1482 3494 ideo

331 3528 477 3576 necessaria
495 3535 535 3576 est
555 3528 662 3575 scientia
682 3528 813 3576 sufficiens
835 3528 868 3576 de
891 3527 986 3589 plantis
1003 3534 1030 3574 et
1049 3526 1200 3573 animalibus
1222 3525 1345 3586 supplens
1366 3524 1483 3572 deiectus

330 3607 454 3655 librorum
474 3606 644 3653 communium
665 3605 814 3654 Aristotelis
833 3606 992 3666 vulgatorum
1011 3605 1078 3666 apud
1100 3603 1216 3661 Latinos,
1238 3604 1282 3664 qui
1302 3611 1428 3651 vocantur
1443 3602 1484 3650 De

328 3683 430 3732 Plantr's
445 3689 468 3731 et
484 3683 655 3732 Animalibus.
691 3685 744 3732 Sed
763 3699 819 3732 curn
837 3698 958 3744 agrorum
975 3685 1074 3732 cultura
1091 3699 1142 3730 non
1159 3689 1246 3744 potest
1263 3681 1318 3730 fieri
1336 3681 1392 3730 sine
1408 3682 1484 3742 copia

330 3762 476 3810 animalium
482 3761 781 3824 domesticorum,neque
789 3761 884 3810 utilitas
892 3775 1020 3823 agrorum,
1030 3762 1168 3823 praecipue
1174 3761 1332 3809 consitorum
1337 3761 1480 3824 arboribus,

330 3847 356 3888 et
365 3853 516 3900 pascuorum
529 3848 555 3887 et
567 3840 736 3899 desertorum,
749 3846 837 3902 posset
849 3839 938 3888 haberi
957 3839 1005 3887 nisi
1023 3839 1183 3887 nutrirentur
1198 3839 1318 3887 animalia
1334 3838 1479 3898 sylvestria,

330 3918 390 3965 ideo
401 3917 519 3966 extendit
531 3931 561 3965 se
572 3917 637 3966 haec
649 3918 758 3966 scientia
770 3919 802 3966 ad
816 3919 919 3979 plenam
937 3917 1171 3966 considerationem
1186 3917 1335 3964 animalium
1352 3916 1481 3975 omnium

330 4001 358 4042 et
374 3996 406 4043 ad
423 3995 513 4042 horum
531 3996 708 4057 cognitionem
723 3995 792 4044 misit
803 3996 958 4045 Aristoteles
970 3996 1043 4058 plura
1054 3995 1131 4043 millia
1147 3995 1280 4042 hominum
1297 4008 1346 4057 per
1361 3995 1482 4055 regiones

329 4073 427 4130 mundi,
446 4082 472 4120 et
492 4073 552 4120 lecit
570 4073 612 4120 illa
632 4074 763 4134 praeclara
779 4074 965 4135 quinquaginta
983 4073 1112 4121 volumina
1131 4073 1203 4135 prius
1223 4080 1370 4120 memorata.
1407 4072 1481 4120 Haec

329 4157 414 4198 autem
424 4150 532 4198 scientia
540 4151 649 4198 traditur
659 4151 686 4198 in
694 4151 764 4199 libris
776 4150 862 4211 Plinii,
874 4151 900 4198 in
913 4152 979 4199 libro
993 4151 1097 4199 Palladii
1107 4151 1146 4198 De
1156 4151 1332 4213 Agn'culturn,
1341 4158 1367 4197 et
1376 4151 1403 4198 in
1416 4149 1481 4198 libro

329 4227 514 4288 Georgicorum
525 4227 624 4289 Virgilii
638 4244 690 4276 non
702 4229 817 4290 ignobili,
829 4245 887 4278 cum
900 4229 1064 4291 expositione
1073 4231 1171 4291 egregii
1182 4229 1393 4277 commentatoris
1405 4230 1469 4289 ejus.

363 4305 477 4353 Scientia
489 4307 598 4368 septima
611 4316 650 4355 est
662 4307 695 4355 de
706 4307 809 4355 animali
821 4308 950 4365 rationali,
961 4308 1062 4356 scilicet
1074 4309 1107 4355 de
1119 4309 1232 4370 homine,
1245 4316 1273 4356 et
1290 4307 1430 4369 praecipue
1447 4309 1480 4355 de

328 4384 439 4431 sanitate
451 4391 477 4430 et
489 4384 636 4432 infirmitate
648 4386 720 4445 ejus3
738 4393 764 4432 et
776 4385 834 4432 ideo
846 4387 879 4434 de
897 4387 953 4447 ejus
967 4386 1156 4446 compositione
1173 4392 1201 4433 et
1217 4387 1386 4446 generatione
1404 4385 1479 4444 illius,

328 4461 386 4510 sine
402 4462 493 4523 quibus
511 4462 607 4510 sanitas
623 4471 649 4510 et
661 4463 794 4512 infirmitas
806 4465 862 4524 ejus
874 4480 926 4512 non
939 4472 1049 4526 possunt
1060 4463 1168 4525 intelligi
1180 4479 1230 4511 nec
1241 4464 1338 4512 doceri.
1373 4464 1480 4512 Constat

327 4555 391 4588 vero
408 4541 478 4602 quod
495 4541 573 4589 horno
590 4547 630 4588 est
646 4555 688 4589 res
706 4542 836 4604 naturalis,
851 4551 877 4592 et
892 4543 952 4590 ideo
970 4543 1079 4591 scientia
1095 4543 1151 4602 ejus
1168 4541 1328 4590 naturalibus
1341 4543 1480 4591 constituta

328 4618 378 4665 erit
391 4619 458 4667 inter
469 4619 598 4668 naturales
609 4621 805 4681 comprehensa.
