3575 5375
371 614 411 691 78
591 615 747 674 OPERIS
770 612 961 685 MAJORIS
985 613 1100 672 PARS
1128 610 1294 671 TERTIA.

368 775 532 842 seruntur?
577 776 644 841 Sed
663 796 779 841 omnes
800 775 957 859 antiquae
975 776 1103 840 Bibliae
1121 796 1207 859 quae
1222 774 1334 857 jacent
1353 774 1386 837 in
1405 792 1521 838 mona·

369 882 485 960 steriis,
510 902 597 965 quae
626 903 692 945 non
722 893 800 946 sunt
825 881 936 946 adhuc
966 881 1132 966 glossatae
1161 900 1222 943 nec
1251 888 1368 952 tactae,
1396 876 1521 943 habent

367 988 543 1051 veritatem
565 986 796 1063 translationis,
812 1006 912 1069 quam
936 995 1146 1050 sacrosancta
1169 1004 1189 1046 a
1213 982 1375 1067 principio
1399 983 1521 1066 recepit

369 1090 523 1154 Romana
540 1090 699 1168 Ecclesia,
715 1100 748 1153 et
760 1088 860 1172 jussit
876 1110 936 1173 per
953 1108 1070 1153 omnes
1087 1087 1252 1152 Ecclesias
1267 1086 1440 1170 divulgari.

198 1186 343 1305 ffiffly
413 1194 481 1259 Sed
511 1194 575 1259 hae
605 1195 636 1258 in
666 1194 833 1259 infinitum
859 1194 1091 1257 contradicunt
1118 1190 1301 1273 exemplari
1329 1190 1520 1255 Parisiensi:

199 1325 259 1370 text.
366 1299 467 1381 igitur
488 1299 552 1364 hoc
574 1299 748 1380 exemplar
770 1318 892 1381 magna
916 1296 1042 1380 indiget
1064 1296 1266 1362 correctione
1293 1316 1351 1379 per
1373 1297 1520 1378 antiqua.

369 1402 547 1468 Caeterum
565 1402 772 1485 Augustinus
793 1402 917 1466 ibidem
935 1401 1026 1478 dicit,
1042 1400 1161 1483 ‘Quod
1182 1401 1209 1463 si
1225 1400 1392 1465 dubitatio
1412 1399 1519 1463 adhuc

366 1516 537 1571 remaneat
546 1507 580 1570 in
590 1507 736 1589 antiquis
751 1507 870 1583 bibliis,
881 1506 1116 1571 recurrendum
1129 1513 1179 1568 est
1190 1505 1234 1568 ad
1248 1504 1384 1587 linguas,
1394 1505 1521 1568 scilicet

368 1610 570 1674 Hebraicam
598 1619 631 1675 et
657 1609 857 1687 Graecam'3
881 1621 915 1674 et
936 1610 1000 1675 hoc
1019 1610 1100 1674 dicit
1117 1608 1270 1672 secundo
1296 1608 1339 1671 de
1368 1608 1519 1673 doctrina

368 1713 565 1793 Christiana,
595 1725 629 1779 et
659 1715 805 1780 ostendit
835 1715 868 1778 in
899 1712 1073 1798 exemplis.
1121 1713 1167 1777 Et
1198 1713 1425 1794 Hieronymus
1454 1712 1519 1777 hoc

366 1818 447 1882 dicit
477 1820 521 1883 ad
549 1818 731 1882 Frecellam
758 1839 905 1883 sororem
929 1828 963 1882 et
987 1838 1087 1901 super
1115 1816 1320 1891 Zachariam,
1345 1826 1379 1880 et
1403 1836 1519 1880 omnes

366 1922 472 1986 sancti
499 1926 725 2000 concordant;
756 1924 815 1987 sed
843 1924 990 2005 antiquis
1016 1921 1127 1985 bibliis
1154 1922 1359 1985 concordant
1385 1921 1520 2004 linguae

367 2025 569 2090 Graecorum
582 2038 616 2091 et
628 2027 857 2091 Hebraeorum
873 2036 992 2090 contra
1007 2024 1179 2108 exemplar
1192 2024 1394 2101 Parisiense;
1419 2025 1520 2109 igitur

365 2139 500 2214 oportet
529 2132 620 2212 quod
651 2132 841 2214 corrigatur.
898 2128 1074 2194 Caeterum
1107 2129 1333 2211 Hieronymus
1362 2130 1442 2193 dicit
1474 2131 1519 2193 ad

366 2236 612 2300 Damascenum
633 2236 665 2299 in
685 2237 749 2301 hoc
764 2256 852 2311 casu,
868 2234 957 2300 ‘Ubi
979 2244 1030 2299 est
1049 2235 1232 2310 diversitas,
1249 2253 1317 2297 non
1332 2244 1384 2297 est
1398 2234 1519 2298 veritas

364 2339 463 2404 nota!
509 2341 576 2406 Sed
598 2339 644 2403 illi
659 2342 716 2424 qui
738 2342 888 2405 nituntur
905 2361 980 2405 cum
996 2340 1085 2403 omni
1101 2340 1242 2404 veritate
1255 2350 1419 2421 quantum
1440 2360 1518 2423 pos-

365 2444 432 2508 sint
461 2446 624 2529 corrigere
655 2455 787 2509 textum
816 2456 896 2509 sunt
926 2445 995 2507 duo
1025 2444 1155 2508 ordines
1186 2443 1453 2507 Praedicatorum
1484 2454 1518 2509 et

367 2548 546 2613 Minorum.
590 2548 667 2630 Jam
683 2549 727 2613 de
743 2549 946 2614 correctione
962 2547 1186 2612 formaverunt
1201 2548 1311 2611 varias
1326 2548 1518 2629 scripturas,

366 2663 400 2717 et
423 2652 621 2737 plusquam
644 2673 711 2717 una
732 2653 835 2717 biblia
858 2654 1046 2731 contineat3
1073 2653 1278 2717 contendunt
1301 2651 1344 2715 ad
1368 2651 1518 2731 invicem,

366 2766 401 2820 et
424 2759 655 2822 contradicunt
678 2757 843 2837 infinities,
866 2768 901 2822 et
923 2779 989 2822 non
1014 2757 1121 2822 solum
1145 2757 1276 2820 ordines
1297 2757 1342 2820 ad
1367 2757 1516 2831 invicem,

365 2862 423 2925 sed
447 2861 618 2943 utriusque
640 2862 766 2926 ordinis
789 2860 906 2926 fratres
929 2863 991 2926 sibi
1015 2862 1153 2926 invicem
1177 2861 1416 2925 contrariantes
1442 2861 1518 2945 plus

365 2984 465 3047 quam
489 2965 621 3029 ordines
643 2965 782 3043 totales3
813 2985 891 3029 nam
916 2966 1023 3030 omnis
1049 2965 1205 3030 dominus
1232 2964 1288 3029 alii
1313 2965 1517 3044 contradicit,

364 3078 399 3133 et
429 3067 462 3130 in
494 3069 611 3134 eadem
640 3082 842 3135 correctores
871 3071 935 3133 sibi
966 3070 1104 3133 invicem
1137 3071 1351 3134 succedentes
1385 3080 1517 3134 mutuas

364 3173 504 3237 eradunt
519 3173 700 3255 positiones
715 3194 790 3238 cum
806 3173 937 3239 infinito
951 3175 1108 3239 scandalo
1124 3184 1157 3238 et
1173 3173 1376 3237 confusione.
1415 3174 1517 3240 Unde

364 3295 440 3339 cum
461 3277 504 3340 ad
523 3277 640 3360 viginti
661 3298 765 3342 annos
788 3279 1036 3360 praedicatores
1058 3279 1255 3360 redegerunt
1278 3279 1516 3342 correctionem

364 3380 398 3443 in
413 3381 591 3464 scripturis,
604 3383 675 3464 jam
690 3393 851 3446 venerunt
865 3383 932 3457 alii,
947 3392 982 3446 et
1002 3401 1122 3446 novam
1139 3382 1375 3446 ordinaverunt
1390 3403 1518 3448 correc-

363 3484 499 3562 tionem,
515 3505 600 3567 quae
615 3486 761 3550 continet
782 3486 857 3570 plus
876 3485 1056 3551 medietate
1077 3486 1174 3549 unius
1190 3485 1330 3563 bibliae;
1353 3496 1517 3568 quantum

364 3588 422 3650 vix
435 3600 577 3669 ponatur
592 3589 625 3651 in
638 3599 733 3653 tanta
744 3591 907 3672 scriptura
917 3599 1078 3672 quantum
1092 3588 1226 3652 Novum
1239 3590 1387 3655 continet
1399 3589 1517 3654 Testa·

365 3700 524 3755 mentum.
564 3692 611 3756 Et
637 3693 715 3775 quia
736 3695 851 3758 vident
876 3715 912 3756 se
938 3713 1064 3758 errasse
1088 3693 1120 3756 in
1147 3693 1284 3777 antiqua
1306 3695 1517 3774 correctione,

361 3794 432 3875 jam
461 3793 607 3859 fecerunt
636 3805 761 3860 statuta
787 3798 878 3879 quod
906 3798 1015 3861 nullus
1040 3798 1071 3860 ei
1100 3798 1302 3874 adhaereat3
1336 3808 1371 3861 et
1401 3809 1516 3864 tamen

364 3896 509 3960 secunda
531 3899 690 3963 correctio
717 3911 853 3983 propter
879 3901 1070 3965 horribilem
1094 3902 1143 3964 sui
1170 3902 1391 3982 quantitatem
1418 3901 1518 3966 simul

363 4018 438 4062 cum
455 4002 651 4066 veritatibus
667 4003 780 4066 multis
802 4004 904 4069 babet
925 4005 996 4069 sine
1019 4005 1268 4085 comparatione
1290 4005 1403 4087 plures
1427 4005 1519 4072 salsi·

364 4111 450 4167 tates
466 4123 565 4186 quam
585 4106 693 4188 prima
707 4109 879 4171 correctio.

408 4205 508 4288 Quod
530 4217 642 4272 autem
657 4210 730 4273 dixi
751 4211 784 4273 in
806 4211 991 4286 universali,
1007 4222 1118 4296 potest
1138 4224 1255 4295 patere
1278 4212 1310 4277 in
1328 4214 1517 4296 exemplis;

363 4329 438 4372 nam
462 4309 617 4374 infinities
638 4314 756 4379 accidit
779 4317 948 4397 corruptio
974 4316 1153 4390 additione,
1177 4315 1415 4392 subtractione,
1438 4339 1517 4382 con-

359 4411 539 4494 junctione,
554 4416 714 4480 divisione
735 4419 904 4497 orationis,
919 4419 1082 4496 dictionis,
1100 4420 1258 4504 syllabae,
1277 4420 1403 4500 literae,
1418 4422 1518 4506 diph-

363 4516 487 4600 thongi,
510 4519 721 4602 aspirationis
748 4531 867 4586 notae:
900 4532 934 4586 et
961 4543 1025 4586 non
1052 4524 1163 4588 solum
1190 4524 1296 4601 litera,
1318 4526 1378 4589 sed
1401 4546 1518 4591 sensus

363 4618 497 4684 literalis
521 4632 555 4686 et
578 4623 759 4703 spiritualis
784 4634 974 4704 mutantur;
1001 4638 1036 4691 et
1062 4648 1129 4691 non
1153 4627 1263 4692 solum
1286 4631 1409 4694 cadunt
1433 4631 1519 4697 haec
