3575 5375
344 621 405 682 266
569 624 724 683 OPERIS
749 624 938 693 MAJORIS
963 623 1078 683 PARS
1100 622 1283 696 QUARTA.

174 791 291 866 pestruc·
389 785 435 849 Et
455 787 496 850 de
517 787 740 852 destructione
760 787 842 870 legis
859 786 1044 852 Mahometi
1066 786 1202 869 pulchre
1225 795 1259 850 et
1281 784 1498 850 certitudina-

172 856 290 972 l'ffflll.
344 889 418 954 liter
441 891 631 972 loquuntur.
678 891 766 956 Nam
791 893 976 956 secundum
1002 892 1093 974 quod
1114 889 1319 954 Albumazar
1340 890 1423 954 dicit
1441 888 1496 952 viii

173 989 317 1038 medanum.
344 993 488 1077 capitulo
503 995 639 1060 secundi
657 994 739 1070 libri,
757 1016 822 1060 non
844 1004 956 1078 potest
978 993 1036 1058 lex
1060 994 1246 1058 Mahometi
1269 995 1389 1059 durare
1411 993 1498 1058 ultra

342 1109 518 1162 sexcentos
536 1099 717 1183 nonaginta
733 1110 800 1163 tres
818 1119 934 1163 annos.
981 1098 1049 1163 Sed
1065 1108 1196 1163 tantum
1214 1097 1305 1163 valet
1325 1101 1444 1162 durare
1463 1107 1497 1161 et

342 1203 473 1267 durabit
489 1203 551 1266 nisi
569 1214 704 1286 propter
720 1202 865 1287 aliquam
882 1223 1016 1268 causam
1028 1202 1272 1267 coincidentem
1288 1203 1498 1267 abbrevietur

341 1317 473 1390 tempus
496 1310 677 1372 secundum
700 1309 789 1391 quod
813 1308 902 1392 prius
925 1317 1052 1372 tactum
1083 1317 1142 1385 est,
1166 1307 1257 1389 quod
1289 1306 1496 1370 abbreviatio

341 1420 454 1494 potest
469 1410 537 1475 fieri
561 1411 666 1494 major
688 1423 723 1476 et
743 1413 852 1476 minor
876 1432 923 1474 ex
947 1412 1056 1475 causis
1079 1412 1225 1474 diversis.
1271 1409 1316 1475 Et
1339 1431 1425 1474 nunc
1445 1419 1496 1474 est

341 1536 447 1580 annus
456 1515 609 1580 Arabum
625 1517 886 1580 sexcentesimus
903 1516 1130 1597 sexagesimus
1140 1511 1299 1597 quintus1
1314 1535 1335 1578 a
1345 1525 1497 1596 tempore

344 1619 540 1698 Mahometi,
563 1630 598 1683 et
620 1621 697 1685 ideo
720 1620 788 1684 cito
819 1622 1008 1683 destruetur
1035 1639 1094 1700 per
1123 1619 1267 1700 gratiam
1298 1618 1373 1696 Dei,
1404 1619 1494 1701 quod

342 1724 440 1788 debet
477 1744 549 1788 esse
586 1743 743 1806 magnum
784 1723 942 1788 solatium
981 1722 1186 1787 Christianis.
1233 1723 1372 1804 Propter
1405 1723 1496 1804 quod

342 1827 527 1892 laudandus
550 1837 600 1892 est
617 1828 720 1906 Deus,
743 1829 799 1911 qui
822 1827 1031 1909 philosophis
1052 1827 1145 1891 dedit
1168 1826 1280 1890 lumen
1303 1827 1495 1907 sapientiae,

341 1960 401 2022 per
421 1941 511 2022 quod
536 1940 593 2003 lex
611 1941 758 2005 veritatis
776 1939 992 2004 confirmatur
1011 1948 1044 2003 et
1069 1940 1252 2017 roboratur,
1269 1949 1303 2002 et
1324 1958 1383 2023 per
1402 1941 1494 2020 quod

341 2045 542 2128 percipimus
558 2045 709 2110 inimicos
725 2045 801 2109 fidei
821 2046 944 2109 destrui
966 2045 1098 2108 debere.
1146 2043 1191 2107 Et
1215 2043 1292 2107 huic
1312 2043 1494 2108 sententiae

340 2151 518 2214 concordat
563 2149 787 2234 Apocalypsis
832 2149 889 2212 xiii
933 2149 1089 2230 capitulo
1151 2148 1240 2211 Nam
1283 2148 1362 2210 dicit
1405 2148 1495 2230 quod

339 2275 495 2318 numerus
513 2254 639 2320 bestiae
655 2266 706 2319 est
722 2255 795 2337 663,
810 2255 867 2338 qui
882 2274 1038 2317 numerus
1054 2263 1104 2316 est
1125 2253 1232 2316 minor
1251 2252 1421 2334 praedicto
1437 2273 1494 2335 per

340 2381 417 2423 xxx
441 2381 553 2424 annos.
610 2359 677 2424 Sed
701 2361 864 2444 scriptura
892 2360 926 2421 in
955 2358 1068 2422 multis
1095 2357 1176 2422 locis
1199 2360 1343 2422 subticet
1367 2357 1493 2438 aliquid

340 2466 381 2527 de
404 2479 542 2528 numero
572 2465 749 2546 completo
773 2485 849 2528 nam
878 2463 933 2527 hic
963 2472 1014 2527 est
1045 2483 1117 2526 mos
1140 2463 1330 2543 scripturae,
1353 2472 1390 2524 ut
1412 2461 1494 2525 dicit

341 2569 442 2632 Beda.
489 2569 535 2631 Et
557 2567 611 2633 hic
634 2567 743 2633 forsan
767 2568 872 2633 voluit
904 2568 1006 2647 Deus,
1036 2568 1127 2649 quod
1158 2587 1223 2630 non
1250 2567 1494 2649 exprimeretur

341 2671 495 2752 totaliter,
511 2675 567 2738 sed
584 2672 825 2755 aliquantulum
842 2671 1069 2751 occultaretur,
1086 2672 1169 2735 sicut
1193 2681 1324 2735 caetera
1349 2692 1435 2752 quae
1459 2671 1493 2733 in

340 2778 549 2861 Apocalypsi
579 2779 774 2842 scribuntur.
823 2778 924 2843 Unde
953 2788 1031 2841 ante
1056 2789 1189 2858 tempus
1219 2774 1373 2839 ultimum
1402 2776 1492 2857 quod

341 2881 395 2945 isti
422 2891 531 2945 sectae
554 2883 802 2960 determinatur,
822 2884 1003 2946 secundum
1024 2880 1095 2963 ejus
1116 2900 1250 2944 causam
1271 2878 1494 2962 principalem,

341 2996 439 3068 prout
456 2986 655 3049 determinat
675 2986 891 3065 Albumazar,
913 2986 1021 3051 forsan
1037 2985 1208 3067 continget
1225 2986 1315 3067 quod
1337 2983 1493 3048 Saraceni

341 3091 552 3154 destruentur
567 3100 624 3154 aut
639 3111 699 3173 per
714 3090 874 3155 Tartaros
889 3101 948 3154 aut
965 3089 1183 3153 Christianos.
1229 3088 1275 3152 Et
1294 3088 1366 3170 jam
1388 3088 1494 3169 major

338 3215 415 3276 pars
435 3194 673 3259 Saracenorum
698 3197 864 3259 destructa
887 3205 938 3259 est
961 3214 1018 3277 per
1037 3194 1205 3271 Tartaros,
1220 3202 1254 3256 et
1276 3202 1378 3273 caput
1401 3193 1492 3274 regni

338 3301 428 3381 quod
444 3299 506 3364 luit
523 3299 656 3377 Baldac,
672 3311 705 3364 et
728 3299 847 3383 Caliph
869 3300 926 3383 qui
945 3298 1006 3363 luit
1024 3299 1110 3362 sicut
1134 3317 1221 3379 papa
1245 3317 1369 3361 eorum.
1414 3296 1492 3376 Jam

339 3404 420 3467 haec
436 3403 523 3469 facta
539 3416 615 3469 sunt
632 3406 679 3469 xli
694 3406 788 3469 annis
803 3405 925 3487 elapsis
935 3401 957 3467 ².

170 3508 303 3575 Planetary
385 3508 431 3574 Et
457 3511 609 3592 quamvis
639 3508 818 3592 loquantur
846 3510 889 3572 de
912 3510 1020 3584 sectis,
1043 3519 1078 3571 et
1100 3517 1212 3595 sectae
1237 3507 1426 3589 dependent
1447 3526 1492 3568 ex

168 3576 328 3706 ffippsnot
340 3611 492 3676 libertate
513 3614 657 3686 rationis,
672 3625 786 3679 tamen
807 3634 873 3678 non
893 3613 1071 3696 imponunt
1091 3612 1236 3694 aliquam
1260 3611 1491 3673 necessitatem

169 3708 327 3773 ⁵¹s⁰³0flh0
341 3716 442 3780 libero
458 3718 606 3795 arbitrio,
622 3718 769 3781 dicentes
789 3718 939 3801 planetas
955 3737 1027 3780 esse
1041 3718 1137 3799 signa
1152 3715 1323 3779 innuentia
1343 3714 1438 3778 nobis
1453 3734 1493 3777 ea

169 3774 315 3903 {dmm
339 3840 426 3903 quae
443 3820 535 3883 Deus
550 3822 692 3904 disposit
707 3823 751 3885 ab
766 3832 902 3885 aeterno
918 3821 988 3885 lieri
1004 3822 1072 3886 sive
1088 3841 1146 3902 per
1161 3829 1326 3896 naturam,
1342 3820 1411 3881 sive
1433 3838 1493 3901 per

168 3906 277 4021 {ffffls
339 3922 547 3987 voluntatem
569 3924 757 4003 humanam,
771 3927 841 3990 sive
862 3946 921 4008 per
942 3926 1101 3989 rationem
1120 3924 1289 4006 propriam
1309 3923 1492 3985 secundum

167 4008 284 4151 Ehpugh'
338 4027 584 4111 beneplacitum
600 4050 679 4093 suae
694 4030 884 4094 voluntatis.
933 4030 986 4094 Ita
1001 4031 1119 4095 dicitur
1135 4030 1169 4092 in
1185 4028 1269 4091 libro
1285 4028 1328 4090 de
1343 4025 1492 4090 cursibus

185 4120 201 4151 o
224 4119 292 4152 corn-

168 4168 277 4234 p¹¹l⁵⁰¹7'
370 4200 378 4229 ¹
395 4202 444 4261 665
455 4199 549 4249 Arabio
565 4216 642 4263 years
659 4200 690 4249 ol
702 4216 751 4263 354
769 4202 833 4264 days
851 4201 926 4250 make
942 4216 1008 4263 very
1023 4200 1115 4263 nearly
1129 4200 1178 4261 644
1196 4197 1226 4247 ol
1239 4212 1287 4246 our
1302 4212 1391 4259 years,
1404 4196 1492 4245 which

337 4281 421 4330 added
436 4286 463 4328 to
477 4282 526 4327 622
542 4280 587 4328 the
599 4280 658 4329 date
672 4280 702 4329 ol
709 4281 755 4329 the
773 4280 863 4342 Hejira
874 4280 963 4341 brings
974 4281 1020 4328 the
1031 4280 1091 4328 date
1103 4286 1130 4327 to
1144 4280 1215 4340 1267,
1230 4277 1275 4326 the
1291 4291 1356 4338 year
1366 4275 1394 4323 in
1405 4275 1492 4324 which

338 4360 427 4409 Baton
438 4374 493 4407 was
504 4358 617 4421 writing.

369 4440 379 4467 ²
395 4438 450 4485 The
468 4443 574 4499 capture
591 4436 621 4485 ol
635 4436 769 4499 Baghdad,
784 4436 865 4486 called
883 4436 919 4499 by
932 4436 1020 4485 Baeon
1036 4436 1088 4483 and
1107 4434 1195 4483 others
1213 4433 1316 4493 Baldac,
1328 4432 1364 4493 by
1380 4430 1494 4493 Hnlagu,

337 4517 466 4576 grandson
476 4516 507 4564 ol
515 4516 641 4577 Chinghis
652 4515 736 4575 Khan,
746 4530 801 4564 was
813 4516 839 4563 in
852 4514 897 4563 the
906 4514 984 4575 656th
990 4530 1055 4576 year
1066 4514 1097 4562 of
1105 4514 1150 4562 the
1162 4512 1260 4573 Hejira,
1269 4510 1358 4560 which
1368 4509 1494 4571 counting

336 4594 429 4643 Arabic
440 4608 525 4655 years,
536 4594 625 4642 would
636 4593 712 4655 bring
723 4594 767 4642 the
780 4594 839 4642 date
851 4600 879 4643 to
894 4594 957 4654 1²5³
970 4593 999 4642 ol
1007 4607 1056 4641 our
1067 4606 1120 4643 era.
1145 4591 1196 4640 But
1206 4586 1330 4651 Halngu’s
1341 4587 1492 4651 expedition

336 4671 386 4719 had
398 4671 484 4733 begun
497 4672 570 4721 three
581 4688 659 4734 years
671 4671 780 4723 before.-
