3575 5375
343 601 404 682 248
566 604 722 663 OPERIS
745 602 936 675 MAJORIS
959 603 1074 662 PARS
1099 602 1282 676 QUARTA.

347 767 475 831 infamis
490 788 534 831 ex
550 766 734 854 futurorum
751 767 940 851 cognitione
954 787 1056 850 quam
1077 766 1219 831 fideliter
1236 766 1401 851 assignat3
1423 766 1502 832 licet

347 892 368 936 a
387 872 545 955 principio
565 873 669 937 sancti
693 872 800 935 minus
823 872 872 936 usi
896 880 1028 936 suntet
1051 872 1159 936 minus
1182 873 1499 936 commendaverunt

347 996 431 1051 cam,
458 985 592 1059 propter
621 995 763 1040 errorem
793 975 896 1040 falsae
926 976 1192 1053 mathematicae,
1216 976 1269 1041 cui
1298 976 1435 1040 nomine
1465 984 1502 1038 et

348 1079 495 1162 quadam
526 1079 790 1144 consideratione
817 1080 1010 1144 coelestium
1039 1093 1188 1162 respectu
1216 1079 1400 1144 futurorum
1422 1099 1501 1142 vera

350 1185 584 1249 mathematica
613 1183 782 1249 familiaris
812 1192 862 1248 est
892 1194 928 1247 et
957 1185 1162 1262 conveniens,
1185 1185 1270 1248 sicut
1299 1183 1502 1248 determinat

349 1288 557 1371 Augustinus
573 1287 607 1350 in
622 1287 706 1352 libro
721 1289 763 1351 de
781 1287 941 1352 Doctrina
957 1288 1153 1352 Christiana.

180 1403 298 1454 Butsuu
394 1391 462 1456 Sed
492 1402 671 1475 postquam
701 1392 734 1454 in
761 1389 900 1456 ecclesia
927 1391 989 1455 luit
1013 1400 1174 1456 evacuata
1200 1390 1327 1457 salsitas
1353 1391 1503 1474 magicae

179 1478 281 1534 sequent
351 1496 615 1574 mathematicae,
639 1496 729 1559 venit
759 1496 791 1558 in
825 1516 922 1559 usum
952 1495 1190 1561 catholicorum
1217 1497 1393 1561 doctorum
1423 1514 1502 1559 con-

180 1535 339 1650 mlffl
352 1600 507 1664 sideratio
531 1598 786 1663 mathematicae
799 1619 907 1677 verae,
922 1609 957 1664 ct
977 1601 1107 1664 duravit
1128 1620 1233 1682 usque
1255 1602 1299 1665 ad
1318 1600 1503 1663 adventurn

180 1666 339 1783 fflfflthe.
353 1703 560 1788 quorundam
596 1701 840 1785 theologorum,
870 1703 927 1786 qui
964 1704 1195 1788 philosophiae
1229 1712 1432 1786 potestatem
1467 1713 1503 1767 et

182 1798 339 1914 manith
353 1809 433 1872 artis
468 1807 616 1891 magicae
650 1805 795 1871 fallacias
816 1808 1060 1891 ignoraverunt,
1094 1819 1128 1873 et
1169 1810 1213 1872 ob
1253 1808 1317 1872 hoc
1356 1828 1431 1872 eam
1470 1808 1504 1870 in

247 1903 253 1914 ’
354 1911 551 1977 lectionibus
577 1912 876 1994 praedicationibus
902 1922 937 1977 et
958 1912 1191 1978 collationibus
1216 1913 1358 1995 publicis
1381 1921 1415 1975 et
1438 1913 1505 1995 pri-

352 2017 439 2082 vatis
463 2017 669 2092 damnantes,
689 2017 798 2100 primo
822 2017 856 2080 in
885 2019 1069 2081 maximam
1097 2015 1325 2100 philosophiae
1356 2018 1505 2081 destruc-

351 2123 487 2198 tionem,
517 2121 636 2185 deinde
666 2121 699 2184 in
732 2120 912 2186 laesionem
946 2121 1155 2204 theologicae
1186 2120 1378 2203 majestatis,
1407 2130 1442 2184 et
1473 2120 1506 2183 in

353 2229 473 2292 damna
496 2223 653 2290 ecclesiae
676 2235 709 2288 et
735 2227 838 2290 totius
863 2225 1061 2308 reipublicae
1086 2224 1234 2290 fidelium
1262 2235 1296 2290 et
1320 2223 1505 2302 infidelium

353 2330 583 2401 conversionis,
614 2339 651 2392 ut
682 2329 773 2414 prius
802 2350 863 2412 pro
896 2350 1016 2413 magna
1051 2339 1146 2412 parte
1176 2339 1347 2394 ostensum
1376 2339 1437 2408 est,
1470 2339 1505 2392 et

354 2436 522 2499 residuum
558 2444 675 2515 postea
708 2434 922 2514 ostendetur;
957 2436 1034 2518 quia
1069 2435 1221 2518 ignorata
1258 2433 1506 2506 mathematica,

355 2549 427 2604 tota
450 2537 681 2621 philosophiae
703 2549 851 2620 potestas
874 2539 1087 2621 ignorabitur.
1133 2538 1179 2602 Et
1203 2538 1230 2602 si
1253 2538 1375 2602 veritas
1397 2537 1511 2621 philo·

355 2642 492 2727 sophiae
531 2641 689 2720 laedatur,
726 2643 885 2707 damnum
921 2643 1057 2708 infertur
1089 2641 1289 2725 theologiae,
1321 2643 1416 2726 cujus
1456 2652 1509 2707 est

356 2749 404 2812 uti
435 2755 601 2830 potestate
631 2746 868 2830 philosophiae,
900 2769 965 2811 non
995 2748 1101 2812 solum
1131 2747 1292 2827 absolute,
1318 2749 1377 2813 scd
1407 2758 1510 2829 prout

356 2852 488 2915 ordinat
514 2850 697 2929 ecclesiam,
720 2851 830 2933 dirigit
853 2851 1092 2934 rempublicam
1117 2851 1274 2931 fidelium,
1294 2862 1328 2916 et
1347 2850 1444 2933 juvat
1466 2850 1512 2914 ad

358 2954 539 3019 infidelium
567 2955 812 3018 conversionem
839 2956 1162 3039 praedestinatorum
1186 2966 1221 3020 et
1244 2956 1512 3040 reprobationem

357 3059 605 3142 praescitorum.
651 3057 718 3123 Sed
735 3079 801 3122 non
816 3059 926 3122 solum
947 3071 1056 3123 errant
1075 3061 1108 3123 in
1128 3059 1192 3123 hoc
1213 3061 1304 3142 quod
1325 3059 1511 3124 futurorum

358 3163 583 3246 cognitionem
594 3182 654 3245 per
662 3162 935 3228 mathematicam
948 3162 1093 3228 fiendam
1106 3165 1332 3247 imprudenter
1341 3166 1514 3243 damnant,

356 3267 416 3331 sed
438 3266 517 3350 quia
540 3288 600 3349 pro
623 3277 725 3350 parte,
747 3287 848 3350 quam
873 3268 950 3332 licet
971 3288 1015 3330 ex
1037 3288 1097 3331 sua
1119 3268 1296 3332 abhorrent
1316 3268 1514 3351 ignorantia,

358 3380 469 3435 toturn
486 3372 672 3455 reprobant
719 3369 880 3453 Quamvis
894 3372 984 3434 enim
1001 3372 1034 3433 in
1046 3372 1196 3454 partibus
1206 3370 1435 3455 philosophiae
1445 3371 1515 3435 sint

360 3474 502 3558 plurima
517 3474 644 3539 inutilia
660 3484 694 3540 et
710 3475 817 3539 minus
832 3476 919 3538 bene
934 3485 1026 3540 tacta
1047 3486 1081 3540 et
1101 3475 1213 3558 aliqua
1230 3495 1377 3555 erronea,
1392 3474 1513 3539 mhilo·

360 3582 467 3643 minus
482 3589 595 3642 tamen
610 3589 682 3643 tota
697 3578 909 3663 philosophia
923 3602 944 3644 a
958 3580 1051 3644 nullo
1064 3580 1250 3660 damnatur,
1260 3601 1322 3646 nec
1336 3580 1438 3645 debet
1452 3600 1515 3644 nec

360 3692 479 3765 potest.
526 3680 737 3766 Quapropter
756 3702 833 3747 cum
852 3684 885 3745 in
909 3685 1166 3749 mathematicae
1190 3684 1339 3767 partibus
1359 3684 1516 3748 omnibus

361 3785 468 3849 allisa
480 3783 651 3865 judiciaria
666 3786 777 3849 omnia
793 3786 886 3850 utilia
906 3798 1133 3870 proponantur
1153 3798 1304 3871 respectu
1324 3788 1516 3870 theologiae

361 3899 395 3953 et
410 3887 566 3952 ecclesiae
580 3908 619 3952 ac
634 3888 833 3972 reipublicae
848 3901 882 3955 et
894 3892 1115 3955 conversionis
1132 3892 1313 3956 infidelium
1329 3903 1387 3955 aut
1403 3911 1516 3974 repro-

360 3991 505 4057 bationis
514 4002 547 4055 et
557 3991 659 4056 totius
668 3992 906 4077 philosophiae,
915 4006 949 4060 et
960 3995 1040 4058 nihil
1052 3996 1266 4079 reprobatum
1276 3996 1518 4060 determinatur

360 4098 461 4162 etiam
478 4096 512 4160 in
529 4096 585 4160 illa
600 4107 693 4180 parte
709 4100 760 4162 cui
774 4098 936 4181 judicium
952 4100 1133 4178 ascribitur,
1145 4101 1251 4165 multa
1266 4091 1369 4166 etiarn
1385 4111 1519 4183 praeter

361 4213 467 4267 artem
480 4200 652 4283 judicandi
669 4203 834 4284 praeclara
849 4204 891 4266 de
912 4205 1170 4288 proprietatibus
1189 4204 1384 4269 coelestium
1405 4224 1516 4269 rerum

362 4316 397 4372 et
412 4306 564 4370 secundis
579 4304 749 4369 stellarum
765 4316 800 4370 et
815 4308 954 4372 caeteris
970 4311 1067 4372 rebus
1082 4308 1181 4392 hujus
1197 4310 1312 4372 mundi
1325 4318 1519 4393 tanguntur,

364 4410 574 4475 manifestum
599 4419 649 4473 est
672 4430 729 4475 eos
751 4412 888 4474 omnino
910 4432 1030 4489 errare,
1045 4411 1102 4495 qui
1125 4433 1186 4495 pro
1209 4432 1274 4477 una
1298 4422 1399 4497 parte,
1415 4433 1518 4496 quam

363 4512 447 4577 salso
461 4514 632 4593 damnant,
641 4522 750 4577 toturn
767 4515 934 4578 residuum
949 4514 1040 4598 quod
1056 4517 1224 4581 maximas
1238 4516 1341 4581 habet
1356 4516 1519 4581 utilitates

364 4622 400 4679 et
419 4615 450 4678 in
467 4615 557 4680 nullo
571 4616 674 4681 habet
694 4616 893 4681 calumniam
911 4618 983 4681 ausi
1001 4628 1078 4682 sunt
1100 4620 1287 4701 reprobare.
1334 4619 1380 4684 Et
1396 4621 1520 4685 iterum
