3575 5375
341 650 670 710 PHILOSOPHIAE
696 650 787 709 CUM
812 650 1059 710 THEOLOGIA
1086 652 1326 713 AFFINITAS.
1368 668 1406 729 51

259 809 408 874 similiter
421 818 640 895 regnaverunt
656 808 815 873 Numitor
830 821 863 874 et
880 808 951 891 ejus
972 830 1074 893 nepos
1091 811 1263 884 Romulus,
1281 821 1314 875 et
1330 820 1408 876 tunc

258 915 396 978 cessavit
412 935 549 997 regnum
566 926 600 978 et
615 934 737 977 nomen
753 913 972 993 Albanorum,
988 924 1022 979 et
1038 916 1148 979 vocati
1166 926 1242 980 sunt
1264 916 1406 979 Romani

258 1038 359 1100 reges.
405 1018 451 1081 Et
482 1040 542 1081 rex
573 1030 652 1083 tunc
682 1027 753 1082 erat
784 1018 819 1080 in
848 1017 978 1099 Judaea
1007 1019 1134 1093 Achaz,
1159 1020 1210 1083 vel
1240 1012 1327 1084 sicut
1351 1020 1406 1082 alii

260 1133 388 1205 putant,
413 1122 574 1186 Ezechias
587 1144 595 1201 ;
629 1132 662 1185 et
689 1121 751 1185 sub
774 1122 895 1185 eodem
927 1123 1074 1186 Romulo
1098 1123 1223 1187 Thales
1255 1123 1408 1189 Milesius

258 1225 356 1290 luisse
390 1227 588 1309 perhibetur,
616 1228 673 1309 qui
702 1226 766 1289 suit
796 1247 879 1289 unus
910 1227 953 1290 de
978 1238 1108 1309 septem
1131 1228 1346 1312 sapientibus,
1374 1239 1409 1293 et

258 1330 384 1413 primus
405 1332 588 1396 secundum
612 1331 837 1413 Augustinum
849 1328 870 1392 ¹.

673 1621 900 1687 Carrrunuu
926 1621 987 1685 XI.

303 1760 392 1824 Nam
425 1769 501 1843 post
532 1769 650 1844 poetas
673 1759 850 1845 theologos
876 1762 980 1826 crevit
1004 1762 1176 1844 sapientia,
1199 1774 1232 1827 et
1256 1770 1407 1827 auctores
1420 1770 1498 1821 Seven
1510 1772 1570 1818 wisc

258 1863 441 1945 sapientiae
455 1865 563 1929 vocati
578 1874 656 1928 sunt
673 1864 789 1947 Sophi,
805 1865 860 1929 i.e.
880 1866 1069 1949 sapientes;
1094 1867 1274 1930 secundum
1292 1877 1406 1931 tamen
1419 1836 1522 1953 ξ’ξξεξέ

259 1968 385 2033 Bedam
416 1969 451 2032 in
481 1969 566 2033 libro
595 1978 794 2052 temporum,
824 1979 858 2033 et
888 1970 1068 2033 seeundum
1098 1970 1261 2033 Isidorum
1289 1971 1408 2054 quinto

261 2073 559 2156 Etymologiarum,
586 2073 711 2137 Thales
740 2074 803 2137 fuit
833 2074 897 2136 sub
925 2074 1028 2155 Josia,
1050 2074 1106 2155 qui
1137 2095 1246 2137 rerum
1273 2085 1409 2139 naturas

259 2188 424 2243 scrutatus
454 2189 515 2255 est,
546 2189 581 2242 et
610 2178 674 2243 suit
703 2178 901 2260 astrologus.
962 2177 1128 2261 Tempore
1166 2198 1233 2260 quo
1266 2177 1410 2262 populus

261 2282 502 2361 Hebraeorum,
518 2292 556 2346 ut
571 2282 783 2364 Augustinus
799 2280 908 2358 refert,
920 2282 1039 2345 ductus
1054 2290 1104 2344 est
1121 2282 1154 2343 in
1171 2283 1410 2365 captivitatem,

259 2386 342 2450 alius
357 2387 400 2451 de
414 2397 543 2470 septem
558 2387 763 2470 sapientibus
778 2386 944 2470 apparuit,
957 2386 1090 2463 scilieet,
1104 2385 1250 2451 Pittacus
1266 2387 1410 2479 nomine,

260 2488 362 2555 etalii
386 2491 532 2573 quinque
554 2489 685 2554 suerunt
706 2500 858 2571 tempore
876 2490 1091 2573 captivitatis,
1111 2511 1252 2573 quorum
1273 2491 1410 2554 nomina

260 2604 337 2658 sunt
359 2596 450 2672 haec,
474 2594 579 2660 Solon
602 2594 828 2670 Atheniensis,
854 2593 978 2658 Chilon
1001 2594 1296 2673 Lacedaemonius,
1322 2595 1411 2659 Peri-

259 2699 363 2764 ander
393 2698 595 2776 Corinthius,
620 2699 799 2765 Cleobulus
825 2698 964 2779 Lydius,
993 2699 1070 2762 Bias
1097 2700 1232 2764 Pierius.
1279 2701 1333 2764 De
1358 2701 1410 2764 his

260 2803 474 2869 Solondedit
490 2804 581 2889 leges
596 2804 866 2883 Atheniensibus,
877 2805 920 2868 ad
937 2824 1019 2887 quas
1035 2803 1278 2868 transferendas
1293 2806 1408 2869 decem

166 2985 171 2993 .
259 2909 347 2972 viros
359 2907 503 2991 populus
513 2909 685 2972 Romanus
697 2909 795 2982 misit,
807 2919 841 2974 et
852 2918 1011 2973 vocantur
1021 2907 1110 2993 leges
1122 2910 1299 2974 duodecim
1312 2911 1408 2975 tabu·
1423 2927 1514 2991 Pytha-

260 3011 376 3089 larum,
396 3012 482 3077 sicut
503 3013 617 3077 scribit
641 3013 788 3076 Isidorus
804 3013 923 3096 quinto
942 3012 1036 3076 libr0.
1084 3013 1189 3077 Aliud
1205 3034 1284 3077 vero
1305 3034 1410 3096 genus
1422 2993 1569 3108 ffigssmffi

259 3116 434 3181 hominum
451 3116 636 3200 sapientiae
654 3117 804 3180 deditum
824 3125 900 3198 post
921 3137 977 3179 eos
992 3127 1147 3180 exortum
1169 3128 1219 3180 est
1240 3118 1272 3179 in
1297 3118 1409 3198 lingua
1422 3123 1517 3174 school·

261 3220 397 3295 Graeca,
412 3241 499 3304 quae
513 3230 626 3284 tamen
642 3230 779 3284 vocatur
796 3219 921 3296 Italica,
937 3221 1062 3284 scilicet
1082 3241 1126 3284 ex
1144 3241 1183 3284 ea
1205 3233 1307 3302 parte,
1324 3242 1410 3304 quae

263 3325 361 3390 ltalia
376 3326 557 3400 dicebatur,
567 3325 752 3407 antiquitus
769 3324 897 3406 Magna
912 3323 1060 3400 Graecia,
1070 3334 1103 3389 et
1115 3325 1149 3387 hi
1162 3326 1360 3389 studuerunt
1376 3326 1410 3388 in

262 3429 360 3493 Italia
389 3430 467 3495 licet
501 3429 628 3502 Graeci,
659 3430 761 3493 etiam
793 3429 828 3491 in
858 3429 971 3510 lingua
1002 3428 1139 3492 Graeca.
1186 3428 1232 3492 Et
1260 3430 1314 3492 isti
1344 3451 1409 3493 non

259 3533 435 3596 voluerunt
451 3554 486 3596 se
504 3535 613 3597 vocari
629 3534 796 3617 sapientes
812 3533 870 3596 sed
886 3543 1051 3596 amatores
1066 3533 1257 3615 sapientiae,
1269 3553 1409 3617 quorum

260 3637 413 3722 princeps
432 3637 494 3701 fuit
514 3639 720 3720 Pythagoras
740 3637 875 3703 Samius
897 3657 917 3700 a
936 3635 1039 3701 Samo
1056 3637 1182 3712 insula;
1206 3658 1226 3701 a
1247 3658 1314 3720 quo
1335 3659 1410 3703 cum

260 3752 480 3825 quaereretur,
503 3742 588 3825 Quis
618 3754 715 3818 esset,
739 3743 920 3825 respondit,
947 3741 1176 3825 philosophus,
1204 3743 1258 3805 i.e.
1283 3753 1412 3807 amator

260 3847 465 3930 sapientiae:
488 3846 573 3910 sicut
599 3847 680 3910 dicit
700 3845 935 3927 Augustinus²
954 3855 1074 3910 octavo
1099 3848 1141 3910 de
1162 3845 1307 3911 Civitate
1334 3847 1410 3911 Dei.

260 3950 330 4015 Sed
354 3962 473 4016 octavo
497 3950 627 4014 decimo
648 3950 732 4014 libro
750 3950 841 4026 dicit,
860 3950 951 4033 quod
968 3950 1174 4034 Pythagoras
1195 3951 1349 4034 apparuit
1370 3972 1411 4015 eo

259 4063 411 4139 tempore
437 4075 505 4137 quo
529 4054 733 4136 Judaeorum
758 4053 867 4118 soluta
886 4065 938 4119 est
961 4054 1147 4137 eaptivitas,
1172 4065 1206 4119 et
1230 4057 1411 4120 secundum

260 4156 409 4222 Tullium
425 4159 456 4221 in
472 4156 556 4222 libro
571 4158 679 4242 primo
695 4159 929 4239 quaestionum
945 4158 1214 4236 Tusculanarum,
1230 4159 1412 4242 Tarquinio

260 4262 416 4345 Superbo
434 4273 596 4344 regnante
620 4263 793 4339 Romanis,
809 4261 865 4344 qui
890 4261 951 4325 luit
972 4263 1134 4346 septimus
1156 4283 1176 4325 a
1199 4263 1357 4342 Romu10,
1377 4275 1412 4328 et

260 4365 399 4430 ultimus
425 4387 486 4429 rex
518 4366 754 4430 Romanorum.
801 4365 982 4449 Postquam
1006 4366 1157 4429 consules
1184 4369 1294 4429 exorti
1325 4377 1412 4442 sunt,

259 4471 397 4534 venitin
410 4470 542 4535 ltaliam
556 4470 773 4554 Pythagoras,
782 4479 816 4533 et
832 4469 923 4532 illam
937 4470 1097 4552 Magnam
1115 4469 1289 4534 Graeciam
1306 4471 1413 4535 tenuit

512 4609 690 4660 ¹Daecrvrrare
700 4609 756 4670 Dei,
768 4610 811 4661 lib.
823 4611 891 4659 xviii.
906 4625 960 4672 cap.
974 4625 1014 4669 24-

514 4687 524 4716 ¹
542 4687 605 4738 lbid.
618 4689 661 4737 lib.
672 4689 725 4738 viii.
736 4703 794 4751 cap.
806 4703 831 4738 a.
866 4687 908 4738 Cf.
920 4688 961 4737 lib.
976 4688 1047 4738 xviii.
1060 4703 1116 4750 cap.
1127 4701 1167 4748 ²5·

809 4780 833 4830 Ε
850 4785 868 4830 2
