3575 5375
424 631 774 693 MATHEMAYICAE
797 633 849 692 IN
871 633 1076 694 PHYSICIS
1103 635 1308 697 UTILITAS.
1383 653 1443 714 109

591 1088 872 1156 DISTlNCTlO
902 1087 1143 1157 SECUNDA.

335 1268 374 1332 In
395 1289 461 1352 qua
481 1269 672 1348 ostenditur,
687 1271 777 1355 quod
797 1291 849 1334 res
872 1269 1104 1353 hujusmundi
1124 1271 1291 1354 requirunt
1315 1270 1442 1334 mathe-

291 1373 454 1449 maticam,
470 1375 596 1440 habens
611 1375 757 1460 capitula
772 1376 844 1440 tria.

731 1578 957 1646 Cnerruuuu
982 1581 1008 1646 I.

338 1725 379 1789 ln
399 1725 507 1808 primo
528 1727 667 1792 docetur
692 1725 724 1790 in
747 1729 920 1792 universali
943 1728 1034 1812 quod
1055 1726 1213 1793 coelestia
1234 1738 1269 1793 et
1291 1728 1443 1794 inferiora

292 1831 458 1913 requirunt
474 1831 753 1898 mathematicam.

336 2041 437 2124 Quod
452 2043 496 2106 de
516 2044 657 2107 scientiis
668 2043 740 2126 jam
761 2055 931 2109 ostensum
952 2055 1012 2124 est,
1028 2055 1141 2127 potest
1160 2045 1205 2109 de
1219 2046 1317 2110 rebus
1339 2044 1443 2111 mani·
1454 2059 1484 2109 In
1496 2058 1539 2109 tue

290 2147 409 2212 lestari.
453 2147 541 2212 Nam
558 2148 759 2232 impossibile
773 2160 824 2213 est
839 2169 892 2213 res
906 2149 1003 2231 hujus
1019 2150 1133 2214 mundi
1148 2150 1231 2223 sciri,
1247 2150 1307 2213 nisi
1321 2151 1443 2215 sciatur
1454 2124 1613 2241 {ffiffis

282 2251 534 2316 mathematica.
580 2253 633 2316 De
649 2252 845 2318 coelestibus
863 2255 951 2317 enim
967 2263 1093 2318 certum
1114 2263 1165 2317 est
1185 2254 1349 2331 omnibus,
1364 2256 1442 2336 quia
1455 2257 1498 2307 ue
1508 2257 1571 2306 need

291 2355 378 2419 duae
408 2355 563 2421 scientiae
594 2377 736 2439 magnae
768 2357 1025 2422 mathematicae
1054 2368 1132 2421 sunt
1161 2359 1205 2422 de
1235 2359 1290 2432 eis,
1319 2323 1587 2438 scilicetfflffi}

291 2461 471 2542 astrologia
493 2459 705 2544 speculativa,
732 2470 766 2525 et
791 2461 972 2544 astrologia
993 2462 1147 2544 practica.
1193 2462 1304 2526 Prima
1327 2483 1443 2545 specu·
1456 2455 1570 2505 obvious.

292 2563 378 2627 latur
395 2564 598 2646 quantitates
615 2565 765 2628 omnium
788 2585 874 2648 quae
895 2576 973 2630 sunt
994 2566 1028 2629 in
1049 2565 1259 2646 coelestibus,
1281 2577 1315 2632 et
1331 2568 1444 2632 omnia

292 2686 378 2750 quae
402 2669 445 2733 ad
469 2669 690 2752 quantitatem
713 2671 923 2745 reducuntur,
942 2681 1012 2736 tam
1037 2671 1212 2736 discretam
1236 2692 1337 2755 quarn
1364 2692 1443 2735 con·

291 2773 419 2836 tinuam
442 2772 671 2855 quantitatem.
717 2774 805 2838 Nam
821 2794 996 2839 numerum
1017 2775 1187 2841 coelorum
1208 2785 1243 2839 et
1264 2775 1444 2853 stellarum,

291 2896 430 2959 quarum
452 2878 619 2960 quantitas
639 2888 752 2961 potest
773 2899 832 2961 per
849 2880 1066 2944 instrumenta
1084 2879 1330 2964 comprehendi,
1346 2882 1443 2944 certi·

292 2979 378 3057 licat,
407 2991 442 3045 et
472 2980 594 3064 figuras
624 2982 784 3057 omnium,
810 2992 844 3046 et
872 2984 1119 3065 magnitudines
1148 2994 1183 3048 et
1207 2982 1400 3048 altitudines
1423 3007 1445 3051 a

290 3098 380 3151 terra
394 3106 433 3151 ac
456 3086 686 3170 spissitudines
700 3096 734 3150 et
751 3106 924 3151 numerum
940 3109 979 3154 ac
996 3088 1259 3170 magnitudinem
1275 3108 1314 3151 ac
1336 3088 1443 3168 parvi·
1461 3108 1465 3113 ’

291 3200 406 3270 tatem,
421 3200 531 3255 onum
555 3201 589 3254 et
609 3210 763 3255 occasum
785 3190 955 3275 signorum
976 3191 1154 3269 stellarum,
1170 3203 1205 3256 et
1221 3203 1348 3256 motum
1373 3202 1442 3257 tam

291 3294 458 3359 coelorum
481 3314 582 3376 quam
606 3293 785 3371 stellarum,
808 3304 841 3357 et
864 3296 1068 3377 quantitates
1089 3306 1124 3359 et
1143 3295 1319 3359 varietates
1342 3294 1442 3377 eclip

290 3400 386 3463 sium.
433 3397 518 3463 Item
534 3397 706 3462 descendit
727 3398 770 3461 ad
791 3400 1012 3480 quantitatem
1035 3408 1069 3461 et
1089 3396 1228 3481 figuram
1244 3398 1443 3477 habitabilis,

292 3511 326 3565 et
348 3502 496 3566 omnium
519 3502 662 3584 partium
685 3499 757 3582 ejus
782 3521 1095 3584 magnarum-quae
1117 3512 1278 3566 vocantur
1299 3501 1442 3579 climata,

291 3616 326 3671 et
352 3605 499 3669 ostendit
525 3605 748 3670 diversitatem
771 3603 991 3669 horizontium
1017 3613 1052 3668 et
1079 3605 1207 3668 diemm
1233 3625 1273 3669 ac
1295 3606 1442 3669 noctium

290 3710 473 3773 secundum
495 3708 625 3790 singula
645 3708 789 3773 climata.
836 3707 932 3771 Haec
952 3728 1032 3791 ergo
1052 3710 1311 3773 determinantur
1325 3710 1389 3787 hic,
1407 3720 1441 3775 et

293 3812 397 3877 multa
421 3814 469 3876 eis
492 3832 634 3875 annexa.
680 3813 828 3877 Praetica
854 3832 934 3875 vero
959 3811 1129 3876 descendit
1156 3811 1199 3876 ad
1230 3812 1304 3891 hoc,
1332 3824 1369 3876 ut
1398 3815 1441 3878 ad

291 3936 425 3981 omnem
455 3915 570 3981 horam
600 3916 741 3980 sciamus
770 3916 844 3980 loca
874 3916 1081 4000 planetarum
1118 3926 1154 3981 et
1192 3916 1372 3995 stellarum,
1407 3927 1443 3981 et

290 4032 444 4106 aspectus
461 4030 495 4084 et
510 4021 768 4104 compositiones
784 4040 897 4085 earum
912 4032 948 4085 et
962 4022 1075 4085 omnia
1095 4040 1181 4104 quae
1195 4020 1229 4085 in
1243 4020 1443 4087 coelestibus

291 4136 500 4203 renovantur,
519 4134 620 4207 atque
643 4124 816 4189 descendit
838 4126 881 4188 ad
905 4144 1045 4207 eaquae
1068 4123 1151 4189 liunt
1174 4126 1207 4190 in
1229 4146 1314 4205 aere,
1331 4125 1441 4209 cujus-

292 4229 383 4293 modi
412 4241 491 4293 sunt
521 4238 682 4302 cometae,
707 4239 742 4292 et
772 4228 879 4304 irides,
911 4238 946 4292 ct
976 4237 1106 4293 caetera
1136 4229 1182 4293 ibi
1212 4239 1379 4307 renovata,
1405 4240 1443 4295 ut

291 4333 432 4397 sciamus
446 4331 520 4396 loca
537 4350 661 4407 eorum,
674 4340 708 4395 et
723 4330 926 4408 altitudines,
941 4342 978 4394 et
992 4332 1247 4414 magnitudines,
1259 4342 1294 4396 et
1309 4331 1443 4415 figuras,

290 4447 324 4501 et
354 4434 460 4501 multa
481 4456 568 4520 quae
592 4444 725 4519 oportet
750 4435 958 4501 considerare
983 4435 1017 4499 in
1042 4436 1103 4504 his.
1157 4435 1204 4499 Et
1229 4435 1311 4500 haec
1332 4437 1444 4501 omnia

291 4538 376 4605 fiunt
398 4560 457 4625 per
472 4542 692 4604 instrumenta
713 4540 757 4605 ad
780 4540 862 4605 haec
886 4540 1016 4619 idonea,
1030 4550 1065 4604 et
1087 4560 1146 4621 per
1169 4539 1309 4617 tabulas,
1328 4549 1364 4605 et
1385 4561 1445 4624 per

290 4665 443 4727 canones,
455 4646 489 4709 id
506 4655 567 4724 est,
583 4644 713 4728 regulas
728 4644 772 4709 ad
784 4644 867 4709 haec
882 4644 1095 4709 certificanda
1104 4644 1267 4721 inventas,
1278 4654 1444 4728 quatenus
