3575 5375
440 649 791 710 MATHEMATICAE
814 650 867 708 IN
888 650 1060 709 DIVINIS
1088 650 1293 710 UTILITAS.
1384 666 1445 726 219

291 812 365 879 bilis
388 821 478 878 recta
499 814 598 877 cadat
620 814 663 878 ad
690 812 832 897 angulos
856 812 1013 896 aequales
1039 814 1071 877 in
1098 833 1241 889 sensum,
1261 814 1339 897 quia
1365 823 1443 878 tunc

291 916 470 981 fortissima
492 926 553 992 est,
575 917 749 1000 praecipue
772 917 799 979 si
821 936 923 981 conus
945 916 1128 999 pyramidis
1150 917 1259 982 brevis
1281 927 1442 982 occurrat.

291 1020 348 1085 Sic
375 1020 450 1085 Eva
476 1022 598 1103 recepit
625 1022 769 1105 speciem
799 1022 872 1085 soni
894 1021 1058 1103 serpentis
1080 1031 1113 1085 et
1135 1020 1227 1103 pomi
1248 1020 1385 1084 visibilis
1407 1031 1443 1085 et

290 1127 401 1190 suavis
424 1125 546 1190 odoris.
592 1125 638 1189 Et
660 1126 773 1190 Adam
798 1123 936 1189 allectus
958 1135 1010 1190 est
1032 1135 1070 1188 ut
1092 1145 1128 1189 se
1150 1134 1185 1188 et
1206 1135 1315 1189 toturn
1337 1145 1442 1207 genus

291 1228 473 1294 humanum
503 1230 687 1312 specierum
715 1229 922 1294 sensibilium
955 1227 1228 1313 multiplicatione
1257 1229 1441 1293 damnaret.

291 1334 348 1399 Sic
367 1334 475 1398 David
498 1345 631 1399 sanctus
653 1335 816 1418 propheta
837 1354 897 1417 per
917 1334 1062 1416 speciem
1078 1333 1262 1398 Betsabeae
1281 1333 1441 1415 deceptus

289 1439 332 1502 de
361 1437 525 1502 adulterio
554 1439 674 1504 cecidit
704 1440 738 1501 in
769 1439 997 1503 homicidium.
1047 1438 1104 1503 Sic
1133 1459 1228 1503 senes
1254 1437 1439 1521 presbyteri

288 1561 373 1624 quos
385 1540 545 1623 judicavit
561 1542 681 1608 Daniel
695 1544 804 1627 specie
821 1543 966 1607 mulieris
980 1543 1111 1626 decepti
1126 1552 1210 1607 sunt
1253 1542 1299 1607 Et
1314 1553 1441 1607 certum

289 1654 340 1709 est
361 1666 495 1710 omnem
517 1646 686 1711 hominem
709 1649 818 1730 decipi
840 1649 1014 1731 speciebus
1043 1667 1152 1710 rerum
1179 1646 1277 1728 hujus
1304 1647 1441 1725 mundi;

288 1749 367 1832 quia
382 1751 562 1815 secundum
577 1751 776 1833 Johannem‚
794 1760 911 1816 ‘omne
932 1753 1023 1835 quod
1041 1761 1091 1815 est
1114 1753 1147 1814 in
1166 1752 1299 1825 mundo,
1313 1751 1368 1814 vel
1388 1761 1439 1814 est

288 1856 554 1938 concupiscentia
567 1859 686 1931 carnis,
696 1857 747 1921 vel
757 1857 1021 1942 concupiscentia
1031 1856 1212 1934 oculorum,
1221 1856 1274 1920 vel
1286 1857 1439 1938 superbia

288 1957 395 2036 vitae‚'
411 1981 432 2023 a
447 1980 588 2042 quorum
604 1981 717 2025 amore
734 1961 844 2026 nullus
864 1983 901 2026 se
920 1971 1033 2044 potest
1052 1962 1226 2036 abstinere,
1243 1961 1300 2043 qui
1315 1962 1440 2042 gaudet

288 2062 321 2124 in
342 2083 440 2128 sensu
462 2065 644 2147 specierum
660 2085 746 2147 quae
760 2065 896 2129 veniunt
909 2085 931 2128 a
947 2067 1054 2129 rebus.
1099 2065 1130 2126 N
1133 2085 1188 2128 arn
1208 2065 1339 2146 capitur
1355 2065 1440 2129 sicut

289 2165 403 2231 bestia.
450 2168 497 2232 Et
519 2169 594 2233 ideo
616 2168 768 2232 homines
787 2170 955 2233 sanctitati
972 2178 1129 2232 vacantes
1147 2177 1303 2232 avertunt
1324 2188 1439 2232 sensus

288 2269 332 2333 ab
349 2271 503 2334 omnibus
523 2293 631 2336 rerum
651 2271 894 2337 delectabilium
915 2272 1088 2358 speciebus
1109 2281 1270 2355 quantum
1290 2283 1440 2354 possunt,

288 2383 322 2438 et
337 2375 486 2440 maxime
500 2377 543 2439 de
559 2375 623 2440 illis
639 2397 724 2459 quae
740 2377 907 2460 pertinent
923 2377 966 2440 ad
988 2397 1119 2440 sensum
1140 2385 1249 2440 tactus
1264 2384 1298 2439 et
1312 2384 1438 2460 gustus,

288 2497 374 2559 quae
396 2488 474 2542 sunt
495 2479 593 2562 gulae
616 2489 650 2543 et
672 2480 830 2557 luxuriae,
846 2489 884 2543 ut
906 2501 972 2545 non
994 2479 1102 2544 solum
1125 2501 1192 2544 non
1214 2490 1365 2564 tangant,
1379 2482 1438 2545 sed

289 2601 350 2645 nec
374 2582 506 2646 videant
528 2603 588 2647 nec
610 2585 747 2648 audiant
773 2584 815 2647 de
842 2583 893 2647 his
921 2583 989 2649 fieri
1018 2584 1229 2660 mentionem,
1247 2605 1291 2647 ne
1312 2585 1439 2667 species

289 2684 509 2768 multiplicata
524 2688 555 2751 in
572 2708 687 2751 sensus
701 2689 855 2773 spiritum
871 2699 972 2772 cogat
986 2690 1107 2753 servire
1127 2690 1235 2753 carnis
1255 2688 1436 2768 illecebris3

288 2802 322 2857 et
333 2794 509 2877 praecipue
519 2803 635 2859 cavent
649 2816 689 2857 ne
700 2815 804 2879 prope
815 2796 890 2873 sint,
902 2805 938 2859 ut
947 2796 1052 2859 vitent
1063 2796 1253 2879 pyramides
1263 2796 1438 2872 breviores,

286 2906 388 2979 atque
417 2898 705 2982 multiplicationes
735 2899 932 2983 principales
961 2909 996 2963 et
1025 2910 1132 2963 rectas
1161 2909 1196 2964 et
1225 2900 1268 2963 ad
1298 2901 1437 2983 angulos

287 3000 451 3083 aequales
467 3012 504 3066 ut
519 3003 680 3087 praedixi.
726 3003 773 3068 Et
788 3003 870 3069 haec
886 3004 1032 3068 maxime
1048 3004 1195 3067 cavenda
1209 3014 1288 3067 sunt
1302 3005 1436 3087 quando

287 3116 417 3187 oportet
432 3107 485 3171 vel
501 3108 533 3171 in
549 3108 753 3173 consessione
767 3109 819 3172 vel
840 3110 883 3172 ob
904 3108 1004 3172 aliam
1024 3107 1171 3190 aliquam
1192 3127 1325 3172 causam
1345 3107 1436 3190 loqui

286 3230 362 3274 curn
376 3209 575 3276 mulieribus
613 3212 703 3275 Narn
713 3233 828 3277 omnes
839 3211 991 3275 homines
1001 3223 1293 3294 quantumcunque
1303 3224 1436 3276 sanctos

286 3315 413 3394 species
432 3315 534 3379 sortes
550 3318 583 3378 in
601 3316 663 3378 hac
684 3326 779 3398 parte
796 3316 975 3389 turbarent,
993 3316 1055 3378 etsi
1076 3334 1142 3376 non
1161 3315 1331 3378 vincerent
1351 3335 1436 3397 quos

286 3417 379 3480 Deus
394 3420 558 3482 custodire
573 3419 737 3501 dignatur.

329 3521 406 3602 Jam
419 3523 545 3586 dictum
562 3532 613 3586 est
624 3521 666 3585 de
677 3522 823 3605 quinque
840 3523 1005 3586 radicibus
1021 3523 1275 3587 mathematicae
1285 3533 1435 3608 respectu
1453 3530 1609 3610 (6¹)‘sixr01d

285 3626 486 3707 scripturae3
508 3647 595 3690 nunc
611 3636 781 3690 remanent
797 3627 896 3691 nobis
910 3628 996 3691 duae
1010 3627 1104 3705 aliae,
1119 3626 1244 3691 scilicet
1259 3629 1386 3692 numeri
1402 3640 1436 3694 et
1448 3599 1561 3715 gffiyffl,

285 3730 466 3796 musicalia.
512 3729 675 3814 Quoniam
691 3751 770 3795 vero
790 3732 896 3795 sancti
918 3731 1126 3794 abundanter
1145 3733 1325 3796 ostendunt
1347 3734 1434 3798 utili·
1448 3732 1523 3780 merie
1535 3733 1560 3781 in

284 3845 388 3899 tatem
405 3837 543 3900 istorum
559 3849 710 3920 respectu
726 3836 923 3919 theologiae,
935 3845 969 3899 et
986 3837 1092 3920 magis
1107 3838 1300 3921 exprimunt
1315 3836 1435 3903 horum
1448 3796 1575 3863 th²⁰¹⁰g³⁵

285 3942 549 4024 comparationes
564 3952 598 4006 et
613 3942 726 4006 laudes
739 3952 888 4024 respectu
901 3941 1086 4004 divinorum
1098 3961 1199 4023 quam
1210 3943 1252 4006 de
1263 3943 1435 4025 prioribus,

284 4044 360 4109 ideo
383 4046 478 4129 plura
500 4048 544 4111 de
565 4047 636 4110 aliis
657 4046 761 4129 tetigi,
777 4056 810 4109 et
833 4046 876 4109 de
897 4044 950 4108 his
975 4043 1082 4109 solum
1110 4047 1246 4109 innuam
1272 4049 1434 4130 quasdam

283 4150 361 4227 vias,
377 4171 516 4233 quarum
533 4150 711 4233 explicatio
730 4151 763 4212 in
783 4147 874 4213 libris
891 4160 1081 4213 sanctorum
1104 4152 1239 4233 copiose
1260 4152 1433 4216 invenitur.

283 4253 423 4318 Numeri
435 4276 513 4320 vero
525 4255 567 4319 ad
580 4273 711 4318 sensum
724 4254 906 4335 scripturae
916 4252 1029 4316 valent
1039 4264 1180 4336 quatuor
1190 4254 1308 4318 modis
1342 4256 1431 4318 Nam

285 4370 417 4423 nonest
434 4380 587 4424 numerus
602 4360 635 4421 in
651 4358 811 4439 scriptura
829 4358 967 4441 positus,
982 4357 1063 4439 quin
1081 4358 1259 4440 accipiatur
1278 4357 1311 4420 in
1334 4378 1431 4422 sensu

283 4462 402 4527 literali
425 4464 605 4527 secundum
629 4482 746 4526 ornnes
764 4460 834 4543 ejus
857 4460 1078 4543 proprietates
1098 4461 1333 4539 arithmeticas,
1350 4482 1432 4544 qua-

283 4576 380 4631 tenus
395 4587 454 4648 per
473 4586 636 4649 congruas
656 4566 886 4631 similitudines
906 4564 1078 4630 eliciantur
1099 4584 1214 4628 sensus
1235 4564 1433 4645 spirituales,

283 4670 369 4735 sicut
380 4670 486 4736 sancti
498 4670 632 4736 infinitis
645 4671 740 4754 quasi
753 4669 860 4733 modis
870 4667 1091 4733 manifestant.
1123 4666 1288 4747 Secunde,
1297 4679 1433 4753 propter
