<?xml version="1.0" encoding="UTF-8"?>
<!DOCTYPE html PUBLIC "-//W3C//DTD XHTML 1.0 Transitional//EN"
    "http://www.w3.org/TR/xhtml1/DTD/xhtml1-transitional.dtd">
<html xmlns="http://www.w3.org/1999/xhtml" xml:lang="en" lang="en">
 <head>
  <title>
</title>
<meta http-equiv="Content-Type" content="text/html;charset=utf-8" />
  <meta name='ocr-system' content='tesseract 3.04.00' />
  <meta name='ocr-capabilities' content='ocr_page ocr_carea ocr_par ocr_line ocrx_word'/>
</head>
<body>
  <div class='ocr_page' id='page_1' title='image "./opusmajusrogerb01bridgoog/opusmajusrogerb01bridgoog_0377.png"; bbox 0 0 3575 5375; ppageno 0'>
   <div class='ocr_carea' id='block_1_1' title="bbox 367 625 1375 703">
    <p class='ocr_par' dir='ltr' id='par_1_1' title="bbox 367 625 1375 703">
     <span class='ocr_line' id='line_1_1' title="bbox 367 625 1375 703; baseline 0.003 -19"><span class='ocrx_word' id='word_1_1' title='bbox 367 625 424 684; x_wconf 86' lang='lat'><strong>180</strong></span> <span class='ocrx_word' id='word_1_2' title='bbox 586 631 742 690; x_wconf 84' lang='lat' dir='ltr'><em>OPERIS</em></span> <span class='ocrx_word' id='word_1_3' title='bbox 767 631 955 702; x_wconf 79' lang='lat' dir='ltr'><em>MAJORIS</em></span> <span class='ocrx_word' id='word_1_4' title='bbox 978 631 1093 690; x_wconf 77' lang='lat' dir='ltr'><em>PARS</em></span> <span class='ocrx_word' id='word_1_5' title='bbox 1118 630 1301 703; x_wconf 77' lang='lat' dir='ltr'><strong>QUARTA.</strong></span> <span class='ocrx_word' id='word_1_6' title='bbox 1370 657 1375 666; x_wconf 93' lang='lat'><em>·</em></span> 
     </span>
    </p>
   </div>
   <div class='ocr_carea' id='block_1_2' title="bbox 361 789 1517 2026">
    <p class='ocr_par' dir='ltr' id='par_1_2' title="bbox 361 789 1517 2026">
     <span class='ocr_line' id='line_1_2' title="bbox 364 789 1517 878; baseline -0.001 -24"><span class='ocrx_word' id='word_1_7' title='bbox 364 795 646 875; x_wconf 82' lang='lat' dir='ltr'><strong>opportunitatem</strong></span> <span class='ocrx_word' id='word_1_8' title='bbox 676 795 907 878; x_wconf 87' lang='lat' dir='ltr'><strong>navigationis,</strong></span> <span class='ocrx_word' id='word_1_9' title='bbox 936 796 963 859; x_wconf 93' lang='lat' dir='ltr'><strong>si</strong></span> <span class='ocrx_word' id='word_1_10' title='bbox 1001 803 1135 876; x_wconf 91' lang='lat' dir='ltr'><strong>tempus</strong></span> <span class='ocrx_word' id='word_1_11' title='bbox 1167 794 1294 872; x_wconf 89' lang='lat' dir='ltr'><strong>arandi,</strong></span> <span class='ocrx_word' id='word_1_12' title='bbox 1324 792 1351 855; x_wconf 89' lang='lat' dir='ltr'><strong>si</strong></span> <span class='ocrx_word' id='word_1_13' title='bbox 1382 789 1517 855; x_wconf 87' lang='lat' dir='ltr'><strong>aestatis</strong></span> 
     </span>
     <span class='ocr_line' id='line_1_3' title="bbox 363 891 1515 982; baseline -0.001 -25"><span class='ocrx_word' id='word_1_14' title='bbox 363 898 557 978; x_wconf 89' lang='lat' dir='ltr'>caniculam,</span> <span class='ocrx_word' id='word_1_15' title='bbox 580 901 606 962; x_wconf 89' lang='lat' dir='ltr'><strong>si</strong></span> <span class='ocrx_word' id='word_1_16' title='bbox 629 902 779 964; x_wconf 87' lang='lat' dir='ltr'><strong>autumni</strong></span> <span class='ocrx_word' id='word_1_17' title='bbox 802 909 972 982; x_wconf 90' lang='lat' dir='ltr'><strong>suspectas</strong></span> <span class='ocrx_word' id='word_1_18' title='bbox 995 900 1117 962; x_wconf 81' lang='lat' dir='ltr'>imbres</span> <span class='ocrx_word' id='word_1_19' title='bbox 1142 899 1219 962; x_wconf 90' lang='lat' dir='ltr'><strong>inde</strong></span> <span class='ocrx_word' id='word_1_20' title='bbox 1238 891 1423 962; x_wconf 68' lang='lat' dir='ltr'><strong>discamus!</strong></span> <span class='ocrx_word' id='word_1_21' title='bbox 1470 894 1515 957; x_wconf 89' lang='lat' dir='ltr'><strong>Et</strong></span> 
     </span>
     <span class='ocr_line' id='line_1_4' title="bbox 363 1000 1514 1084; baseline -0.002 -21"><span class='ocrx_word' id='word_1_22' title='bbox 363 1000 574 1084; x_wconf 84' lang='lat' dir='ltr'><strong>Augustinus</strong></span> <span class='ocrx_word' id='word_1_23' title='bbox 589 1007 622 1068; x_wconf 92' lang='lat' dir='ltr'><strong>in</strong></span> <span class='ocrx_word' id='word_1_24' title='bbox 638 1007 723 1068; x_wconf 88' lang='lat' dir='ltr'><strong>libro</strong></span> <span class='ocrx_word' id='word_1_25' title='bbox 738 1006 883 1070; x_wconf 90' lang='lat' dir='ltr'><strong>secundo</strong></span> <span class='ocrx_word' id='word_1_26' title='bbox 896 1007 938 1068; x_wconf 91' lang='lat' dir='ltr'><strong>de</strong></span> <span class='ocrx_word' id='word_1_27' title='bbox 952 1004 1113 1068; x_wconf 88' lang='lat' dir='ltr'><strong>Doctrina</strong></span> <span class='ocrx_word' id='word_1_28' title='bbox 1130 1002 1318 1068; x_wconf 88' lang='lat' dir='ltr'><strong>Christiana</strong></span> <span class='ocrx_word' id='word_1_29' title='bbox 1330 1004 1372 1066; x_wconf 93' lang='lat' dir='ltr'><strong>de</strong></span> <span class='ocrx_word' id='word_1_30' title='bbox 1388 1000 1514 1064; x_wconf 87' lang='lat' dir='ltr'><strong>utilita-</strong></span> 
     </span>
     <span class='ocr_line' id='line_1_5' title="bbox 364 1103 1515 1192; baseline -0.001 -26"><span class='ocrx_word' id='word_1_31' title='bbox 364 1106 453 1169; x_wconf 90' lang='lat' dir='ltr'><strong>tibus</strong></span> <span class='ocrx_word' id='word_1_32' title='bbox 477 1108 570 1172; x_wconf 88' lang='lat' dir='ltr'><strong>istius</strong></span> <span class='ocrx_word' id='word_1_33' title='bbox 592 1110 749 1174; x_wconf 87' lang='lat' dir='ltr'><strong>scientiae</strong></span> <span class='ocrx_word' id='word_1_34' title='bbox 779 1110 928 1192; x_wconf 89' lang='lat' dir='ltr'><strong>loquens,</strong></span> <span class='ocrx_word' id='word_1_35' title='bbox 950 1108 1023 1172; x_wconf 89' lang='lat' dir='ltr'><strong>vult</strong></span> <span class='ocrx_word' id='word_1_36' title='bbox 1044 1107 1209 1191; x_wconf 87' lang='lat' dir='ltr'><strong>triplicem</strong></span> <span class='ocrx_word' id='word_1_37' title='bbox 1232 1107 1412 1171; x_wconf 81' lang='lat' dir='ltr'><strong>utilitatem</strong></span> <span class='ocrx_word' id='word_1_38' title='bbox 1442 1103 1515 1185; x_wconf 89' lang='lat' dir='ltr'><strong>ejus</strong></span> 
     </span>
     <span class='ocr_line' id='line_1_6' title="bbox 362 1210 1514 1296; baseline -0.003 -22"><span class='ocrx_word' id='word_1_39' title='bbox 362 1231 443 1291; x_wconf 90' lang='lat' dir='ltr'><strong>esse,</strong></span> <span class='ocrx_word' id='word_1_40' title='bbox 457 1213 620 1294; x_wconf 89' lang='lat' dir='ltr'><strong>videlicet,</strong></span> <span class='ocrx_word' id='word_1_41' title='bbox 635 1215 972 1278; x_wconf 87' lang='lat' dir='ltr'><strong>‘demonstrationem</strong></span> <span class='ocrx_word' id='word_1_42' title='bbox 993 1213 1225 1296; x_wconf 88' lang='lat' dir='ltr'><strong>praesentium,</strong></span> <span class='ocrx_word' id='word_1_43' title='bbox 1240 1222 1275 1275; x_wconf 92' lang='lat' dir='ltr'><strong>et</strong></span> <span class='ocrx_word' id='word_1_44' title='bbox 1290 1210 1514 1292; x_wconf 86' lang='lat' dir='ltr'><strong>cognitionem</strong></span> 
     </span>
     <span class='ocr_line' id='line_1_7' title="bbox 362 1311 1515 1398; baseline -0.003 -21"><span class='ocrx_word' id='word_1_45' title='bbox 362 1317 627 1398; x_wconf 90' lang='lat' dir='ltr'><strong>praeteritorum,</strong></span> <span class='ocrx_word' id='word_1_46' title='bbox 656 1329 690 1382; x_wconf 94' lang='lat' dir='ltr'><strong>et</strong></span> <span class='ocrx_word' id='word_1_47' title='bbox 721 1317 933 1382; x_wconf 86' lang='lat' dir='ltr'><strong>rationabiles</strong></span> <span class='ocrx_word' id='word_1_48' title='bbox 967 1316 1173 1398; x_wconf 87' lang='lat' dir='ltr'><strong>conjecturas</strong></span> <span class='ocrx_word' id='word_1_49' title='bbox 1204 1315 1401 1378; x_wconf 82' lang='lat' dir='ltr'><strong>futurorum.</strong></span> <span class='ocrx_word' id='word_1_50' title='bbox 1447 1311 1515 1374; x_wconf 91' lang='lat' dir='ltr'><strong>De·</strong></span> 
     </span>
     <span class='ocr_line' id='line_1_8' title="bbox 361 1421 1514 1506; baseline -0.004 -25"><span class='ocrx_word' id='word_1_51' title='bbox 361 1423 559 1486; x_wconf 90' lang='lat' dir='ltr'><strong>monstratio</strong></span> <span class='ocrx_word' id='word_1_52' title='bbox 582 1425 803 1506; x_wconf 90' lang='lat' dir='ltr'><strong>praesentium</strong></span> <span class='ocrx_word' id='word_1_53' title='bbox 828 1424 861 1485; x_wconf 91' lang='lat' dir='ltr'><strong>in</strong></span> <span class='ocrx_word' id='word_1_54' title='bbox 884 1421 1110 1502; x_wconf 84' lang='lat' dir='ltr'><strong>assignatione</strong></span> <span class='ocrx_word' id='word_1_55' title='bbox 1134 1421 1374 1504; x_wconf 89' lang='lat' dir='ltr'><strong>proprietatum</strong></span> <span class='ocrx_word' id='word_1_56' title='bbox 1406 1435 1514 1480; x_wconf 88' lang='lat' dir='ltr'><strong>rerum</strong></span> 
     </span>
     <span class='ocr_line' id='line_1_9' title="bbox 362 1522 1513 1610; baseline -0.002 -26"><span class='ocrx_word' id='word_1_57' title='bbox 362 1523 555 1589; x_wconf 89' lang='lat' dir='ltr'><strong>coelestium</strong></span> <span class='ocrx_word' id='word_1_58' title='bbox 571 1529 729 1592; x_wconf 86' lang='lat' dir='ltr'><strong>consistit.</strong></span> <span class='ocrx_word' id='word_1_59' title='bbox 762 1528 807 1592; x_wconf 91' lang='lat' dir='ltr'><strong>Et</strong></span> <span class='ocrx_word' id='word_1_60' title='bbox 819 1536 951 1610; x_wconf 90' lang='lat' dir='ltr'><strong>praeter</strong></span> <span class='ocrx_word' id='word_1_61' title='bbox 962 1525 1278 1589; x_wconf 83' lang='lat' dir='ltr'><strong>demonstrationem</strong></span> <span class='ocrx_word' id='word_1_62' title='bbox 1291 1522 1513 1606; x_wconf 88' lang='lat' dir='ltr'><strong>praesentium</strong></span> 
     </span>
     <span class='ocr_line' id='line_1_10' title="bbox 362 1628 1514 1713; baseline -0.002 -24"><span class='ocrx_word' id='word_1_63' title='bbox 362 1628 463 1692; x_wconf 88' lang='lat' dir='ltr'><strong>habet</strong></span> <span class='ocrx_word' id='word_1_64' title='bbox 481 1635 735 1713; x_wconf 88' lang='lat' dir='ltr'><strong>praeteritorum</strong></span> <span class='ocrx_word' id='word_1_65' title='bbox 751 1632 928 1694; x_wconf 77' lang='lat' dir='ltr'><strong>narrationi</strong></span> <span class='ocrx_word' id='word_1_66' title='bbox 945 1630 1053 1694; x_wconf 90' lang='lat' dir='ltr'><strong>simile</strong></span> <span class='ocrx_word' id='word_1_67' title='bbox 1068 1629 1206 1712; x_wconf 90' lang='lat' dir='ltr'><strong>aliquid,</strong></span> <span class='ocrx_word' id='word_1_68' title='bbox 1221 1649 1262 1692; x_wconf 92' lang='lat' dir='ltr'><strong>eo</strong></span> <span class='ocrx_word' id='word_1_69' title='bbox 1278 1628 1369 1710; x_wconf 92' lang='lat' dir='ltr'><strong>quod</strong></span> <span class='ocrx_word' id='word_1_70' title='bbox 1384 1647 1405 1690; x_wconf 89' lang='lat' dir='ltr'><strong>a</strong></span> <span class='ocrx_word' id='word_1_71' title='bbox 1420 1645 1514 1708; x_wconf 88' lang='lat' dir='ltr'><strong>prae·</strong></span> 
     </span>
     <span class='ocr_line' id='line_1_11' title="bbox 361 1730 1515 1818; baseline 0 -25"><span class='ocrx_word' id='word_1_72' title='bbox 361 1733 445 1795; x_wconf 88' lang='lat' dir='ltr'><strong>senti</strong></span> <span class='ocrx_word' id='word_1_73' title='bbox 462 1736 650 1818; x_wconf 86' lang='lat' dir='ltr'><strong>cognitione</strong></span> <span class='ocrx_word' id='word_1_74' title='bbox 667 1747 824 1817; x_wconf 89' lang='lat' dir='ltr'><strong>motuque</strong></span> <span class='ocrx_word' id='word_1_75' title='bbox 840 1736 984 1799; x_wconf 91' lang='lat' dir='ltr'><strong>siderum</strong></span> <span class='ocrx_word' id='word_1_76' title='bbox 1004 1735 1036 1796; x_wconf 91' lang='lat' dir='ltr'><strong>in</strong></span> <span class='ocrx_word' id='word_1_77' title='bbox 1053 1735 1229 1816; x_wconf 88' lang='lat' dir='ltr'><strong>praeterita</strong></span> <span class='ocrx_word' id='word_1_78' title='bbox 1244 1752 1358 1796; x_wconf 92' lang='lat' dir='ltr'><strong>eorum</strong></span> <span class='ocrx_word' id='word_1_79' title='bbox 1373 1730 1515 1810; x_wconf 88' lang='lat' dir='ltr'><strong>vestigia</strong></span> 
     </span>
     <span class='ocr_line' id='line_1_12' title="bbox 361 1833 1514 1919; baseline 0 -23"><span class='ocrx_word' id='word_1_80' title='bbox 361 1836 552 1918; x_wconf 83' lang='lat' dir='ltr'><strong>regulariter</strong></span> <span class='ocrx_word' id='word_1_81' title='bbox 566 1840 642 1904; x_wconf 92' lang='lat' dir='ltr'><strong>licet</strong></span> <span class='ocrx_word' id='word_1_82' title='bbox 659 1859 833 1905; x_wconf 90' lang='lat' dir='ltr'><strong>recurrere.</strong></span> <span class='ocrx_word' id='word_1_83' title='bbox 879 1839 993 1903; x_wconf 90' lang='lat' dir='ltr'><strong>Habet</strong></span> <span class='ocrx_word' id='word_1_84' title='bbox 1008 1839 1109 1902; x_wconf 87' lang='lat' dir='ltr'><strong>etiam</strong></span> <span class='ocrx_word' id='word_1_85' title='bbox 1126 1836 1292 1919; x_wconf 85' lang='lat' dir='ltr'><strong>regulares</strong></span> <span class='ocrx_word' id='word_1_86' title='bbox 1306 1833 1514 1916; x_wconf 87' lang='lat' dir='ltr'><strong>conjecturas</strong></span> 
     </span>
     <span class='ocr_line' id='line_1_13' title="bbox 361 1933 1512 2026; baseline 0 -24"><span class='ocrx_word' id='word_1_87' title='bbox 361 1939 545 2006; x_wconf 84' lang='lat' dir='ltr'><strong>futurorum</strong></span> <span class='ocrx_word' id='word_1_88' title='bbox 569 1965 635 2008; x_wconf 95' lang='lat' dir='ltr'><strong>non</strong></span> <span class='ocrx_word' id='word_1_89' title='bbox 658 1945 857 2026; x_wconf 89' lang='lat' dir='ltr'><strong>suspiciosas</strong></span> <span class='ocrx_word' id='word_1_90' title='bbox 880 1952 915 2008; x_wconf 87' lang='lat' dir='ltr'><strong>et</strong></span> <span class='ocrx_word' id='word_1_91' title='bbox 936 1944 1113 2020; x_wconf 90' lang='lat' dir='ltr'><strong>ominosas,</strong></span> <span class='ocrx_word' id='word_1_92' title='bbox 1136 1943 1195 2005; x_wconf 90' lang='lat' dir='ltr'><strong>sed</strong></span> <span class='ocrx_word' id='word_1_93' title='bbox 1219 1950 1307 2004; x_wconf 90' lang='lat' dir='ltr'><strong>ratas</strong></span> <span class='ocrx_word' id='word_1_94' title='bbox 1328 1951 1362 2004; x_wconf 90' lang='lat' dir='ltr'><strong>et</strong></span> <span class='ocrx_word' id='word_1_95' title='bbox 1386 1933 1512 2014; x_wconf 65' lang='lat' dir='ltr'><strong>certas}</strong></span> 
     </span>
    </p>
   </div>
   <div class='ocr_carea' id='block_1_3' title="bbox 256 2043 1514 2232">
    <p class='ocr_par' dir='ltr' id='par_1_3' title="bbox 256 2043 1514 2232">
     <span class='ocr_line' id='line_1_14' title="bbox 279 2043 1514 2126; baseline -0.002 -19"><span class='ocrx_word' id='word_1_96' title='bbox 279 2079 288 2090; x_wconf 93' lang='lat'><strong>·</strong></span> <span class='ocrx_word' id='word_1_97' title='bbox 361 2055 397 2110; x_wconf 93' lang='lat' dir='ltr'><strong>ut</strong></span> <span class='ocrx_word' id='word_1_98' title='bbox 412 2047 468 2110; x_wconf 90' lang='lat' dir='ltr'><strong>ait.</strong></span> <span class='ocrx_word' id='word_1_99' title='bbox 527 2047 572 2110; x_wconf 88' lang='lat' dir='ltr'><strong>Et</strong></span> <span class='ocrx_word' id='word_1_100' title='bbox 588 2068 663 2111; x_wconf 92' lang='lat' dir='ltr'><strong>cum</strong></span> <span class='ocrx_word' id='word_1_101' title='bbox 680 2049 726 2112; x_wconf 95' lang='lat' dir='ltr'><strong>sic</strong></span> <span class='ocrx_word' id='word_1_102' title='bbox 741 2049 886 2112; x_wconf 89' lang='lat' dir='ltr'><strong>sentiant</strong></span> <span class='ocrx_word' id='word_1_103' title='bbox 902 2048 1006 2112; x_wconf 90' lang='lat' dir='ltr'><strong>sancti</strong></span> <span class='ocrx_word' id='word_1_104' title='bbox 1023 2048 1066 2110; x_wconf 94' lang='lat' dir='ltr'><strong>de</strong></span> <span class='ocrx_word' id='word_1_105' title='bbox 1081 2046 1187 2109; x_wconf 91' lang='lat' dir='ltr'><strong>tribus</strong></span> <span class='ocrx_word' id='word_1_106' title='bbox 1202 2045 1352 2126; x_wconf 90' lang='lat' dir='ltr'><strong>partibus</strong></span> <span class='ocrx_word' id='word_1_107' title='bbox 1373 2043 1514 2126; x_wconf 91' lang='lat' dir='ltr'><strong>posteri·</strong></span> 
     </span>
     <span class='ocr_line' id='line_1_15' title="bbox 256 2147 1513 2232; baseline -0.002 -19"><span class='ocrx_word' id='word_1_108' title='bbox 256 2157 279 2181; x_wconf 88' lang='grc'><strong>·”</strong></span> <span class='ocrx_word' id='word_1_109' title='bbox 359 2150 472 2214; x_wconf 91' lang='lat' dir='ltr'><strong>oribus</strong></span> <span class='ocrx_word' id='word_1_110' title='bbox 494 2152 758 2230; x_wconf 88' lang='lat' dir='ltr'><strong>mathematicae,</strong></span> <span class='ocrx_word' id='word_1_111' title='bbox 777 2173 910 2217; x_wconf 90' lang='lat' dir='ltr'><strong>necesse</strong></span> <span class='ocrx_word' id='word_1_112' title='bbox 932 2162 983 2215; x_wconf 91' lang='lat' dir='ltr'><strong>est</strong></span> <span class='ocrx_word' id='word_1_113' title='bbox 1004 2172 1063 2215; x_wconf 89' lang='lat' dir='ltr'><strong>eos</strong></span> <span class='ocrx_word' id='word_1_114' title='bbox 1084 2152 1127 2214; x_wconf 89' lang='lat' dir='ltr'><strong>de</strong></span> <span class='ocrx_word' id='word_1_115' title='bbox 1152 2158 1246 2232; x_wconf 90' lang='lat' dir='ltr'><strong>parte</strong></span> <span class='ocrx_word' id='word_1_116' title='bbox 1268 2149 1375 2230; x_wconf 91' lang='lat' dir='ltr'><strong>prima</strong></span> <span class='ocrx_word' id='word_1_117' title='bbox 1398 2147 1513 2211; x_wconf 88' lang='lat' dir='ltr'><strong>lauda-</strong></span> 
     </span>
    </p>
   </div>
   <div class='ocr_carea' id='block_1_4' title="bbox 188 3189 333 3563">
    <p class='ocr_par' dir='ltr' id='par_1_4' title="bbox 188 3189 333 3563">
     <span class='ocr_line' id='line_1_16' title="bbox 190 3189 266 3236; baseline 0 -1"><span class='ocrx_word' id='word_1_118' title='bbox 190 3189 266 3236; x_wconf 71' lang='lat' dir='ltr'><strong>Seven</strong></span> 
     </span>
     <span class='ocr_line' id='line_1_17' title="bbox 188 3254 333 3317; baseline 0.021 -18"><span class='ocrx_word' id='word_1_119' title='bbox 188 3262 297 3317; x_wconf 71' lang='lat' dir='ltr'><strong>respecta</strong></span> <span class='ocrx_word' id='word_1_120' title='bbox 309 3254 333 3302; x_wconf 92' lang='lat' dir='ltr'><strong>in</strong></span> 
     </span>
     <span class='ocr_line' id='line_1_18' title="bbox 189 3318 271 3368; baseline 0.012 -4"><span class='ocrx_word' id='word_1_121' title='bbox 189 3333 210 3364; x_wconf 90' lang='lat' dir='ltr'><strong>u</strong></span> <span class='ocrx_word' id='word_1_122' title='bbox 198 3318 271 3368; x_wconf 79' lang='lat' dir='ltr'><strong>rhich</strong></span> 
     </span>
     <span class='ocr_line' id='line_1_19' title="bbox 191 3384 284 3433; baseline 0.037 -3"><span class='ocrx_word' id='word_1_123' title='bbox 191 3384 284 3433; x_wconf 84' lang='lat' dir='ltr'><strong>muthe-</strong></span> 
     </span>
     <span class='ocr_line' id='line_1_20' title="bbox 189 3450 329 3499; baseline 0.021 -3"><span class='ocrx_word' id='word_1_124' title='bbox 189 3450 277 3499; x_wconf 82' lang='lat' dir='ltr'><strong>matics</strong></span> <span class='ocrx_word' id='word_1_125' title='bbox 287 3466 329 3499; x_wconf 82' lang='lat' dir='ltr'><strong>are</strong></span> 
     </span>
     <span class='ocr_line' id='line_1_21' title="bbox 190 3514 307 3563; baseline 0.017 -2"><span class='ocrx_word' id='word_1_126' title='bbox 190 3514 218 3562; x_wconf 86' lang='lat' dir='ltr'><strong>ol</strong></span> <span class='ocrx_word' id='word_1_127' title='bbox 227 3531 270 3563; x_wconf 89' lang='lat' dir='ltr'><strong>use</strong></span> <span class='ocrx_word' id='word_1_128' title='bbox 281 3524 307 3563; x_wconf 90' lang='lat' dir='ltr'><strong>to</strong></span> 
     </span>
    </p>
   </div>
   <div class='ocr_carea' id='block_1_5' title="bbox 189 3578 335 3707">
    <p class='ocr_par' dir='ltr' id='par_1_5' title="bbox 189 3578 324 3707">
     <span class='ocr_line' id='line_1_22' title="bbox 189 3578 317 3643; baseline 0.025 -17"><span class='ocrx_word' id='word_1_129' title='bbox 189 3578 258 3627; x_wconf 86' lang='lat' dir='ltr'><strong>theol</strong></span> <span class='ocrx_word' id='word_1_130' title='bbox 218 3580 317 3643; x_wconf 85' lang='lat' dir='ltr'><strong>eol.ogy</strong></span> 
     </span>
     <span class='ocr_line' id='line_1_23' title="bbox 191 3646 335 3707; baseline 0 -15"><span class='ocrx_word' id='word_1_131' title='bbox 191 3647 213 3706; x_wconf 85' lang='lat'><strong>(1</strong></span> <span class='ocrx_word' id='word_1_132' title='bbox 219 3648 228 3707; x_wconf 85' lang='grc'>)</span> <span class='ocrx_word' id='word_1_133' title='bbox 205 3646 335 3694; x_wconf 87' lang='lat' dir='ltr'><strong>Know</strong></span> 
     </span>
    </p>
   </div>
   <div class='ocr_carea' id='block_1_6' title="bbox 356 2251 1513 3689">
    <p class='ocr_par' dir='ltr' id='par_1_6' title="bbox 357 2251 1513 3171">
     <span class='ocr_line' id='line_1_24' title="bbox 359 2251 1512 2339; baseline -0.003 -23"><span class='ocrx_word' id='word_1_134' title='bbox 359 2253 468 2319; x_wconf 93' lang='lat' dir='ltr'><strong>biliter</strong></span> <span class='ocrx_word' id='word_1_135' title='bbox 490 2258 620 2335; x_wconf 90' lang='lat' dir='ltr'><strong>sentire,</strong></span> <span class='ocrx_word' id='word_1_136' title='bbox 644 2277 730 2339; x_wconf 90' lang='lat' dir='ltr'><strong>quae</strong></span> <span class='ocrx_word' id='word_1_137' title='bbox 753 2257 878 2322; x_wconf 90' lang='lat' dir='ltr'><strong>scilicet</strong></span> <span class='ocrx_word' id='word_1_138' title='bbox 904 2267 955 2320; x_wconf 88' lang='lat' dir='ltr'><strong>est</strong></span> <span class='ocrx_word' id='word_1_139' title='bbox 984 2254 1176 2338; x_wconf 84' lang='lat' dir='ltr'><strong>geometria.</strong></span> <span class='ocrx_word' id='word_1_140' title='bbox 1223 2253 1279 2314; x_wconf 88' lang='lat' dir='ltr'><strong>Ex</strong></span> <span class='ocrx_word' id='word_1_141' title='bbox 1301 2251 1401 2334; x_wconf 90' lang='lat' dir='ltr'><strong>hujus</strong></span> <span class='ocrx_word' id='word_1_142' title='bbox 1422 2251 1512 2314; x_wconf 91' lang='lat' dir='ltr'><strong>enim</strong></span> 
     </span>
     <span class='ocr_line' id='line_1_25' title="bbox 361 2355 1513 2443; baseline -0.004 -22"><span class='ocrx_word' id='word_1_143' title='bbox 361 2360 478 2422; x_wconf 86' lang='lat' dir='ltr'><strong>notitia</strong></span> <span class='ocrx_word' id='word_1_144' title='bbox 498 2370 649 2425; x_wconf 88' lang='lat' dir='ltr'><strong>caeterae</strong></span> <span class='ocrx_word' id='word_1_145' title='bbox 671 2362 868 2443; x_wconf 88' lang='lat' dir='ltr'><strong>dependent,</strong></span> <span class='ocrx_word' id='word_1_146' title='bbox 888 2379 964 2422; x_wconf 94' lang='lat' dir='ltr'><strong>cum</strong></span> <span class='ocrx_word' id='word_1_147' title='bbox 988 2360 1095 2442; x_wconf 93' lang='lat' dir='ltr'><strong>prima</strong></span> <span class='ocrx_word' id='word_1_148' title='bbox 1117 2357 1161 2420; x_wconf 93' lang='lat' dir='ltr'><strong>sit</strong></span> <span class='ocrx_word' id='word_1_149' title='bbox 1182 2357 1330 2420; x_wconf 90' lang='lat' dir='ltr'><strong>omnium</strong></span> <span class='ocrx_word' id='word_1_150' title='bbox 1354 2367 1388 2420; x_wconf 90' lang='lat' dir='ltr'><strong>et</strong></span> <span class='ocrx_word' id='word_1_151' title='bbox 1415 2355 1513 2417; x_wconf 92' lang='lat' dir='ltr'><strong>radix</strong></span> 
     </span>
     <span class='ocr_line' id='line_1_26' title="bbox 359 2453 1512 2547; baseline -0.004 -22"><span class='ocrx_word' id='word_1_152' title='bbox 359 2472 573 2527; x_wconf 90' lang='lat' dir='ltr'><strong>caeterarum.</strong></span> <span class='ocrx_word' id='word_1_153' title='bbox 620 2465 673 2528; x_wconf 89' lang='lat' dir='ltr'><strong>De</strong></span> <span class='ocrx_word' id='word_1_154' title='bbox 700 2464 793 2547; x_wconf 88' lang='lat' dir='ltr'><strong>cujus</strong></span> <span class='ocrx_word' id='word_1_155' title='bbox 817 2453 915 2528; x_wconf 89' lang='lat' dir='ltr'><strong>laude</strong></span> <span class='ocrx_word' id='word_1_156' title='bbox 938 2463 1084 2527; x_wconf 89' lang='lat' dir='ltr'><strong>scribens</strong></span> <span class='ocrx_word' id='word_1_157' title='bbox 1109 2461 1326 2526; x_wconf 80' lang='lat' dir='ltr'><strong>Cassiodorus</strong></span> <span class='ocrx_word' id='word_1_158' title='bbox 1347 2461 1396 2524; x_wconf 91' lang='lat' dir='ltr'><strong>sic</strong></span> <span class='ocrx_word' id='word_1_159' title='bbox 1420 2459 1512 2535; x_wconf 92' lang='lat' dir='ltr'><strong>dicit,</strong></span> 
     </span>
     <span class='ocr_line' id='line_1_27' title="bbox 361 2565 1512 2650; baseline -0.003 -22"><span class='ocrx_word' id='word_1_160' title='bbox 361 2566 513 2631; x_wconf 89' lang='lat' dir='ltr'><strong>‘Etenim</strong></span> <span class='ocrx_word' id='word_1_161' title='bbox 537 2568 564 2632; x_wconf 93' lang='lat' dir='ltr'><strong>si</strong></span> <span class='ocrx_word' id='word_1_162' title='bbox 587 2568 638 2633; x_wconf 87' lang='lat' dir='ltr'><strong>fas</strong></span> <span class='ocrx_word' id='word_1_163' title='bbox 661 2579 711 2632; x_wconf 92' lang='lat' dir='ltr'><strong>est</strong></span> <span class='ocrx_word' id='word_1_164' title='bbox 732 2569 851 2646; x_wconf 90' lang='lat' dir='ltr'><strong>dicere,</strong></span> <span class='ocrx_word' id='word_1_165' title='bbox 866 2578 979 2632; x_wconf 91' lang='lat' dir='ltr'><strong>sancta</strong></span> <span class='ocrx_word' id='word_1_166' title='bbox 997 2567 1162 2642; x_wconf 85' lang='lat' dir='ltr'><strong>divinitas,</strong></span> <span class='ocrx_word' id='word_1_167' title='bbox 1183 2565 1319 2648; x_wconf 92' lang='lat' dir='ltr'><strong>quando</strong></span> <span class='ocrx_word' id='word_1_168' title='bbox 1335 2575 1512 2650; x_wconf 40' lang='lat' dir='ltr'><strong>,creaturae</strong></span> 
     </span>
     <span class='ocr_line' id='line_1_28' title="bbox 360 2669 1511 2755; baseline -0.001 -24"><span class='ocrx_word' id='word_1_169' title='bbox 360 2690 439 2734; x_wconf 90' lang='lat' dir='ltr'><strong>suae</strong></span> <span class='ocrx_word' id='word_1_170' title='bbox 472 2672 618 2737; x_wconf 86' lang='lat' dir='ltr'><strong>diversas</strong></span> <span class='ocrx_word' id='word_1_171' title='bbox 648 2673 774 2755; x_wconf 88' lang='lat' dir='ltr'><strong>species</strong></span> <span class='ocrx_word' id='word_1_172' title='bbox 808 2672 1035 2755; x_wconf 86' lang='lat' dir='ltr'><strong>formulasque</strong></span> <span class='ocrx_word' id='word_1_173' title='bbox 1063 2669 1203 2743; x_wconf 90' lang='lat' dir='ltr'><strong>dederit,</strong></span> <span class='ocrx_word' id='word_1_174' title='bbox 1231 2670 1367 2751; x_wconf 88' lang='lat' dir='ltr'><strong>quando</strong></span> <span class='ocrx_word' id='word_1_175' title='bbox 1395 2688 1511 2733; x_wconf 87' lang='lat' dir='ltr'><strong>cursus</strong></span> 
     </span>
     <span class='ocr_line' id='line_1_29' title="bbox 357 2763 1512 2859; baseline -0.001 -21"><span class='ocrx_word' id='word_1_176' title='bbox 357 2763 530 2838; x_wconf 88' lang='lat' dir='ltr'><strong>stellarum</strong></span> <span class='ocrx_word' id='word_1_177' title='bbox 546 2778 697 2859; x_wconf 90' lang='lat' dir='ltr'><strong>potentia</strong></span> <span class='ocrx_word' id='word_1_178' title='bbox 711 2780 900 2841; x_wconf 86' lang='lat' dir='ltr'><strong>veneranda</strong></span> <span class='ocrx_word' id='word_1_179' title='bbox 920 2777 1086 2842; x_wconf 88' lang='lat' dir='ltr'><strong>distribuit</strong></span> <span class='ocrx_word' id='word_1_180' title='bbox 1107 2786 1142 2838; x_wconf 92' lang='lat' dir='ltr'><strong>et</strong></span> <span class='ocrx_word' id='word_1_181' title='bbox 1160 2774 1294 2838; x_wconf 91' lang='lat' dir='ltr'><strong>statutis</strong></span> <span class='ocrx_word' id='word_1_182' title='bbox 1318 2774 1413 2837; x_wconf 92' lang='lat' dir='ltr'><strong>lineis</strong></span> <span class='ocrx_word' id='word_1_183' title='bbox 1432 2773 1512 2837; x_wconf 84' lang='lat' dir='ltr'><strong>lacit</strong></span> 
     </span>
     <span class='ocr_line' id='line_1_30' title="bbox 359 2876 1511 2964; baseline 0 -24"><span class='ocrx_word' id='word_1_184' title='bbox 359 2897 487 2943; x_wconf 89' lang='lat' dir='ltr'><strong>currere</strong></span> <span class='ocrx_word' id='word_1_185' title='bbox 499 2900 585 2961; x_wconf 85' lang='lat' dir='ltr'><strong>quae</strong></span> <span class='ocrx_word' id='word_1_186' title='bbox 597 2891 779 2955; x_wconf 88' lang='lat' dir='ltr'><strong>moventur,</strong></span> <span class='ocrx_word' id='word_1_187' title='bbox 789 2893 947 2964; x_wconf 90' lang='lat' dir='ltr'><strong>certaque</strong></span> <span class='ocrx_word' id='word_1_188' title='bbox 961 2883 1042 2944; x_wconf 87' lang='lat' dir='ltr'><strong>sede</strong></span> <span class='ocrx_word' id='word_1_189' title='bbox 1056 2887 1230 2962; x_wconf 92' lang='lat' dir='ltr'><strong>quaesunt</strong></span> <span class='ocrx_word' id='word_1_190' title='bbox 1246 2877 1317 2941; x_wconf 86' lang='lat' dir='ltr'><strong>fixa</strong></span> <span class='ocrx_word' id='word_1_191' title='bbox 1327 2876 1511 2954; x_wconf 89' lang='lat' dir='ltr'><strong>constituit,</strong></span> 
     </span>
     <span class='ocr_line' id='line_1_31' title="bbox 358 2979 1511 3067; baseline 0.002 -25"><span class='ocrx_word' id='word_1_192' title='bbox 358 2981 516 3064; x_wconf 74' lang='lat' dir='ltr'><strong>quicquid</strong></span> <span class='ocrx_word' id='word_1_193' title='bbox 533 2984 619 3045; x_wconf 90' lang='lat' dir='ltr'><strong>bene</strong></span> <span class='ocrx_word' id='word_1_194' title='bbox 634 2984 818 3067; x_wconf 91' lang='lat' dir='ltr'><strong>disponitur</strong></span> <span class='ocrx_word' id='word_1_195' title='bbox 828 3003 868 3048; x_wconf 92' lang='lat' dir='ltr'><strong>ac</strong></span> <span class='ocrx_word' id='word_1_196' title='bbox 881 2983 1075 3067; x_wconf 87' lang='lat' dir='ltr'><strong>completur,</strong></span> <span class='ocrx_word' id='word_1_197' title='bbox 1086 2991 1197 3067; x_wconf 89' lang='lat' dir='ltr'><strong>potest</strong></span> <span class='ocrx_word' id='word_1_198' title='bbox 1209 2979 1400 3064; x_wconf 89' lang='lat' dir='ltr'><strong>disciplinae</strong></span> <span class='ocrx_word' id='word_1_199' title='bbox 1412 2979 1511 3061; x_wconf 88' lang='lat' dir='ltr'><strong>hujus</strong></span> 
     </span>
     <span class='ocr_line' id='line_1_32' title="bbox 358 3085 766 3171; baseline 0.002 -22"><span class='ocrx_word' id='word_1_200' title='bbox 358 3086 572 3167; x_wconf 86' lang='lat' dir='ltr'><strong>qualitatibus</strong></span> <span class='ocrx_word' id='word_1_201' title='bbox 587 3085 766 3171; x_wconf 67' lang='lat' dir='ltr'><strong>applicari!</strong></span> 
     </span>
    </p>

    <p class='ocr_par' dir='ltr' id='par_1_7' title="bbox 356 3189 1511 3689">
     <span class='ocr_line' id='line_1_33' title="bbox 402 3189 1511 3274; baseline -0.002 -21"><span class='ocrx_word' id='word_1_202' title='bbox 402 3190 449 3254; x_wconf 89' lang='lat' dir='ltr'><strong>Et</strong></span> <span class='ocrx_word' id='word_1_203' title='bbox 470 3192 498 3253; x_wconf 90' lang='lat' dir='ltr'><strong>si</strong></span> <span class='ocrx_word' id='word_1_204' title='bbox 515 3190 653 3255; x_wconf 91' lang='lat' dir='ltr'><strong>velimus</strong></span> <span class='ocrx_word' id='word_1_205' title='bbox 673 3194 873 3257; x_wconf 89' lang='lat' dir='ltr'><strong>descendere</strong></span> <span class='ocrx_word' id='word_1_206' title='bbox 897 3193 940 3255; x_wconf 92' lang='lat' dir='ltr'><strong>ad</strong></span> <span class='ocrx_word' id='word_1_207' title='bbox 966 3190 1099 3274; x_wconf 91' lang='lat' dir='ltr'><strong>propria</strong></span> <span class='ocrx_word' id='word_1_208' title='bbox 1121 3190 1223 3255; x_wconf 92' lang='lat' dir='ltr'><strong>studii</strong></span> <span class='ocrx_word' id='word_1_209' title='bbox 1246 3189 1437 3272; x_wconf 85' lang='lat' dir='ltr'><strong>theologiae</strong></span> <span class='ocrx_word' id='word_1_210' title='bbox 1460 3190 1511 3251; x_wconf 89' lang='lat' dir='ltr'><strong>in·</strong></span> 
     </span>
     <span class='ocr_line' id='line_1_34' title="bbox 356 3296 1510 3378; baseline 0 -22"><span class='ocrx_word' id='word_1_211' title='bbox 356 3296 525 3359; x_wconf 89' lang='lat' dir='ltr'><strong>veniemus</strong></span> <span class='ocrx_word' id='word_1_212' title='bbox 545 3297 814 3361; x_wconf 90' lang='lat' dir='ltr'><strong>mathematicam</strong></span> <span class='ocrx_word' id='word_1_213' title='bbox 833 3297 971 3361; x_wconf 93' lang='lat' dir='ltr'><strong>omnino</strong></span> <span class='ocrx_word' id='word_1_214' title='bbox 989 3297 1206 3359; x_wconf 90' lang='lat' dir='ltr'><strong>necessariam</strong></span> <span class='ocrx_word' id='word_1_215' title='bbox 1223 3303 1359 3378; x_wconf 91' lang='lat' dir='ltr'><strong>propter</strong></span> <span class='ocrx_word' id='word_1_216' title='bbox 1380 3302 1510 3376; x_wconf 93' lang='lat' dir='ltr'><strong>septem</strong></span> 
     </span>
     <span class='ocr_line' id='line_1_35' title="bbox 358 3398 1510 3483; baseline -0.001 -22"><span class='ocrx_word' id='word_1_217' title='bbox 358 3419 498 3483; x_wconf 89' lang='lat' dir='ltr'><strong>magnas</strong></span> <span class='ocrx_word' id='word_1_218' title='bbox 510 3420 634 3465; x_wconf 90' lang='lat' dir='ltr'><strong>causas.</strong></span> <span class='ocrx_word' id='word_1_219' title='bbox 674 3402 753 3465; x_wconf 92' lang='lat' dir='ltr'><strong>Una</strong></span> <span class='ocrx_word' id='word_1_220' title='bbox 767 3412 817 3463; x_wconf 93' lang='lat' dir='ltr'><strong>est</strong></span> <span class='ocrx_word' id='word_1_221' title='bbox 832 3402 951 3465; x_wconf 92' lang='lat' dir='ltr'><strong>notitia</strong></span> <span class='ocrx_word' id='word_1_222' title='bbox 967 3401 1158 3466; x_wconf 91' lang='lat' dir='ltr'><strong>coelestium</strong></span> <span class='ocrx_word' id='word_1_223' title='bbox 1174 3420 1300 3473; x_wconf 90' lang='lat' dir='ltr'><strong>rerum;</strong></span> <span class='ocrx_word' id='word_1_224' title='bbox 1323 3398 1405 3461; x_wconf 92' lang='lat' dir='ltr'><strong>nihil</strong></span> <span class='ocrx_word' id='word_1_225' title='bbox 1420 3398 1510 3461; x_wconf 88' lang='lat' dir='ltr'><strong>enim</strong></span> 
     </span>
     <span class='ocr_line' id='line_1_36' title="bbox 357 3503 1510 3587; baseline -0.001 -21"><span class='ocrx_word' id='word_1_226' title='bbox 357 3513 406 3566; x_wconf 89' lang='lat' dir='ltr'><strong>est</strong></span> <span class='ocrx_word' id='word_1_227' title='bbox 436 3506 483 3568; x_wconf 88' lang='lat' dir='ltr'><strong>ita</strong></span> <span class='ocrx_word' id='word_1_228' title='bbox 507 3505 706 3568; x_wconf 91' lang='lat' dir='ltr'><strong>conveniens</strong></span> <span class='ocrx_word' id='word_1_229' title='bbox 732 3505 923 3587; x_wconf 86' lang='lat' dir='ltr'><strong>theologiae</strong></span> <span class='ocrx_word' id='word_1_230' title='bbox 946 3516 981 3568; x_wconf 93' lang='lat' dir='ltr'><strong>et</strong></span> <span class='ocrx_word' id='word_1_231' title='bbox 1007 3504 1079 3585; x_wconf 90' lang='lat' dir='ltr'><strong>ejus</strong></span> <span class='ocrx_word' id='word_1_232' title='bbox 1108 3504 1357 3585; x_wconf 80' lang='lat' dir='ltr'><strong>professoribus.</strong></span> <span class='ocrx_word' id='word_1_233' title='bbox 1418 3503 1510 3567; x_wconf 89' lang='lat' dir='ltr'><strong>Nam</strong></span> 
     </span>
     <span class='ocr_line' id='line_1_37' title="bbox 357 3606 1511 3689; baseline 0.002 -20"><span class='ocrx_word' id='word_1_234' title='bbox 357 3606 524 3689; x_wconf 87' lang='lat' dir='ltr'><strong>theologia</strong></span> <span class='ocrx_word' id='word_1_235' title='bbox 540 3620 589 3672; x_wconf 91' lang='lat' dir='ltr'><strong>est</strong></span> <span class='ocrx_word' id='word_1_236' title='bbox 601 3608 752 3673; x_wconf 90' lang='lat' dir='ltr'><strong>coelestis</strong></span> <span class='ocrx_word' id='word_1_237' title='bbox 765 3611 941 3684; x_wconf 85' lang='lat' dir='ltr'><strong>divinitus3</strong></span> <span class='ocrx_word' id='word_1_238' title='bbox 965 3618 998 3674; x_wconf 91' lang='lat' dir='ltr'><strong>et</strong></span> <span class='ocrx_word' id='word_1_239' title='bbox 1014 3610 1090 3672; x_wconf 90' lang='lat' dir='ltr'><strong>ideo</strong></span> <span class='ocrx_word' id='word_1_240' title='bbox 1105 3608 1194 3672; x_wconf 88' lang='lat' dir='ltr'><strong>nulla</strong></span> <span class='ocrx_word' id='word_1_241' title='bbox 1209 3608 1347 3672; x_wconf 89' lang='lat' dir='ltr'><strong>scientia</strong></span> <span class='ocrx_word' id='word_1_242' title='bbox 1362 3606 1511 3671; x_wconf 90' lang='lat' dir='ltr'><strong>humana</strong></span> 
     </span>
    </p>
   </div>
   <div class='ocr_carea' id='block_1_7' title="bbox 189 3710 1511 3793">
    <p class='ocr_par' dir='ltr' id='par_1_8' title="bbox 189 3710 1511 3793">
     <span class='ocr_line' id='line_1_38' title="bbox 189 3710 1511 3793; baseline 0.002 -20"><span class='ocrx_word' id='word_1_243' title='bbox 189 3710 296 3773; x_wconf 77' lang='lat' dir='ltr'><strong>redgeot</strong></span> <span class='ocrx_word' id='word_1_244' title='bbox 301 3710 343 3759; x_wconf 84' lang='lat' dir='ltr'><strong>the</strong></span> <span class='ocrx_word' id='word_1_245' title='bbox 356 3712 559 3790; x_wconf 77' lang='lat' dir='ltr'><strong>speculativa</strong></span> <span class='ocrx_word' id='word_1_246' title='bbox 588 3714 764 3777; x_wconf 91' lang='lat' dir='ltr'><strong>conveniet</strong></span> <span class='ocrx_word' id='word_1_247' title='bbox 788 3714 817 3775; x_wconf 91' lang='lat' dir='ltr'><strong>ei</strong></span> <span class='ocrx_word' id='word_1_248' title='bbox 848 3715 881 3776; x_wconf 93' lang='lat' dir='ltr'><strong>in</strong></span> <span class='ocrx_word' id='word_1_249' title='bbox 906 3723 1037 3776; x_wconf 88' lang='lat' dir='ltr'><strong>tantum</strong></span> <span class='ocrx_word' id='word_1_250' title='bbox 1061 3714 1148 3776; x_wconf 90' lang='lat' dir='ltr'><strong>sicut</strong></span> <span class='ocrx_word' id='word_1_251' title='bbox 1172 3711 1333 3777; x_wconf 91' lang='lat' dir='ltr'><strong>coelestis.</strong></span> <span class='ocrx_word' id='word_1_252' title='bbox 1381 3712 1428 3775; x_wconf 91' lang='lat' dir='ltr'><strong>Et</strong></span> <span class='ocrx_word' id='word_1_253' title='bbox 1450 3732 1511 3793; x_wconf 89' lang='lat' dir='ltr'><strong>per</strong></span> 
     </span>
    </p>
   </div>
   <div class='ocr_carea' id='block_1_8' title="bbox 189 3774 304 3825">
    <p class='ocr_par' dir='ltr' id='par_1_9' title="bbox 189 3774 304 3825">
     <span class='ocr_line' id='line_1_39' title="bbox 189 3774 304 3825; baseline 0.009 -2"><span class='ocrx_word' id='word_1_254' title='bbox 189 3774 304 3825; x_wconf 44' lang='lat' dir='ltr'><strong>bearmeus</strong></span> 
     </span>
    </p>
   </div>
   <div class='ocr_carea' id='block_1_9' title="bbox 356 3815 1513 4724">
    <p class='ocr_par' dir='ltr' id='par_1_10' title="bbox 356 3815 1513 4724">
     <span class='ocr_line' id='line_1_40' title="bbox 356 3815 1509 3898; baseline 0.001 -21"><span class='ocrx_word' id='word_1_255' title='bbox 356 3822 463 3877; x_wconf 90' lang='lat' dir='ltr'><strong>totam</strong></span> <span class='ocrx_word' id='word_1_256' title='bbox 479 3816 674 3898; x_wconf 90' lang='lat' dir='ltr'><strong>scripturam</strong></span> <span class='ocrx_word' id='word_1_257' title='bbox 690 3838 709 3881; x_wconf 88' lang='lat' dir='ltr'><strong>a</strong></span> <span class='ocrx_word' id='word_1_258' title='bbox 725 3818 864 3881; x_wconf 90' lang='lat' dir='ltr'><strong>terrenis</strong></span> <span class='ocrx_word' id='word_1_259' title='bbox 880 3837 1072 3881; x_wconf 89' lang='lat' dir='ltr'><strong>revocamur</strong></span> <span class='ocrx_word' id='word_1_260' title='bbox 1086 3827 1119 3881; x_wconf 93' lang='lat' dir='ltr'><strong>et</strong></span> <span class='ocrx_word' id='word_1_261' title='bbox 1138 3819 1182 3880; x_wconf 94' lang='lat' dir='ltr'><strong>ad</strong></span> <span class='ocrx_word' id='word_1_262' title='bbox 1203 3815 1360 3880; x_wconf 89' lang='lat' dir='ltr'><strong>coelestia</strong></span> <span class='ocrx_word' id='word_1_263' title='bbox 1380 3816 1509 3881; x_wconf 84' lang='lat' dir='ltr'><strong>excita-</strong></span> 
     </span>
     <span class='ocr_line' id='line_1_41' title="bbox 357 3916 1511 4001; baseline 0.003 -23"><span class='ocrx_word' id='word_1_264' title='bbox 357 3936 440 3979; x_wconf 90' lang='lat' dir='ltr'><strong>mur.</strong></span> <span class='ocrx_word' id='word_1_265' title='bbox 486 3916 532 3982; x_wconf 93' lang='lat' dir='ltr'><strong>Et</strong></span> <span class='ocrx_word' id='word_1_266' title='bbox 554 3921 759 3984; x_wconf 89' lang='lat' dir='ltr'><strong>conversatio</strong></span> <span class='ocrx_word' id='word_1_267' title='bbox 781 3931 894 3985; x_wconf 91' lang='lat' dir='ltr'><strong>nostra</strong></span> <span class='ocrx_word' id='word_1_268' title='bbox 916 3921 1098 3984; x_wconf 90' lang='lat' dir='ltr'><strong>secundum</strong></span> <span class='ocrx_word' id='word_1_269' title='bbox 1120 3918 1324 4001; x_wconf 86' lang='lat' dir='ltr'><strong>Apostolum</strong></span> <span class='ocrx_word' id='word_1_270' title='bbox 1349 3921 1383 3983; x_wconf 92' lang='lat' dir='ltr'><strong>in</strong></span> <span class='ocrx_word' id='word_1_271' title='bbox 1405 3918 1511 3982; x_wconf 90' lang='lat' dir='ltr'><strong>coelis</strong></span> 
     </span>
     <span class='ocr_line' id='line_1_42' title="bbox 357 4022 1512 4108; baseline 0.005 -26"><span class='ocrx_word' id='word_1_272' title='bbox 357 4028 409 4083; x_wconf 92' lang='lat' dir='ltr'><strong>est</strong></span> <span class='ocrx_word' id='word_1_273' title='bbox 424 4022 450 4083; x_wconf 95' lang='lat' dir='ltr'><strong>si</strong></span> <span class='ocrx_word' id='word_1_274' title='bbox 466 4042 580 4084; x_wconf 91' lang='lat' dir='ltr'><strong>sumus</strong></span> <span class='ocrx_word' id='word_1_275' title='bbox 595 4043 673 4086; x_wconf 91' lang='lat' dir='ltr'><strong>vere</strong></span> <span class='ocrx_word' id='word_1_276' title='bbox 689 4023 875 4096; x_wconf 86' lang='lat' dir='ltr'><strong>Christiani,</strong></span> <span class='ocrx_word' id='word_1_277' title='bbox 892 4032 994 4106; x_wconf 89' lang='lat' dir='ltr'><strong>atque</strong></span> <span class='ocrx_word' id='word_1_278' title='bbox 1008 4025 1192 4108; x_wconf 89' lang='lat' dir='ltr'><strong>aspiramus</strong></span> <span class='ocrx_word' id='word_1_279' title='bbox 1207 4034 1241 4086; x_wconf 90' lang='lat' dir='ltr'><strong>et</strong></span> <span class='ocrx_word' id='word_1_280' title='bbox 1261 4024 1428 4087; x_wconf 91' lang='lat' dir='ltr'><strong>credimus</strong></span> <span class='ocrx_word' id='word_1_281' title='bbox 1448 4044 1512 4088; x_wconf 90' lang='lat' dir='ltr'><strong>uos</strong></span> 
     </span>
     <span class='ocr_line' id='line_1_43' title="bbox 357 4123 1513 4210; baseline 0.004 -24"><span class='ocrx_word' id='word_1_282' title='bbox 357 4123 425 4188; x_wconf 83' lang='lat' dir='ltr'><strong>lore</strong></span> <span class='ocrx_word' id='word_1_283' title='bbox 441 4143 612 4189; x_wconf 88' lang='lat' dir='ltr'><strong>mansuros</strong></span> <span class='ocrx_word' id='word_1_284' title='bbox 627 4127 839 4209; x_wconf 84' lang='lat' dir='ltr'><strong>corporaliter</strong></span> <span class='ocrx_word' id='word_1_285' title='bbox 860 4128 892 4191; x_wconf 91' lang='lat' dir='ltr'><strong>in</strong></span> <span class='ocrx_word' id='word_1_286' title='bbox 912 4128 1005 4192; x_wconf 92' lang='lat' dir='ltr'><strong>coelo</strong></span> <span class='ocrx_word' id='word_1_287' title='bbox 1024 4138 1058 4191; x_wconf 89' lang='lat' dir='ltr'><strong>et</strong></span> <span class='ocrx_word' id='word_1_288' title='bbox 1081 4138 1248 4209; x_wconf 89' lang='lat' dir='ltr'><strong>perpetue.</strong></span> <span class='ocrx_word' id='word_1_289' title='bbox 1295 4126 1513 4210; x_wconf 84' lang='lat' dir='ltr'><strong>Quapropter</strong></span> 
     </span>
     <span class='ocr_line' id='line_1_44' title="bbox 357 4226 1512 4313; baseline 0.006 -24"><span class='ocrx_word' id='word_1_290' title='bbox 357 4226 440 4290; x_wconf 91' lang='lat' dir='ltr'><strong>nihil</strong></span> <span class='ocrx_word' id='word_1_291' title='bbox 456 4229 591 4293; x_wconf 87' lang='lat' dir='ltr'><strong>deberet</strong></span> <span class='ocrx_word' id='word_1_292' title='bbox 606 4240 737 4294; x_wconf 90' lang='lat' dir='ltr'><strong>tantum</strong></span> <span class='ocrx_word' id='word_1_293' title='bbox 753 4232 863 4294; x_wconf 90' lang='lat' dir='ltr'><strong>sciria</strong></span> <span class='ocrx_word' id='word_1_294' title='bbox 879 4232 977 4293; x_wconf 92' lang='lat' dir='ltr'><strong>nobis</strong></span> <span class='ocrx_word' id='word_1_295' title='bbox 991 4233 1077 4294; x_wconf 89' lang='lat' dir='ltr'><strong>sicut</strong></span> <span class='ocrx_word' id='word_1_296' title='bbox 1092 4232 1231 4307; x_wconf 92' lang='lat' dir='ltr'><strong>coelum,</strong></span> <span class='ocrx_word' id='word_1_297' title='bbox 1250 4251 1311 4295; x_wconf 90' lang='lat' dir='ltr'><strong>nec</strong></span> <span class='ocrx_word' id='word_1_298' title='bbox 1329 4230 1459 4313; x_wconf 89' lang='lat' dir='ltr'><strong>aliquid</strong></span> <span class='ocrx_word' id='word_1_299' title='bbox 1476 4233 1512 4295; x_wconf 93' lang='lat' dir='ltr'><strong>in</strong></span> 
     </span>
     <span class='ocr_line' id='line_1_45' title="bbox 357 4330 1512 4418; baseline 0.005 -25"><span class='ocrx_word' id='word_1_300' title='bbox 357 4330 508 4395; x_wconf 91' lang='lat' dir='ltr'><strong>humanis</strong></span> <span class='ocrx_word' id='word_1_301' title='bbox 532 4344 662 4396; x_wconf 89' lang='lat' dir='ltr'><strong>tantum</strong></span> <span class='ocrx_word' id='word_1_302' title='bbox 694 4334 882 4397; x_wconf 88' lang='lat' dir='ltr'><strong>desiderari.</strong></span> <span class='ocrx_word' id='word_1_303' title='bbox 928 4334 975 4397; x_wconf 92' lang='lat' dir='ltr'><strong>Et</strong></span> <span class='ocrx_word' id='word_1_304' title='bbox 995 4336 1023 4397; x_wconf 92' lang='lat' dir='ltr'><strong>si</strong></span> <span class='ocrx_word' id='word_1_305' title='bbox 1046 4356 1108 4397; x_wconf 92' lang='lat' dir='ltr'><strong>nos</strong></span> <span class='ocrx_word' id='word_1_306' title='bbox 1130 4338 1315 4418; x_wconf 89' lang='lat' dir='ltr'><strong>gaudemus</strong></span> <span class='ocrx_word' id='word_1_307' title='bbox 1337 4357 1512 4418; x_wconf 86' lang='lat' dir='ltr'><strong>exponere</strong></span> 
     </span>
     <span class='ocr_line' id='line_1_46' title="bbox 356 4435 1511 4523; baseline 0.006 -27"><span class='ocrx_word' id='word_1_308' title='bbox 356 4435 560 4515; x_wconf 87' lang='lat' dir='ltr'><strong>scripturam,</strong></span> <span class='ocrx_word' id='word_1_309' title='bbox 574 4436 701 4516; x_wconf 86' lang='lat' dir='ltr'><strong>justum</strong></span> <span class='ocrx_word' id='word_1_310' title='bbox 723 4448 775 4501; x_wconf 89' lang='lat' dir='ltr'><strong>est</strong></span> <span class='ocrx_word' id='word_1_311' title='bbox 793 4438 916 4519; x_wconf 85' lang='lat' dir='ltr'><strong>exponi</strong></span> <span class='ocrx_word' id='word_1_312' title='bbox 937 4458 997 4520; x_wconf 91' lang='lat' dir='ltr'><strong>per</strong></span> <span class='ocrx_word' id='word_1_313' title='bbox 1017 4458 1125 4501; x_wconf 89' lang='lat' dir='ltr'><strong>rerum</strong></span> <span class='ocrx_word' id='word_1_314' title='bbox 1147 4438 1340 4503; x_wconf 77' lang='lat' dir='ltr'><strong>inferiorum</strong></span> <span class='ocrx_word' id='word_1_315' title='bbox 1359 4442 1511 4523; x_wconf 90' lang='lat' dir='ltr'><strong>proprie-</strong></span> 
     </span>
     <span class='ocr_line' id='line_1_47' title="bbox 356 4538 1510 4625; baseline 0.008 -28"><span class='ocrx_word' id='word_1_316' title='bbox 356 4544 442 4597; x_wconf 90' lang='lat' dir='ltr'><strong>tates</strong></span> <span class='ocrx_word' id='word_1_317' title='bbox 461 4556 548 4617; x_wconf 90' lang='lat' dir='ltr'><strong>quae</strong></span> <span class='ocrx_word' id='word_1_318' title='bbox 571 4538 604 4599; x_wconf 93' lang='lat' dir='ltr'><strong>in</strong></span> <span class='ocrx_word' id='word_1_319' title='bbox 627 4538 788 4620; x_wconf 88' lang='lat' dir='ltr'><strong>scriptura</strong></span> <span class='ocrx_word' id='word_1_320' title='bbox 811 4548 978 4621; x_wconf 91' lang='lat' dir='ltr'><strong>ponuntur</strong></span> <span class='ocrx_word' id='word_1_321' title='bbox 998 4550 1033 4602; x_wconf 91' lang='lat' dir='ltr'><strong>et</strong></span> <span class='ocrx_word' id='word_1_322' title='bbox 1055 4540 1150 4604; x_wconf 89' lang='lat' dir='ltr'><strong>aliter</strong></span> <span class='ocrx_word' id='word_1_323' title='bbox 1171 4541 1246 4604; x_wconf 91' lang='lat' dir='ltr'><strong>sciri</strong></span> <span class='ocrx_word' id='word_1_324' title='bbox 1270 4560 1338 4605; x_wconf 91' lang='lat' dir='ltr'><strong>non</strong></span> <span class='ocrx_word' id='word_1_325' title='bbox 1360 4554 1510 4625; x_wconf 83' lang='lat' dir='ltr'><strong>possunt</strong></span> 
     </span>
     <span class='ocr_line' id='line_1_48' title="bbox 358 4633 1510 4724; baseline 0.011 -26"><span class='ocrx_word' id='word_1_326' title='bbox 358 4633 470 4715; x_wconf 89' lang='lat' dir='ltr'><strong>Quare</strong></span> <span class='ocrx_word' id='word_1_327' title='bbox 485 4638 636 4701; x_wconf 89' lang='lat' dir='ltr'><strong>similiter</strong></span> <span class='ocrx_word' id='word_1_328' title='bbox 653 4659 728 4702; x_wconf 93' lang='lat' dir='ltr'><strong>cum</strong></span> <span class='ocrx_word' id='word_1_329' title='bbox 748 4641 780 4702; x_wconf 94' lang='lat' dir='ltr'><strong>in</strong></span> <span class='ocrx_word' id='word_1_330' title='bbox 798 4641 960 4724; x_wconf 87' lang='lat' dir='ltr'><strong>scriptura</strong></span> <span class='ocrx_word' id='word_1_331' title='bbox 977 4642 1043 4705; x_wconf 90' lang='lat' dir='ltr'><strong>sint</strong></span> <span class='ocrx_word' id='word_1_332' title='bbox 1064 4643 1170 4706; x_wconf 91' lang='lat' dir='ltr'><strong>multa</strong></span> <span class='ocrx_word' id='word_1_333' title='bbox 1189 4644 1232 4707; x_wconf 93' lang='lat' dir='ltr'><strong>de</strong></span> <span class='ocrx_word' id='word_1_334' title='bbox 1250 4644 1452 4709; x_wconf 88' lang='lat' dir='ltr'><strong>coelestibus</strong></span> <span class='ocrx_word' id='word_1_335' title='bbox 1476 4656 1510 4711; x_wconf 90' lang='lat' dir='ltr'><strong>et</strong></span> 
     </span>
    </p>
   </div>
   <div class='ocr_carea' id='block_1_10' title="bbox 0 0 1792 5375">
    <p class='ocr_par' dir='ltr' id='par_1_11' title="bbox 0 0 1792 5375">
     <span class='ocr_line' id='line_1_49' title="bbox 0 0 1792 5375; baseline 0 2"><span class='ocrx_word' id='word_1_336' title='bbox 0 0 1792 5375; x_wconf 95' lang='lat' dir='ltr'><strong> </strong></span> 
     </span>
    </p>
   </div>
  </div>
 </body>
</html>
