3575 5375
364 629 427 694 230
589 611 745 673 OPERIS
768 611 957 682 MAJORIS
980 610 1095 669 PARS
1120 610 1305 684 QUARTA.

368 775 462 859 cujus
482 775 654 840 cacumine
670 795 737 840 non
753 775 918 838 invenitur
932 783 1051 839 ventus
1066 793 1127 838 nec
1142 794 1254 856 vapor,
1269 774 1360 856 quod
1376 767 1522 854 probant

368 880 521 946 homines
544 900 604 965 per
625 879 877 964 experientiam.
924 877 992 944 Sed
1016 880 1173 962 quoniam
1194 875 1414 944 Aristoteles¹
1435 875 1522 940 libro

370 984 708 1067 Meteorologicorum
732 983 805 1047 vult
825 1003 967 1067 vapores
994 982 1114 1047 elevari
1137 1003 1243 1066 usque
1268 984 1312 1048 ad
1339 979 1521 1046 confinium

368 1090 454 1152 aeris
471 1099 506 1153 et
525 1087 619 1171 ignis,
635 1089 712 1152 ideo
733 1089 875 1151 tenenda
896 1097 948 1151 est
968 1087 1132 1152 sententia
1151 1087 1270 1151 saltem
1287 1086 1363 1150 libri
1382 1085 1425 1148 de
1440 1083 1521 1149 Cre·

369 1191 524 1275 pusculis,
547 1201 582 1256 et
604 1191 690 1257 aliae
711 1190 911 1275 glossandae
932 1202 1010 1255 sunt
1032 1210 1092 1274 per
1113 1191 1278 1255 diversam
1300 1189 1521 1272 quantitatem

369 1297 468 1362 stadii
492 1306 527 1362 et
550 1296 704 1361 milliaris.
750 1297 840 1360 Nam
862 1295 1044 1378 aliquando
1066 1296 1242 1374 invenitur,
1262 1295 1352 1378 quod
1376 1294 1522 1358 stadium

370 1411 421 1465 est
450 1410 569 1465 octava
596 1421 672 1484 pars
703 1400 861 1475 milliaris,
887 1409 922 1464 et
952 1400 1033 1463 alias
1059 1401 1149 1482 quod
1176 1410 1227 1464 est
1253 1398 1352 1483 longe
1378 1398 1460 1481 pluS,
1486 1407 1523 1461 et

370 1504 519 1568 similiter
541 1506 585 1570 de
606 1505 792 1587 quantitate
815 1503 963 1568 milliaris
985 1513 1037 1567 est
1060 1523 1183 1587 magna
1204 1503 1378 1568 diversitas
1390 1524 1398 1580 ;
1420 1503 1523 1566 scitur

370 1609 458 1672 enim
480 1610 571 1691 quod
593 1618 723 1672 montes
745 1607 861 1674 Italiae
882 1618 916 1673 et
931 1607 997 1684 alii,
1013 1617 1050 1672 ut
1069 1607 1246 1683 Caucasus,
1261 1608 1296 1670 in
1316 1607 1411 1690 cujus
1426 1624 1523 1669 cacu-

372 1713 460 1777 mine
486 1723 649 1796 apparent
677 1713 759 1776 radii
786 1713 864 1778 solis
891 1733 997 1796 usque
1025 1715 1068 1777 ad
1096 1714 1229 1777 tertiam
1256 1721 1384 1797 partem
1407 1710 1523 1786 noctis,

371 1817 496 1880 habent
512 1817 586 1899 plus
603 1836 703 1899 quam
720 1817 823 1882 octies
842 1828 903 1896 125
919 1817 1031 1900 pedes,
1047 1827 1081 1880 et
1097 1816 1172 1881 ideo
1187 1816 1312 1882 habent
1328 1815 1403 1900 plus
1420 1835 1521 1897 quam

371 1932 448 1986 octo
471 1922 590 1997 stadia,
605 1921 787 1986 secundum
807 1921 898 2003 quod
914 1921 1060 1984 stadium
1082 1921 1202 1985 dicitur
1220 1941 1292 1984 esse
1310 1930 1370 1999 125
1387 1920 1522 2002 pedum.

373 2025 419 2089 Et
440 2025 518 2090 ideo
541 2026 619 2090 alibi
642 2025 751 2090 inveni
776 2026 809 2088 in
828 2025 1039 2107 expositione
1058 2025 1131 2089 libri
1152 2025 1195 2089 de
1216 2024 1374 2090 Ormesta
1395 2025 1524 2103 Mundi,

371 2132 462 2214 quod
491 2131 635 2195 stadium
666 2131 813 2195 continet
842 2131 926 2194 duas
960 2129 1081 2210 leucas,
1106 2141 1141 2195 et
1169 2132 1254 2194 duas
1286 2140 1397 2214 partes
1426 2129 1524 2193 unius

372 2233 495 2310 leucae,
520 2244 555 2299 et
580 2235 628 2298 sic
658 2254 761 2299 unum
792 2234 937 2298 stadium
964 2235 1113 2298 continet
1142 2235 1288 2317 quinque
1315 2233 1465 2297 milliaria
1489 2242 1525 2295 et

371 2339 504 2402 tertiam
522 2338 675 2404 milliarii.
723 2339 785 2401 Per
804 2337 996 2421 hujusmodi
1017 2358 1098 2423 ergo
1120 2339 1328 2403 diversitates
1350 2337 1525 2402 solvuntur

372 2444 552 2526 praedicta.
599 2441 699 2525 Quod
729 2453 843 2507 autem
874 2443 996 2506 certius
1025 2452 1076 2507 est
1103 2444 1146 2506 de
1173 2442 1349 2507 altitudine
1376 2443 1525 2506 maxima

372 2548 537 2612 montium
558 2558 618 2626 est,
631 2547 721 2630 quod
740 2557 791 2612 est
808 2557 886 2611 octo
902 2546 1061 2625 milliaria,
1077 2548 1260 2611 secundum
1278 2549 1367 2631 quod
1386 2548 1527 2611 docetur

372 2651 456 2715 libro
480 2652 523 2715 de
548 2649 766 2735 Crepusculis,
790 2662 823 2715 et
850 2650 925 2715 ideo
947 2652 1036 2735 apud
1065 2650 1182 2715 librum
1207 2652 1387 2717 Ptolemaei
1414 2661 1527 2735 potest

373 2776 445 2819 esse
481 2755 607 2819 falsitas
642 2755 866 2820 translationis
899 2755 952 2819 vel
990 2756 1181 2838 scripturae,
1214 2758 1349 2839 quando
1382 2756 1527 2821 altitudo

375 2860 524 2924 maxima
548 2860 681 2942 ponitur
704 2860 737 2922 in
759 2871 835 2923 octo
858 2861 983 2924 stadiis.

418 2962 599 3045 Postquam
619 2963 691 3046 jam
712 2964 874 3028 habemus
897 2963 1063 3029 coelorum
1086 2964 1288 3044 altitudines,
1309 2966 1445 3048 planum
1472 2978 1527 3032 est

374 3087 435 3130 nos
455 3066 578 3131 habere
598 3077 631 3131 et
647 3067 816 3132 stellarum
840 3069 1023 3132 secundum
1043 3070 1323 3134 considerationes
1342 3070 1526 3135 Ptolemaei

374 3181 408 3235 et
434 3171 582 3235 omnium
616 3150 937 3236 mathematicoium.
984 3173 1074 3236 Nam
1104 3171 1278 3255 longitudo
1310 3176 1529 3258 propinquior

374 3275 492 3340 Lunae
507 3286 558 3340 est
572 3275 749 3360 longitudo
770 3277 857 3340 orbis
873 3276 954 3359 ejus,
973 3287 1007 3341 et
1026 3276 1157 3361 longior
1177 3277 1352 3359 longitudo
1374 3278 1529 3343 similiter

374 3389 425 3443 est
447 3400 520 3458 una,
543 3390 578 3444 et
603 3380 650 3443 sic
676 3382 719 3444 de
741 3379 822 3446 aliis.
861 3380 930 3445 Sed
950 3381 992 3445 de
1014 3382 1297 3464 magnitudinibus
1319 3393 1354 3447 et
1375 3384 1527 3466 spissitu-

374 3483 508 3547 dinibus
531 3482 700 3547 stellarum
720 3505 787 3548 non
802 3495 853 3549 est
875 3494 993 3549 notum
1016 3505 1075 3566 per
1094 3484 1179 3551 hanc
1197 3486 1296 3551 viam.
1342 3486 1409 3570 Qui
1425 3489 1528 3572 igitur

375 3599 488 3671 posset
514 3589 658 3651 invenire
688 3589 878 3664 diametros,
906 3590 948 3653 de
979 3588 1064 3653 sacili
1095 3590 1254 3655 inveniret
1285 3593 1526 3657 rotunditatem

374 3702 408 3755 et
443 3700 548 3755 totam
585 3691 789 3774 superficiem
819 3713 878 3776 per
908 3693 1094 3757 doctrinam
1124 3712 1226 3776 quam
1256 3696 1345 3777 prius
1371 3698 1465 3780 tetigi
1494 3698 1528 3761 in

374 3794 519 3858 orbibus.
564 3792 707 3876 Antiqui
728 3815 806 3859 vero
821 3796 969 3878 quidam,
992 3806 1029 3860 ut
1057 3796 1241 3861 Martianus
1268 3800 1300 3861 in
1324 3820 1385 3863 sua
1407 3800 1528 3865 Astro-

377 3899 472 3979 logia,
488 3898 550 3961 nisi
567 3906 644 3962 sunt
658 3899 804 3963 invenire
819 3900 1020 3965 diametrum
1037 3899 1124 3966 Solis
1139 3912 1173 3965 et
1190 3902 1307 3966 Lunae
1322 3924 1382 3985 per
1397 3903 1529 3969 fluxum

375 4023 482 4084 aquae
509 4023 569 4085 per
592 4002 738 4067 foramen
765 4006 862 4082 vasis,
879 4006 959 4069 dum
980 4006 1086 4070 oritur
1105 4005 1212 4081 stella,
1229 4016 1263 4070 et
1281 4006 1362 4070 dum
1385 4008 1529 4074 volvitur

376 4116 468 4172 totus
491 4107 581 4172 orbis
606 4106 710 4185 coeli3
741 4119 775 4172 et
805 4110 852 4172 ita
878 4129 939 4193 per
964 4108 1038 4174 illas
1068 4110 1152 4173 duas
1181 4130 1285 4193 aquas
1318 4113 1529 4179 inveniebant

376 4222 501 4295 quanto
523 4214 612 4277 arcui
636 4214 799 4278 diameter
821 4214 968 4297 corporis
991 4213 1106 4278 stellae
1128 4215 1349 4280 subtenditur.

410 4415 417 4443 ¹
435 4415 561 4465 Aristotle
570 4417 700 4481 observes,
715 4418 872 4481 Meteorolog.
882 4419 898 4467 i.
911 4434 936 4479 3,
949 4423 962 4478 5
974 4434 1012 4482 ro,
1023 4420 1078 4467 that
1086 4420 1178 4467 clouds
1188 4418 1253 4468 iorm
1266 4420 1292 4468 in
1302 4422 1416 4482 :region
1427 4430 1472 4470 not
1484 4430 1532 4473 too

377 4510 440 4543 near
451 4496 495 4542 the
508 4496 636 4557 heavenly
647 4496 737 4545 bodies
749 4504 776 4545 to
788 4498 820 4545 be
832 4497 974 4559 dissipated
986 4498 1021 4558 by
1033 4497 1101 4545 their
1112 4499 1180 4560 beat,
1194 4514 1244 4546 nor
1254 4505 1299 4546 too
1313 4514 1378 4547 near
1389 4500 1433 4548 the
1448 4500 1530 4550 Barth

378 4582 404 4620 to
417 4573 450 4622 be
465 4572 575 4623 affected
592 4575 627 4636 by
639 4576 683 4624 the
699 4591 760 4637 mys
777 4577 807 4624 oi
821 4577 882 4624 hest
899 4577 1021 4626 reflected
1039 4575 1104 4624 from
1119 4577 1153 4625 its
1170 4577 1279 4628 suriace.
1312 4575 1424 4627 Γίνονται
1440 4578 1489 4643 γὰρ
1505 4582 1533 4630 nl

376 4652 424 4699 τῶν
436 4652 515 4715 νεφῶν
526 4650 642 4715 ἀθροίσας
655 4650 683 4703 οὗ
693 4652 815 4717 λήγουσιν
826 4653 871 4717 ἤδη
883 4652 922 4703 διὰ
933 4651 962 4702 rrl
974 4652 1103 4717 σχίζεσθαι
1115 4655 1148 4704 cir
1158 4654 1250 4719 ἀχανὲς
1259 4656 1284 4705 nl
1294 4654 1398 4708 dardos.
