3575 5375
341 649 403 692 210
567 634 721 693 OPERIS
745 633 934 704 MAJORIS
958 633 1072 692 PARS
1097 633 1281 707 QUARTA.

341 796 483 862 multum
506 797 740 862 laboraverunt
762 799 804 861 ad
835 797 900 861 hoc
924 799 1144 882 probandum.
1190 797 1292 863 Unde
1311 798 1494 862 secundum

341 923 407 976 eos,
443 903 533 986 quod
571 902 625 966 viii
663 901 820 967 calendas
854 902 983 985 Aprilis
1025 923 1142 986 passus
1176 902 1284 976 suerit,
1330 922 1397 967 non
1440 913 1493 967 est

341 1007 454 1090 opinio
491 1005 649 1074 ecclesiae
686 1005 874 1082 certificata,
894 1008 953 1070 sed
991 1005 1136 1091 vulgata,
1165 1007 1250 1070 sicut
1288 1006 1392 1071 multa
1428 1006 1495 1071 alia

340 1110 526 1192 vulgantur,
558 1131 644 1193 quae
681 1111 833 1193 indigent
872 1111 989 1193 majori
1027 1109 1272 1175 certificatione.
1318 1108 1355 1175 Si
1393 1111 1495 1195 igitur

340 1215 508 1298 oppositio
539 1215 650 1279 media
677 1226 710 1279 et
736 1216 795 1278 xiv
820 1213 900 1279 luna
930 1215 974 1279 ab
1008 1215 1203 1278 accensione
1232 1224 1430 1280 concurrant
1460 1216 1493 1278 in

341 1338 442 1382 unum
467 1320 499 1382 in
521 1320 680 1401 passione,
696 1340 747 1383 res
771 1317 945 1383 manifesta
968 1327 1020 1384 est
1037 1320 1219 1383 secundum
1239 1319 1326 1384 hanc
1342 1319 1492 1383 tabulam

340 1433 373 1486 et
398 1424 580 1486 secundum
610 1423 874 1487 aestimationem
905 1424 1104 1508 sapientum.
1148 1422 1185 1488 Si
1215 1444 1295 1487 vero
1324 1423 1493 1507 oppositio

340 1529 519 1610 praecessit
533 1527 566 1590 in
582 1528 735 1612 passione
749 1528 808 1591 xiv
822 1526 936 1591 lunam
953 1549 1012 1611 per
1027 1528 1117 1591 diem
1132 1528 1307 1611 integrum,
1322 1538 1493 1611 oporteret

341 1652 505 1695 recurrere
528 1631 570 1694 ad
595 1631 744 1697 tabulam
767 1632 972 1696 accensionis
1002 1651 1109 1696 novae
1134 1631 1231 1696 lunae
1260 1631 1383 1696 factam
1413 1651 1491 1696 con-

341 1730 492 1795 similiter
520 1730 605 1807 huic,
628 1742 663 1796 et
692 1741 770 1795 tunc
799 1731 905 1813 magis
932 1730 1164 1797 excluderetur
1193 1732 1369 1796 dubitatio.
1423 1731 1490 1796 Sed

341 1835 439 1918 hujus
469 1836 514 1900 rei
544 1835 747 1915 certificati0,
780 1836 866 1899 sicut
897 1835 1037 1900 aliorum
1063 1856 1151 1918 quae
1179 1836 1297 1911 scribo,
1327 1836 1492 1900 desiderat

341 1940 482 2009 Vestrae
505 1939 714 2005 Celsitudinis
736 1960 917 2017 assensum,
932 1950 1096 2023 quatenus
1123 1940 1222 2023 periti
1245 1941 1278 2003 in
1300 1939 1491 2022 hujusmodi

340 2044 512 2108 veritatem
537 2043 675 2108 firmiter
694 2043 886 2108 stabilirent.
942 2042 1161 2108 Occasionem
1180 2063 1258 2108 vero
1279 2044 1356 2107 dedi
1378 2043 1410 2106 in
1426 2043 1490 2106 hoc

341 2149 487 2230 capitulo
524 2149 664 2232 qualiter
700 2149 743 2211 ad
781 2147 879 2230 hujus
917 2148 962 2212 rei
999 2147 1269 2213 certificationem
1310 2147 1491 2230 poterimus

340 2254 517 2333 pervenire,
529 2263 564 2317 et
578 2271 664 2337 nego
680 2253 781 2316 mein
796 2253 962 2337 praesenti
977 2261 1122 2317 tractatu
1133 2255 1176 2317 de
1188 2261 1283 2317 tanta
1298 2251 1491 2317 difficultate

341 2355 545 2422 certificasse.

173 2577 211 2642 (5)
224 2577 289 2628 Ges
383 2582 521 2647 Dictum
534 2592 593 2660 est,
605 2583 695 2666 quod
714 2591 841 2663 septem
857 2592 935 2646 sunt
950 2582 1076 2647 radices
1092 2582 1359 2658 mathematicae,
1371 2582 1491 2665 quibus

171 2653 263 2760 ms
339 2706 471 2751 necesse
489 2696 539 2751 est
560 2688 607 2751 uti
629 2684 873 2751 mathematica.
922 2685 998 2751 Una
1019 2697 1069 2750 est
1091 2686 1133 2750 de
1156 2685 1365 2751 coelestibus.
1410 2685 1491 2750 Alia

171 2776 235 2840 ”8¹¹¹
247 2792 280 2825 ⁰¹¹
339 2792 382 2854 de
403 2789 483 2854 locis
504 2791 630 2854 mundi.
676 2790 790 2855 Tertia
810 2793 853 2855 de
872 2791 1080 2874 temporibus
1099 2801 1262 2873 quantum
1278 2792 1321 2855 ad
1337 2792 1490 2855 substan-

171 2857 326 2985 ifitbbogical
340 2894 430 2958 tiam.
476 2894 605 2977 Quarta
627 2895 670 2959 de
693 2895 899 2978 passionibus
921 2905 954 2959 et
981 2895 1206 2960 accidentibus
1228 2906 1426 2978 temporum,
1448 2897 1491 2959 de

171 2982 302 3038 ΨΜ*
339 2997 458 3081 quibus
481 2999 604 3063 dictum
632 3009 690 3062 est.
738 2999 836 3062 Nunc
862 2998 939 3062 volo
966 2997 1083 3063 afferre
1105 3001 1255 3083 quintam
1279 3001 1433 3078 radicem,
1455 3010 1491 3064 et

339 3113 389 3166 est
415 3104 458 3166 de
489 3102 738 3185 figurationibus
771 3105 980 3186 geometricis
1010 3124 1113 3186 penes
1139 3103 1252 3178 lineas,
1278 3105 1429 3186 angulos,
1455 3114 1490 3168 et

339 3206 460 3291 figuras
476 3218 545 3273 tam
564 3207 751 3290 corporales
768 3227 869 3290 quam
891 3207 1124 3289 superficiales.
1173 3207 1382 3291 Impossibile
1400 3209 1490 3272 enim

339 3314 498 3395 estquod
520 3333 635 3377 sensus
657 3310 835 3396 spiritualis
859 3312 990 3387 sciatur,
1013 3312 1075 3375 nisi
1098 3310 1195 3378 suerit
1219 3311 1354 3376 literalis
1377 3312 1489 3376 scitus.

339 3416 406 3481 Sed
424 3438 538 3482 sensus
555 3416 688 3481 literalis
703 3417 776 3482 sciri
794 3438 858 3481 non
874 3426 995 3499 potest,
1011 3418 1074 3481 nisi
1089 3416 1191 3481 homo
1206 3418 1287 3481 sciat
1306 3417 1491 3499 significata

251 3550 255 3559 ·
338 3522 553 3586 terminorum
574 3532 608 3585 et
633 3541 741 3585 rerum
771 3519 1030 3602 significatarum
1062 3521 1289 3604 proprietates
1336 3521 1425 3585 Nam
1455 3521 1490 3584 in

338 3624 402 3688 illis
422 3627 574 3690 consistit
594 3625 802 3707 profunditas
823 3645 938 3689 sensus
959 3624 1100 3698 literalis,
1122 3634 1156 3688 et
1174 3646 1218 3688 ex
1240 3626 1287 3688 eis
1304 3625 1491 3689 extrahitur

337 3749 494 3793 sensuum
516 3730 735 3810 spiritualium
758 3727 903 3792 altitudo
923 3749 983 3812 per
1000 3729 1235 3793 convenientes
1255 3730 1490 3813 adaptationes

338 3841 373 3895 et
394 3832 633 3908 similitudines,
655 3833 741 3895 sicut
763 3833 869 3896 sancti
892 3834 1024 3911 docent,
1047 3843 1080 3896 et
1103 3844 1196 3915 patet
1219 3854 1262 3897 ex
1285 3834 1490 3918 proprietate

337 3937 527 4019 scripturae,
542 3945 577 4001 et
599 3957 715 4002 omnes
737 3937 905 4019 sapientes
927 3938 1053 4020 antiqui
1076 3937 1122 4002 sic
1143 3947 1367 4002 tractaverunt
1388 3937 1490 4022 scrip-

337 4050 457 4105 turam.
504 4040 589 4105 Cum
608 4041 709 4126 igitur
730 4062 833 4124 opera
847 4040 1041 4120 artificialia,
1057 4050 1095 4104 ut
1114 4061 1191 4105 arca
1206 4042 1310 4119 Noae,
1328 4051 1363 4105 et
1380 4042 1489 4105 taber·

337 4144 491 4209 naculum
509 4166 584 4211 cum
599 4146 687 4211 vasis
702 4146 770 4208 suis
782 4156 816 4211 et
831 4146 997 4221 omnibus,
1009 4156 1111 4229 atque
1126 4144 1286 4228 templum
1300 4144 1489 4210 Salomonis

335 4260 369 4315 et
386 4250 568 4315 Ezechielis
586 4261 618 4314 et
637 4250 765 4315 Esdrae
785 4259 818 4315 et
839 4249 1030 4331 hujusmodi
1049 4248 1115 4314 alia
1130 4270 1217 4334 pene
1236 4247 1490 4313 innumerabilia

335 4365 500 4438 ponantur
529 4355 561 4417 in
590 4355 760 4437 scriptura,
787 4374 854 4417 non
882 4363 933 4417 est
960 4352 1117 4436 possibile
1144 4364 1180 4422 ut
1208 4352 1342 4418 literalis
1372 4372 1489 4417 sensus

336 4458 466 4534 sciatur,
484 4459 546 4521 nisi
566 4458 668 4522 homo
689 4458 732 4523 ad
751 4478 884 4521 sensum
906 4457 1029 4521 habeat
1048 4456 1130 4522 haec
1150 4477 1252 4540 opera
1269 4457 1413 4541 depicta,
1427 4460 1489 4521 sed

337 4563 443 4644 magis
464 4562 604 4645 figurata
625 4560 857 4643 corporaliter3
881 4572 915 4625 et
935 4562 982 4623 sic
1000 4562 1105 4625 sancti
1122 4571 1156 4625 et
1174 4562 1340 4644 sapientes
1358 4561 1489 4644 antiqui

338 4668 386 4729 usi
407 4676 484 4730 sunt
498 4667 633 4749 picturis
652 4676 685 4729 et
706 4664 961 4749 figurationibus
975 4664 1081 4745 variis,
1098 4674 1135 4729 ut
1149 4665 1272 4729 veritas
1292 4665 1428 4729 literalis
1442 4668 1489 4731 ad
