3575 5375
584 617 824 678 CORRECTIO
851 618 1125 678 CALENDARII.
1368 634 1427 694 271

274 778 395 844 dentur
410 799 509 862 super
523 781 743 863 quantitatem
760 780 836 844 anni
852 779 979 860 solaris,
995 799 1128 844 necesse
1143 790 1194 844 est
1210 801 1250 845 ea
1265 778 1428 858 vacillare,

274 895 451 966 postquam
466 894 517 947 est
533 903 704 948 erroneum
720 882 983 948 fundamentum.

319 987 450 1052 Deinde
472 989 592 1052 accidit
615 989 699 1053 alius
722 1009 811 1052 error
830 988 946 1070 major,
961 988 1083 1052 scilicet
1105 988 1148 1051 de
1168 986 1294 1053 fixione
1313 988 1425 1069 aequi·
1440 991 1592 1042 ltukesno

274 1093 461 1156 noctiorum
492 1102 526 1156 et
552 1093 769 1156 solstitiorum
780 1092 802 1157 ¹.
848 1093 939 1155 Nam
965 1092 1019 1156 hic
1041 1112 1131 1155 error
1156 1112 1223 1155 non
1249 1090 1357 1156 solum
1381 1059 1588 1188 εκζζξζὲζῗζ

274 1199 462 1284 quantitate
493 1198 573 1260 anni
605 1197 764 1276 exoritur,
793 1197 852 1261 sed
882 1197 985 1261 habet
1014 1198 1047 1259 in
1076 1217 1113 1260 se
1141 1216 1259 1277 graves
1288 1216 1424 1260 errores.
1439 1189 1595 1266 ‘helimwf

275 1302 448 1366 Ponuntur
465 1312 577 1366 autern
598 1303 806 1386 aequinoctia
825 1312 860 1366 et
879 1301 1023 1366 solstitia
1043 1302 1077 1364 in
1100 1301 1217 1366 diebus
1238 1300 1324 1378 fixis,
1338 1321 1377 1364 ac
1398 1300 1425 1364 si
1439 1269 1575 1397 ffiqpxes

274 1426 406 1490 semper
421 1406 558 1471 luissent
574 1407 618 1470 ibi
635 1418 669 1470 et
684 1408 829 1471 debeant
844 1427 917 1471 esse
932 1406 966 1469 in
987 1415 1166 1469 aeternum.
1212 1404 1281 1470 Sed
1297 1415 1425 1470 certum
1439 1386 1562 1435 ΨΜ·

275 1522 325 1574 est
346 1513 544 1575 astronomis
564 1513 655 1594 quod
678 1531 743 1574 non
764 1510 920 1596 figuntur,
935 1512 1040 1574 immo
1060 1511 1242 1574 ascendunt
1263 1510 1295 1573 in
1316 1508 1426 1574 calen-

274 1615 376 1692 dario,
392 1614 476 1678 sicut
496 1634 556 1697 per
575 1614 707 1679 tabulas
729 1625 763 1678 et
784 1616 1005 1680 instrumenta
1026 1615 1187 1696 probatur
1205 1614 1276 1678 sine
1296 1613 1427 1678 dubita·

274 1721 373 1782 tione.
420 1719 465 1782 Et
481 1720 514 1782 in
530 1719 691 1803 principio
706 1719 862 1784 ecclesiae
878 1720 1065 1803 ponebatur
1079 1719 1258 1784 solstitium
1273 1717 1428 1800 hyemale

272 1824 329 1886 viii
352 1823 507 1888 calendas
523 1823 670 1905 Januarii
695 1826 728 1887 in
751 1825 806 1888 die
829 1825 1013 1889 nativitatis
1032 1824 1181 1901 Domini,
1196 1834 1231 1887 et
1251 1823 1427 1905 aequinoc-

274 1928 357 1991 tium
387 1926 521 1991 vernale
544 1929 600 1992 viii
634 1929 788 1992 calendas
818 1928 947 2010 Aprilis
982 1929 1015 1991 in
1051 1928 1136 1991 festo
1166 1928 1428 1992 annuntiationis

274 2031 423 2114 Virginis
444 2031 617 2115 gloriosae,
640 2044 673 2096 et
696 2032 873 2097 solstitium
898 2032 1058 2095 aestivale
1079 2033 1138 2095 viii
1159 2031 1315 2097 calendas
1336 2030 1428 2113 Julii,

273 2136 398 2200 scilicet
413 2136 445 2199 in
461 2137 517 2200 die
532 2136 712 2199 nativitatis
727 2137 817 2200 beati
831 2133 993 2213 Johannis
1009 2135 1191 2218 Baptistae.
1202 2146 1237 2198 et
1251 2136 1426 2218 aequiuoc-

273 2241 357 2304 tium
381 2239 574 2304 autumnale
594 2239 650 2302 viii
674 2238 829 2304 calendas
856 2239 1023 2304 Octobris.
1076 2239 1122 2303 Et
1144 2240 1239 2303 istius
1261 2241 1428 2323 opinionis

273 2344 334 2407 suit
349 2344 573 2426 Hippocrates
592 2341 777 2421 medicus²;
800 2344 852 2408 cui
865 2342 1045 2408 Christiani
1060 2342 1156 2408 facile
1169 2345 1428 2421 concordabant,

275 2457 412 2531 propter
425 2447 490 2512 hoc
505 2449 595 2528 quod
610 2447 728 2510 beatus
738 2448 886 2528 Joannes
902 2448 1000 2524 dixit,
1013 2447 1112 2511 Illum
1125 2457 1260 2531 oportet
1274 2469 1428 2527 crescere,

275 2573 329 2615 me
352 2571 429 2615 vero
456 2552 569 2615 minui.
617 2551 717 2617 Unde
746 2552 954 2636 expositores
976 2552 1079 2636 aliqui
1107 2573 1220 2617 sacrae
1246 2554 1428 2636 scripturae
1504 2627 1509 2634 ,

261 2666 456 2741 ‘posuerunt
472 2657 654 2721 Dominum
675 2665 789 2721 natum
808 2657 945 2741 quando
964 2657 1035 2722 dies
1056 2657 1184 2735 crescit,
1197 2666 1233 2722 et
1247 2659 1311 2724 hoc
1325 2669 1377 2724 est
1391 2659 1426 2723 in

274 2763 416 2828 solstitio
432 2762 600 2845 hyemali;
623 2772 656 2827 et
671 2762 857 2845 Johannem
879 2762 1068 2845 Baptistam
1089 2764 1181 2827 nasci
1200 2765 1337 2847 quando
1355 2765 1429 2828 dies

275 2868 434 2950 incipiunt
450 2867 560 2946 minui,
570 2877 606 2930 ut
624 2867 655 2930 in
673 2868 814 2932 solstitio
830 2867 990 2932 aestivali.
1037 2868 1084 2932 Et
1099 2868 1244 2932 Isidorus
1258 2869 1319 2933 fnit
1334 2868 1429 2934 istius

275 2974 439 3056 opinionis
449 2972 715 3056 Hippocraticae,
734 2982 770 3036 ut
788 2981 880 3054 patet
896 2994 941 3037 ex
956 2973 1013 3037 viii
1029 2973 1114 3037 libro
1127 2973 1429 3056 Etymologiarum,

222 3130 226 3147 .
274 3087 308 3142 et
328 3088 463 3140 sanctus
477 3075 665 3151 Anatolius‚
680 3078 737 3160 qui
758 3078 791 3140 in
813 3077 976 3160 principio
995 3077 1155 3141 ecclesiae
1173 3078 1217 3140 de
1237 3077 1429 3159 hujusmodi

273 3181 463 3265 disputavit,
508 3180 577 3245 Sed
601 3190 718 3264 postea
740 3191 952 3245 mutaverunt
973 3181 1056 3245 haec
1070 3180 1131 3244 viri
1150 3180 1374 3259 ecclesiastici,
1393 3192 1429 3246 et

274 3293 461 3350 statuerunt
476 3285 720 3365 aequinoctium
732 3284 864 3348 vernale
879 3304 952 3348 esse
967 3285 1016 3347 xii
1032 3284 1188 3348 calendas
1198 3284 1330 3368 Aprilis,
1341 3285 1429 3348 sicut

273 3390 354 3453 dicit
376 3388 468 3451 Beda
489 3388 521 3449 in
541 3387 625 3450 libro
645 3398 844 3469 tempomm,
857 3389 950 3469 quod
969 3408 1073 3469 usque
1090 3406 1177 3452 nunc
1196 3396 1335 3451 tenetur.
1382 3387 1428 3451 Et

273 3492 338 3555 hoc
360 3490 569 3555 manifestum
592 3499 644 3555 est
665 3492 820 3553 omnibus
841 3492 899 3574 qui
918 3490 1044 3574 aliquid
1064 3492 1174 3556 sciunt
1196 3492 1239 3554 de
1260 3503 1428 3574 computo,

274 3592 383 3676 etqui
405 3590 616 3655 considerant
637 3610 732 3654 usum
754 3590 920 3655 ecclesiae
965 3590 1055 3654 Nam
1074 3592 1160 3654 sicut
1180 3591 1213 3653 in
1235 3590 1309 3673 lege
1323 3592 1427 3655 veteri

273 3709 351 3781 post
365 3696 611 3779 aequinoctium
624 3695 756 3760 vernale
771 3696 907 3779 quando
921 3695 1000 3759 luna
1011 3696 1117 3759 fuerat
1129 3696 1187 3759 xiv
1197 3695 1428 3761 celebrabatur

275 3802 413 3877 Pascha,
425 3800 472 3864 sic
487 3798 625 3864 ecclesia
641 3800 806 3863 ordinavit
817 3800 910 3883 quod
926 3801 1085 3865 terminus
1100 3798 1247 3864 Paschae
1260 3800 1304 3865 sit
1319 3801 1377 3877 ibi,
1391 3811 1428 3866 et

274 3908 307 3969 in
322 3905 490 3970 dominica
505 3915 665 3987 sequente
680 3904 900 3969 celebraretur
921 3904 1070 3983 Pascha,
1092 3904 1171 3988 quia
1186 3914 1320 3988 oportet
1334 3906 1426 3989 quod

306 4103 315 4132 ¹
333 4105 357 4154 lt
365 4105 501 4155 shouldbe
513 4106 592 4154 noted
601 4106 656 4153 that
666 4105 711 4153 the
719 4106 780 4153 time
792 4105 870 4154 olthe
881 4106 986 4154 solstrhir
994 4106 1022 4154 in
1030 4106 1076 4154 the
1087 4105 1183 4154 middle
1194 4105 1225 4154 ol
1231 4105 1427 4155 thethlneenth

274 4192 383 4247 century
399 4184 532 4233 coincided
552 4183 646 4233 almost
666 4184 771 4245 exactly
786 4184 853 4232 with
870 4184 925 4233 that
941 4183 972 4232 ol
984 4185 1029 4232 the
1047 4182 1118 4233 sun’s
1134 4199 1236 4246 apogee
1252 4185 1303 4232 end
1321 4186 1427 4246 perigee

274 4266 335 4325 (aux
353 4271 380 4312 et
396 4262 541 4325 oppositum
558 4262 651 4324 augis).
690 4260 719 4310 ln
737 4276 786 4309 our
797 4276 857 4310 own
869 4263 931 4310 time
942 4262 987 4311 the
1000 4263 1097 4312 former
1109 4278 1189 4311 occur
1198 4263 1277 4312 about
1288 4263 1350 4310 nine
1361 4264 1427 4324 days

273 4341 361 4391 before
373 4342 417 4389 the
429 4342 512 4390 latter.
548 4340 606 4389 The
622 4342 728 4402 perigee
743 4341 794 4389 and
808 4355 910 4402 apogee
924 4342 991 4391 have
1007 4358 1023 4390 a
1039 4342 1204 4403 promitte
1216 4341 1315 4390 motion
1333 4355 1367 4389 on
1382 4342 1428 4389 the

273 4420 376 4483 ecliptic
388 4419 418 4467 oi
427 4416 509 4468 1148
520 4419 651 4481 ennunlly.
685 4419 741 4467 Tne
754 4420 904 4481 retrograde
918 4419 1016 4468 motion
1032 4419 1157 4481 madly
1168 4419 1199 4469 ol
1211 4420 1257 4468 tbe
1271 4426 1381 4481 equatur
1391 4435 1427 4469 ou

274 4499 318 4547 the
330 4498 433 4560 ecliptic
447 4500 610 4562 (precession
623 4498 653 4546 oi
662 4499 706 4547 the
718 4500 872 4561 equinoxea)
887 4496 975 4559 is5o'‘.
989 4510 1011 4549 r.

307 4576 316 4605 ¹
334 4576 509 4639 Hippocrates
524 4576 553 4625 oi
567 4577 647 4626 Cbios
660 4578 705 4626 tbe
716 4584 856 4638 geometer,
869 4584 915 4625 not
927 4576 1102 4638 Hippocrates
1112 4576 1143 4625 oi
1156 4574 1210 4625 Cos
1221 4576 1266 4625 tbe
1282 4576 1426 4639 physicien,

273 4657 296 4707 is
308 4655 473 4719 presumably
486 4664 580 4705 meant
613 4654 690 4719 'lbey
699 4671 772 4705 were
784 4655 1012 4717 contemporaries.
