3575 5375
593 630 767 702 JUDICIA
793 627 1117 688 ASTRONOMIAE.
1375 643 1437 703 249
1495 633 1503 646 ⁰

284 793 360 858 licet
383 814 458 877 pars
475 793 647 877 judiciaria
670 796 712 859 de
734 793 888 857 humanis
912 794 1009 857 rebus
1027 802 1114 857 esset
1134 789 1308 874 culpanda,
1322 798 1435 854 tamen

284 899 351 963 alia
377 919 453 980 pars
478 901 521 964 de
543 898 745 963 naturalibus
768 908 803 962 et
824 896 1023 964 coelestibus
1045 895 1246 958 calumniam
1270 893 1347 958 fidei
1369 913 1434 957 non

284 1003 453 1086 importat.

329 1105 397 1171 Sed
424 1108 457 1171 in
483 1107 580 1172 rebus
603 1106 755 1170 humanis
778 1107 846 1169 veri
874 1105 1099 1170 mathematici
1125 1124 1190 1169 non
1219 1111 1434 1187 praesumunt
1448 1118 1584 1184 Astrology

284 1210 471 1287 certificare,
497 1213 557 1276 sed
587 1211 795 1276 considerant
824 1210 995 1293 quomodo
1024 1229 1084 1292 per
1114 1207 1243 1272 coelum
1276 1207 1435 1271 alteratur
1447 1185 1564 1316 ssffiifft

284 1332 414 1397 corpus,
438 1325 471 1378 et
497 1313 635 1380 alterato
665 1334 802 1396 corpore
829 1315 995 1378 excitatur
1021 1314 1133 1377 anima
1160 1333 1246 1377 nunc
1269 1313 1314 1377 ad
1339 1320 1434 1376 actus
1448 1318 1545 1394 aaron:
1563 1318 1584 1366 it

284 1420 429 1502 privatos
444 1440 530 1482 nunc
546 1418 704 1502 publicos
720 1419 811 1484 salva
829 1429 943 1483 tamen
962 1419 995 1481 in
1014 1419 1168 1483 omnibus
1189 1418 1315 1482 arbitrii
1337 1417 1434 1481 liber·
1447 1384 1568 1498 fflg',

283 1532 360 1587 tate
408 1521 569 1605 Quamvis
592 1525 680 1589 enim
706 1524 820 1587 anima
842 1523 1010 1587 rationalis
1033 1543 1098 1586 non
1122 1524 1252 1606 cogitur
1274 1522 1316 1586 ad
1340 1532 1434 1586 actus
1447 1516 1550 1564 ¹⁰⁰¹ll0·

283 1647 370 1707 sum,
385 1637 497 1691 tamen
513 1628 642 1693 fortiter
656 1629 766 1693 induci
786 1637 898 1710 potest
914 1639 948 1693 et
969 1629 1106 1692 excitari
1122 1637 1159 1692 ut
1181 1629 1284 1711 gratis
1299 1628 1380 1690 velit
1396 1648 1435 1690 ea

284 1733 327 1795 ad
339 1752 424 1814 quae
434 1735 537 1798 virtus
552 1732 702 1799 coelestis
715 1734 858 1811 inclinat,
870 1735 957 1798 sicut
971 1753 1033 1796 nos
1044 1733 1197 1797 videmus
1211 1732 1362 1797 homines
1376 1751 1436 1814 per

282 1838 474 1903 societatem
492 1838 628 1903 consilia
643 1839 797 1903 timorem
813 1850 848 1903 et
862 1858 1011 1902 amorem
1032 1847 1067 1901 et
1081 1837 1273 1920 hujusmodi
1293 1837 1433 1901 multum

284 1953 411 2006 mutare
427 1943 469 2006 de
484 1943 666 2027 proposito,
676 1954 710 2007 et
726 1944 829 2026 gratis
845 1942 930 2007 velle
945 1964 985 2006 ea
999 1963 1085 2024 quae
1096 1943 1188 2027 prius
1202 1962 1269 2005 non
1278 1942 1435 2007 volebant

283 2044 359 2111 licet
375 2067 440 2110 non
457 2059 627 2129 cogantur,
642 2049 727 2112 sicut
741 2048 796 2110 ille
812 2047 867 2130 qui
890 2067 950 2129 spe
968 2046 1083 2110 salutis
1105 2046 1235 2128 projicit
1256 2067 1380 2110 merces
1402 2048 1436 2110 in

283 2170 374 2214 mare
396 2152 591 2215 carissimas.
648 2149 823 2216 Caeterum
853 2172 914 2215 nos
936 2151 1087 2214 videmus
1113 2150 1205 2233 quod
1230 2152 1355 2234 species
1377 2171 1435 2216 seu

282 2255 422 2332 virtutes
449 2274 556 2317 rerum
584 2253 772 2319 inferiorum
797 2255 1012 2319 immutantes
1034 2275 1149 2318 sensus
1172 2263 1311 2332 nostroS,
1333 2255 1435 2318 etiam

283 2359 409 2440 speeies
424 2358 603 2422 visibilium
622 2370 656 2423 et
675 2359 869 2422 audibilium
891 2379 977 2441 quae
995 2358 1148 2424 debiliter
1166 2359 1345 2422 immutant
1364 2380 1436 2423 cor·

284 2484 355 2546 pus,
372 2463 417 2526 ita
433 2463 558 2527 sortiter
574 2464 723 2527 excitant
738 2463 889 2527 homines
904 2465 948 2528 ad
962 2462 1141 2528 volendum
1162 2482 1248 2546 quae
1263 2465 1354 2546 prius
1368 2483 1434 2528 non

284 2564 452 2643 curabant,
482 2567 571 2648 quod
601 2568 782 2650 aliquando
813 2587 874 2631 nce
904 2578 1046 2631 mortem
1079 2586 1140 2630 nec
1170 2566 1340 2631 infamiam
1374 2588 1435 2633 nec

284 2670 436 2734 timorem
452 2671 629 2737 aestimant
644 2673 829 2737 dummodo
845 2693 922 2737 suas
937 2671 1126 2755 compleant
1141 2669 1340 2752 voluntates,
1351 2672 1436 2737 sicut

284 2785 360 2839 sunt
375 2774 422 2839 illi
440 2776 496 2859 qui
512 2778 625 2841 vident
645 2787 680 2841 et
700 2779 840 2842 audiunt
863 2798 941 2842 suos
963 2777 1113 2842 inimicos
1135 2777 1184 2841 eis
1206 2798 1385 2856 occurrere,
1401 2788 1435 2842 et

283 2880 432 2945 feruntur
457 2883 548 2946 omni
579 2903 655 2947 casu
686 2883 899 2966 contingente
930 2893 966 2947 ut
995 2904 1032 2947 se
1054 2883 1232 2947 vindicent.
1278 2881 1436 2948 Similiter

283 2982 480 3067 voluptuosi,
490 2989 740 3069 opportunitate
754 2998 891 3070 accepta
907 2986 1096 3071 complendi
1111 3008 1188 3051 suas
1200 2986 1336 3053 delicias
1350 2988 1435 3052 circa

284 3110 334 3152 res
356 3090 442 3153 visas
464 3102 498 3155 et
528 3092 671 3170 auditas,
693 3092 787 3175 quasi
817 3093 916 3155 bruta
941 3092 1101 3156 animalia
1123 3102 1299 3156 moventur
1319 3100 1436 3155 contra

280 3192 443 3275 judicium
460 3195 606 3273 rationis,
621 3196 726 3279 gratis
743 3196 903 3279 eligentes
917 3216 957 3259 ea
973 3196 1016 3259 ad
1032 3217 1119 3278 quae
1134 3197 1332 3260 excitantur.

329 3296 397 3361 Sed
413 3297 512 3379 longe
529 3292 641 3381 magis‘
650 3309 788 3382 possunt
797 3301 935 3363 virtutes
950 3297 1116 3364 coelorum
1133 3309 1167 3363 et
1178 3300 1305 3381 species
1319 3319 1433 3363 eorum
1447 3315 1581 3379 Tempera-

284 3409 318 3464 et
340 3400 508 3464 stellarum
536 3402 637 3465 fortes
667 3402 856 3484 imprimere
886 3403 919 3466 in
949 3422 1070 3484 corpus
1099 3411 1133 3466 et
1162 3423 1294 3486 organa,
1313 3403 1434 3485 quibus
1446 3382 1550 3497 {¹5¹2ss
1562 3447 1596 3509 by

283 3504 496 3569 vehementer
524 3505 673 3571 alteratis
698 3506 901 3571 excitabitur
925 3506 1028 3570 homo
1052 3505 1180 3571 sortiter
1206 3507 1249 3570 ad
1275 3516 1369 3571 actus
1391 3508 1434 3572 de
1447 3512 1532 3562 stellar

283 3609 401 3692 quibus
410 3629 476 3673 non
489 3610 615 3673 curavit
626 3609 725 3692 prius,
734 3610 825 3674 salvo
835 3630 914 3675 suae
925 3609 1088 3675 libertatis
1097 3611 1233 3676 arbitrio
1245 3637 1253 3691 3
1274 3613 1434 3694 quoniam
1448 3577 1574 3629 innume.

283 3715 420 3778 virtutes
458 3714 626 3778 coelorum
658 3712 808 3778 fortiores
837 3725 915 3779 sunt
945 3734 1043 3799 quam
1076 3717 1214 3779 istorum
1245 3714 1435 3780 inferiorum

284 3818 461 3883 visibilium
485 3828 518 3882 et
536 3818 730 3882 audibilium
749 3829 784 3884 et
806 3819 988 3884 multorum
1011 3820 1150 3883 aliorum
1173 3821 1386 3900 sensibilium,
1402 3832 1436 3886 et

285 3934 423 4007 possunt
454 3933 581 3987 mutare
603 3923 823 3988 substantiam
856 3946 923 3989 non
949 3924 1057 3988 solum
1086 3925 1280 4004 accidentia,
1303 3935 1336 3988 et
1362 3945 1435 3990 cor-

285 4046 436 4110 rumpere
450 4037 484 4091 et
499 4028 668 4092 destruere
680 4049 731 4092 res
742 4048 860 4093 omnes
871 4027 1060 4107 inferiores;
1082 4032 1240 4112 quoniam
1252 4032 1435 4094 secundum

284 4132 474 4196 allationem
506 4132 585 4199 solis
614 4133 676 4196 sub
707 4131 844 4214 obliquo
875 4132 998 4197 circulo
1024 4134 1179 4197 accidunt
1208 4134 1378 4216 generatio
1401 4143 1435 4196 et

284 4238 451 4318 corruptio
475 4237 508 4299 in
528 4237 633 4313 rebus,
652 4247 689 4300 ut
707 4235 908 4300 Aristoteles
929 4237 1017 4300 dicit.
1063 4237 1110 4301 Et
1132 4259 1198 4301 non
1221 4235 1329 4301 solum
1353 4236 1435 4300 haec

284 4340 398 4404 allatio
417 4339 496 4403 solis
516 4340 667 4404 absolute
689 4340 906 4413 considerata,
921 4342 980 4404 sed
1002 4361 1076 4404 cum
1097 4342 1275 4405 virtutibus
1294 4339 1433 4403 aliorum

284 4444 491 4526 planetarum
507 4454 541 4508 et
557 4443 726 4508 stellarum
739 4470 747 4521 ;
771 4453 805 4509 et
820 4443 897 4508 ideo
908 4443 1017 4507 valida
1028 4454 1079 4508 est
1090 4442 1243 4508 alteratio
1257 4463 1434 4526 corporum

285 4556 471 4611 nostrorum
494 4569 554 4631 per
579 4548 718 4613 virtutes
748 4546 917 4629 coelestes,
941 4559 975 4613 et
997 4569 1056 4631 per
1078 4568 1281 4632 consequens
1304 4549 1434 4611 animus

264 4680 269 4687 ·
284 4650 413 4717 sortiter
428 4651 593 4717 excitatur
608 4652 649 4715 ad
665 4661 760 4717 actus
775 4672 853 4717 suos
868 4652 946 4717 licet
961 4673 1027 4717 non
1043 4661 1188 4737 cogatur,
1203 4663 1237 4717 et
1252 4654 1433 4717 secundum
