<?xml version="1.0" encoding="UTF-8"?>
<!DOCTYPE html PUBLIC "-//W3C//DTD XHTML 1.0 Transitional//EN"
    "http://www.w3.org/TR/xhtml1/DTD/xhtml1-transitional.dtd">
<html xmlns="http://www.w3.org/1999/xhtml" xml:lang="en" lang="en">
 <head>
  <title>
</title>
<meta http-equiv="Content-Type" content="text/html;charset=utf-8" />
  <meta name='ocr-system' content='tesseract 3.04.00' />
  <meta name='ocr-capabilities' content='ocr_page ocr_carea ocr_par ocr_line ocrx_word'/>
</head>
<body>
  <div class='ocr_page' id='page_1' title='image "./opusmajusrogerb01bridgoog/opusmajusrogerb01bridgoog_0488.png"; bbox 0 0 3575 5375; ppageno 0'>
   <div class='ocr_carea' id='block_1_1' title="bbox 695 616 1414 693">
    <p class='ocr_par' dir='ltr' id='par_1_1' title="bbox 695 616 1414 693">
     <span class='ocr_line' id='line_1_1' title="bbox 695 616 1414 693; baseline 0.003 -17"><span class='ocrx_word' id='word_1_1' title='bbox 695 616 984 680; x_wconf 69' lang='lat' dir='ltr'>caoonnprrm.</span> <span class='ocrx_word' id='word_1_2' title='bbox 1352 616 1414 693; x_wconf 58' lang='grc' dir='ltr'>οὓς</span> 
     </span>
    </p>
   </div>
   <div class='ocr_carea' id='block_1_2' title="bbox 261 776 1417 4802">
    <p class='ocr_par' dir='ltr' id='par_1_2' title="bbox 261 776 1417 4802">
     <span class='ocr_line' id='line_1_2' title="bbox 262 776 1414 866; baseline 0.005 -28"><span class='ocrx_word' id='word_1_3' title='bbox 262 776 446 860; x_wconf 82' lang='lat' dir='ltr'>ingreditur</span> <span class='ocrx_word' id='word_1_4' title='bbox 473 779 583 861; x_wconf 90' lang='lat' dir='ltr'>capita</span> <span class='ocrx_word' id='word_1_5' title='bbox 612 779 739 845; x_wconf 92' lang='lat' dir='ltr'>Arietis</span> <span class='ocrx_word' id='word_1_6' title='bbox 768 792 803 846; x_wconf 86' lang='lat' dir='ltr'>et</span> <span class='ocrx_word' id='word_1_7' title='bbox 834 782 965 847; x_wconf 87' lang='lat' dir='ltr'>Librae.</span> <span class='ocrx_word' id='word_1_8' title='bbox 1011 780 1047 847; x_wconf 92' lang='lat' dir='ltr'>Si</span> <span class='ocrx_word' id='word_1_9' title='bbox 1077 802 1156 848; x_wconf 88' lang='lat' dir='ltr'>vero</span> <span class='ocrx_word' id='word_1_10' title='bbox 1192 782 1414 866; x_wconf 84' lang='lat' dir='ltr'>imaginemur</span> 
     </span>
     <span class='ocr_line' id='line_1_3' title="bbox 261 881 1412 974; baseline 0.004 -30"><span class='ocrx_word' id='word_1_11' title='bbox 261 881 363 944; x_wconf 92' lang='lat' dir='ltr'>alium</span> <span class='ocrx_word' id='word_1_12' title='bbox 393 882 550 947; x_wconf 90' lang='lat' dir='ltr'>circulum</span> <span class='ocrx_word' id='word_1_13' title='bbox 585 905 753 968; x_wconf 86' lang='lat' dir='ltr'>magnum,</span> <span class='ocrx_word' id='word_1_14' title='bbox 776 887 833 968; x_wconf 95' lang='lat' dir='ltr'>qui</span> <span class='ocrx_word' id='word_1_15' title='bbox 857 896 1005 952; x_wconf 88' lang='lat' dir='ltr'>transeat</span> <span class='ocrx_word' id='word_1_16' title='bbox 1033 907 1091 970; x_wconf 89' lang='lat' dir='ltr'>per</span> <span class='ocrx_word' id='word_1_17' title='bbox 1120 886 1218 974; x_wconf 93' lang='lat' dir='ltr'>polos</span> <span class='ocrx_word' id='word_1_18' title='bbox 1240 888 1355 952; x_wconf 91' lang='lat' dir='ltr'>mundi</span> <span class='ocrx_word' id='word_1_19' title='bbox 1378 895 1412 950; x_wconf 92' lang='lat' dir='ltr'>et</span> 
     </span>
     <span class='ocr_line' id='line_1_4' title="bbox 262 986 1412 1077; baseline 0.004 -28"><span class='ocrx_word' id='word_1_20' title='bbox 262 1005 322 1067; x_wconf 94' lang='lat' dir='ltr'>per</span> <span class='ocrx_word' id='word_1_21' title='bbox 366 986 447 1051; x_wconf 87' lang='lat' dir='ltr'>fines</span> <span class='ocrx_word' id='word_1_22' title='bbox 487 988 622 1052; x_wconf 88' lang='lat' dir='ltr'>orientis</span> <span class='ocrx_word' id='word_1_23' title='bbox 666 999 700 1054; x_wconf 88' lang='lat' dir='ltr'>et</span> <span class='ocrx_word' id='word_1_24' title='bbox 742 991 933 1071; x_wconf 89' lang='lat' dir='ltr'>occidentis,</span> <span class='ocrx_word' id='word_1_25' title='bbox 971 991 1225 1057; x_wconf 85' lang='lat' dir='ltr'>intersecantem</span> <span class='ocrx_word' id='word_1_26' title='bbox 1266 993 1412 1077; x_wconf 79' lang='lat' dir='ltr'>‘priorem</span> 
     </span>
     <span class='ocr_line' id='line_1_5' title="bbox 263 1090 1414 1178; baseline 0.004 -25"><span class='ocrx_word' id='word_1_27' title='bbox 263 1090 420 1154; x_wconf 91' lang='lat' dir='ltr'>circulum</span> <span class='ocrx_word' id='word_1_28' title='bbox 451 1093 493 1156; x_wconf 94' lang='lat' dir='ltr'>ad</span> <span class='ocrx_word' id='word_1_29' title='bbox 524 1093 663 1178; x_wconf 87' lang='lat' dir='ltr'>angulos</span> <span class='ocrx_word' id='word_1_30' title='bbox 690 1105 808 1171; x_wconf 89' lang='lat' dir='ltr'>rectos,</span> <span class='ocrx_word' id='word_1_31' title='bbox 837 1097 894 1177; x_wconf 93' lang='lat' dir='ltr'>qui</span> <span class='ocrx_word' id='word_1_32' title='bbox 924 1104 1063 1160; x_wconf 90' lang='lat' dir='ltr'>vocatur</span> <span class='ocrx_word' id='word_1_33' title='bbox 1091 1096 1224 1161; x_wconf 90' lang='lat' dir='ltr'>colurus</span> <span class='ocrx_word' id='word_1_34' title='bbox 1252 1095 1414 1161; x_wconf 88' lang='lat' dir='ltr'>transiens</span> 
     </span>
     <span class='ocr_line' id='line_1_6' title="bbox 263 1197 1413 1284; baseline 0.005 -28"><span class='ocrx_word' id='word_1_35' title='bbox 263 1214 322 1277; x_wconf 90' lang='lat' dir='ltr'>per</span> <span class='ocrx_word' id='word_1_36' title='bbox 333 1197 549 1276; x_wconf 92' lang='lat' dir='ltr'>aequinoctia,</span> <span class='ocrx_word' id='word_1_37' title='bbox 564 1208 643 1262; x_wconf 93' lang='lat' dir='ltr'>tunc</span> <span class='ocrx_word' id='word_1_38' title='bbox 657 1198 786 1263; x_wconf 89' lang='lat' dir='ltr'>coelum</span> <span class='ocrx_word' id='word_1_39' title='bbox 803 1201 848 1263; x_wconf 91' lang='lat' dir='ltr'>sic</span> <span class='ocrx_word' id='word_1_40' title='bbox 863 1200 1029 1265; x_wconf 86' lang='lat' dir='ltr'>dividetur</span> <span class='ocrx_word' id='word_1_41' title='bbox 1043 1221 1102 1284; x_wconf 92' lang='lat' dir='ltr'>per</span> <span class='ocrx_word' id='word_1_42' title='bbox 1112 1211 1254 1284; x_wconf 91' lang='lat' dir='ltr'>quatuor</span> <span class='ocrx_word' id='word_1_43' title='bbox 1269 1210 1413 1284; x_wconf 89' lang='lat' dir='ltr'>quartas,</span> 
     </span>
     <span class='ocr_line' id='line_1_7' title="bbox 262 1302 1414 1385; baseline 0.004 -24"><span class='ocrx_word' id='word_1_44' title='bbox 262 1319 401 1382; x_wconf 90' lang='lat' dir='ltr'>quarum</span> <span class='ocrx_word' id='word_1_45' title='bbox 425 1302 511 1364; x_wconf 90' lang='lat' dir='ltr'>duae</span> <span class='ocrx_word' id='word_1_46' title='bbox 542 1311 637 1366; x_wconf 86' lang='lat' dir='ltr'>erunt</span> <span class='ocrx_word' id='word_1_47' title='bbox 666 1323 765 1385; x_wconf 88' lang='lat' dir='ltr'>supra</span> <span class='ocrx_word' id='word_1_48' title='bbox 794 1312 917 1368; x_wconf 91' lang='lat' dir='ltr'>terram</span> <span class='ocrx_word' id='word_1_49' title='bbox 947 1304 981 1368; x_wconf 92' lang='lat' dir='ltr'>in</span> <span class='ocrx_word' id='word_1_50' title='bbox 1010 1304 1076 1368; x_wconf 91' lang='lat' dir='ltr'>situ</span> <span class='ocrx_word' id='word_1_51' title='bbox 1110 1312 1233 1383; x_wconf 92' lang='lat' dir='ltr'>nostro,</span> <span class='ocrx_word' id='word_1_52' title='bbox 1264 1316 1299 1369; x_wconf 92' lang='lat' dir='ltr'>et</span> <span class='ocrx_word' id='word_1_53' title='bbox 1330 1304 1414 1368; x_wconf 88' lang='lat' dir='ltr'>aliae</span> 
     </span>
     <span class='ocr_line' id='line_1_8' title="bbox 264 1403 1413 1491; baseline 0.004 -25"><span class='ocrx_word' id='word_1_54' title='bbox 264 1403 350 1466; x_wconf 89' lang='lat' dir='ltr'>duae</span> <span class='ocrx_word' id='word_1_55' title='bbox 380 1406 442 1468; x_wconf 91' lang='lat' dir='ltr'>sub</span> <span class='ocrx_word' id='word_1_56' title='bbox 471 1414 568 1468; x_wconf 90' lang='lat' dir='ltr'>terra.</span> <span class='ocrx_word' id='word_1_57' title='bbox 614 1404 660 1470; x_wconf 89' lang='lat' dir='ltr'>Et</span> <span class='ocrx_word' id='word_1_58' title='bbox 684 1407 745 1471; x_wconf 91' lang='lat' dir='ltr'>erit</span> <span class='ocrx_word' id='word_1_59' title='bbox 777 1428 842 1471; x_wconf 88' lang='lat' dir='ltr'>una</span> <span class='ocrx_word' id='word_1_60' title='bbox 867 1416 986 1490; x_wconf 90' lang='lat' dir='ltr'>quarta</span> <span class='ocrx_word' id='word_1_61' title='bbox 1016 1409 1285 1490; x_wconf 88' lang='lat' dir='ltr'>septentrionalis</span> <span class='ocrx_word' id='word_1_62' title='bbox 1314 1428 1413 1491; x_wconf 91' lang='lat' dir='ltr'>supra</span> 
     </span>
     <span class='ocr_line' id='line_1_9' title="bbox 265 1508 1412 1596; baseline 0.005 -26"><span class='ocrx_word' id='word_1_63' title='bbox 265 1527 334 1584; x_wconf 91' lang='lat' dir='ltr'>nos,</span> <span class='ocrx_word' id='word_1_64' title='bbox 367 1508 491 1572; x_wconf 91' lang='lat' dir='ltr'>scilicet</span> <span class='ocrx_word' id='word_1_65' title='bbox 521 1530 608 1593; x_wconf 89' lang='lat' dir='ltr'>quae</span> <span class='ocrx_word' id='word_1_66' title='bbox 633 1511 857 1576; x_wconf 86' lang='lat' dir='ltr'>continebitur</span> <span class='ocrx_word' id='word_1_67' title='bbox 880 1512 968 1576; x_wconf 90' lang='lat' dir='ltr'>inter</span> <span class='ocrx_word' id='word_1_68' title='bbox 994 1513 1210 1577; x_wconf 90' lang='lat' dir='ltr'>medietatem</span> <span class='ocrx_word' id='word_1_69' title='bbox 1237 1512 1412 1596; x_wconf 89' lang='lat' dir='ltr'>aequinoc-</span> 
     </span>
     <span class='ocr_line' id='line_1_10' title="bbox 263 1612 1413 1698; baseline 0.003 -23"><span class='ocrx_word' id='word_1_70' title='bbox 263 1612 351 1676; x_wconf 90' lang='lat' dir='ltr'>tialis</span> <span class='ocrx_word' id='word_1_71' title='bbox 367 1613 479 1677; x_wconf 92' lang='lat' dir='ltr'>circuli</span> <span class='ocrx_word' id='word_1_72' title='bbox 502 1624 535 1679; x_wconf 90' lang='lat' dir='ltr'>et</span> <span class='ocrx_word' id='word_1_73' title='bbox 557 1613 640 1679; x_wconf 90' lang='lat' dir='ltr'>duas</span> <span class='ocrx_word' id='word_1_74' title='bbox 655 1625 789 1698; x_wconf 89' lang='lat' dir='ltr'>quartas</span> <span class='ocrx_word' id='word_1_75' title='bbox 804 1616 906 1681; x_wconf 91' lang='lat' dir='ltr'>coluri</span> <span class='ocrx_word' id='word_1_76' title='bbox 922 1617 1012 1693; x_wconf 89' lang='lat' dir='ltr'>dicti,</span> <span class='ocrx_word' id='word_1_77' title='bbox 1028 1617 1223 1682; x_wconf 89' lang='lat' dir='ltr'>terminatas</span> <span class='ocrx_word' id='word_1_78' title='bbox 1238 1617 1283 1680; x_wconf 92' lang='lat' dir='ltr'>ad</span> <span class='ocrx_word' id='word_1_79' title='bbox 1299 1616 1413 1698; x_wconf 90' lang='lat' dir='ltr'>polum</span> 
     </span>
     <span class='ocr_line' id='line_1_11' title="bbox 265 1716 1415 1805; baseline 0.004 -26"><span class='ocrx_word' id='word_1_80' title='bbox 265 1716 423 1781; x_wconf 87' lang='lat' dir='ltr'>arcticum</span> <span class='ocrx_word' id='word_1_81' title='bbox 439 1739 483 1782; x_wconf 87' lang='lat' dir='ltr'>ex</span> <span class='ocrx_word' id='word_1_82' title='bbox 506 1740 572 1782; x_wconf 91' lang='lat' dir='ltr'>una</span> <span class='ocrx_word' id='word_1_83' title='bbox 595 1730 700 1803; x_wconf 89' lang='lat' dir='ltr'>parte,</span> <span class='ocrx_word' id='word_1_84' title='bbox 714 1731 750 1786; x_wconf 92' lang='lat' dir='ltr'>et</span> <span class='ocrx_word' id='word_1_85' title='bbox 772 1743 817 1785; x_wconf 88' lang='lat' dir='ltr'>ex</span> <span class='ocrx_word' id='word_1_86' title='bbox 835 1721 901 1785; x_wconf 93' lang='lat' dir='ltr'>alia</span> <span class='ocrx_word' id='word_1_87' title='bbox 921 1721 964 1785; x_wconf 94' lang='lat' dir='ltr'>ad</span> <span class='ocrx_word' id='word_1_88' title='bbox 980 1731 1104 1805; x_wconf 92' lang='lat' dir='ltr'>puncta</span> <span class='ocrx_word' id='word_1_89' title='bbox 1124 1721 1260 1786; x_wconf 88' lang='lat' dir='ltr'>orientis</span> <span class='ocrx_word' id='word_1_90' title='bbox 1278 1730 1314 1785; x_wconf 92' lang='lat' dir='ltr'>et</span> <span class='ocrx_word' id='word_1_91' title='bbox 1328 1722 1415 1785; x_wconf 92' lang='lat' dir='ltr'>occi·</span> 
     </span>
     <span class='ocr_line' id='line_1_12' title="bbox 263 1821 1415 1909; baseline 0.004 -26"><span class='ocrx_word' id='word_1_92' title='bbox 263 1821 373 1886; x_wconf 92' lang='lat' dir='ltr'>dentis</span> <span class='ocrx_word' id='word_1_93' title='bbox 395 1823 485 1904; x_wconf 91' lang='lat' dir='ltr'>apud</span> <span class='ocrx_word' id='word_1_94' title='bbox 510 1824 794 1906; x_wconf 89' lang='lat' dir='ltr'>aequinoctialem,</span> <span class='ocrx_word' id='word_1_95' title='bbox 817 1835 855 1890; x_wconf 91' lang='lat' dir='ltr'>ut</span> <span class='ocrx_word' id='word_1_96' title='bbox 877 1835 972 1908; x_wconf 90' lang='lat' dir='ltr'>patet</span> <span class='ocrx_word' id='word_1_97' title='bbox 995 1828 1028 1888; x_wconf 95' lang='lat' dir='ltr'>in</span> <span class='ocrx_word' id='word_1_98' title='bbox 1052 1825 1168 1909; x_wconf 87' lang='lat' dir='ltr'>figura,</span> <span class='ocrx_word' id='word_1_99' title='bbox 1187 1835 1222 1890; x_wconf 94' lang='lat' dir='ltr'>et</span> <span class='ocrx_word' id='word_1_100' title='bbox 1250 1825 1334 1890; x_wconf 88' lang='lat' dir='ltr'>haec</span> <span class='ocrx_word' id='word_1_101' title='bbox 1363 1834 1415 1889; x_wconf 91' lang='lat' dir='ltr'>est</span> 
     </span>
     <span class='ocr_line' id='line_1_13' title="bbox 263 1929 1415 2013; baseline 0.004 -25"><span class='ocrx_word' id='word_1_102' title='bbox 263 1935 382 2006; x_wconf 92' lang='lat' dir='ltr'>quarta</span> <span class='ocrx_word' id='word_1_103' title='bbox 403 1947 479 2009; x_wconf 92' lang='lat' dir='ltr'>pars</span> <span class='ocrx_word' id='word_1_104' title='bbox 495 1949 580 2012; x_wconf 90' lang='lat' dir='ltr'>quae</span> <span class='ocrx_word' id='word_1_105' title='bbox 602 1939 653 1994; x_wconf 89' lang='lat' dir='ltr'>est</span> <span class='ocrx_word' id='word_1_106' title='bbox 675 1951 783 2012; x_wconf 91' lang='lat' dir='ltr'>supra.</span> <span class='ocrx_word' id='word_1_107' title='bbox 828 1929 1002 1995; x_wconf 90' lang='lat' dir='ltr'>Consimili</span> <span class='ocrx_word' id='word_1_108' title='bbox 1026 1938 1137 1994; x_wconf 89' lang='lat' dir='ltr'>autem</span> <span class='ocrx_word' id='word_1_109' title='bbox 1160 1931 1263 1994; x_wconf 91' lang='lat' dir='ltr'>modo</span> <span class='ocrx_word' id='word_1_110' title='bbox 1282 1937 1415 2013; x_wconf 87' lang='lat' dir='ltr'>oportet</span> 
     </span>
     <span class='ocr_line' id='line_1_14' title="bbox 265 2031 1415 2116; baseline 0.005 -24"><span class='ocrx_word' id='word_1_111' title='bbox 265 2049 325 2093; x_wconf 93' lang='lat' dir='ltr'>nos</span> <span class='ocrx_word' id='word_1_112' title='bbox 356 2031 526 2115; x_wconf 90' lang='lat' dir='ltr'>imaginari</span> <span class='ocrx_word' id='word_1_113' title='bbox 556 2043 676 2098; x_wconf 90' lang='lat' dir='ltr'>terram</span> <span class='ocrx_word' id='word_1_114' title='bbox 699 2034 906 2116; x_wconf 86' lang='lat' dir='ltr'>sphaericam</span> <span class='ocrx_word' id='word_1_115' title='bbox 930 2053 1011 2106; x_wconf 86' lang='lat' dir='ltr'>esse,</span> <span class='ocrx_word' id='word_1_116' title='bbox 1042 2045 1076 2098; x_wconf 93' lang='lat' dir='ltr'>et</span> <span class='ocrx_word' id='word_1_117' title='bbox 1106 2033 1183 2096; x_wconf 93' lang='lat' dir='ltr'>illae</span> <span class='ocrx_word' id='word_1_118' title='bbox 1211 2044 1279 2097; x_wconf 91' lang='lat' dir='ltr'>tres</span> <span class='ocrx_word' id='word_1_119' title='bbox 1309 2033 1415 2098; x_wconf 85' lang='lat' dir='ltr'>lineae</span> 
     </span>
     <span class='ocr_line' id='line_1_15' title="bbox 264 2134 1413 2219; baseline 0.003 -23"><span class='ocrx_word' id='word_1_120' title='bbox 264 2134 453 2216; x_wconf 88' lang='lat' dir='ltr'>praedictae</span> <span class='ocrx_word' id='word_1_121' title='bbox 466 2136 655 2200; x_wconf 89' lang='lat' dir='ltr'>transibunt</span> <span class='ocrx_word' id='word_1_122' title='bbox 671 2157 729 2219; x_wconf 91' lang='lat' dir='ltr'>per</span> <span class='ocrx_word' id='word_1_123' title='bbox 743 2147 893 2201; x_wconf 90' lang='lat' dir='ltr'>centrum</span> <span class='ocrx_word' id='word_1_124' title='bbox 905 2145 1013 2202; x_wconf 88' lang='lat' dir='ltr'>terrae</span> <span class='ocrx_word' id='word_1_125' title='bbox 1029 2137 1262 2201; x_wconf 88' lang='lat' dir='ltr'>intersecantes</span> <span class='ocrx_word' id='word_1_126' title='bbox 1273 2157 1308 2201; x_wconf 91' lang='lat' dir='ltr'>se</span> <span class='ocrx_word' id='word_1_127' title='bbox 1322 2138 1356 2200; x_wconf 92' lang='lat' dir='ltr'>in</span> <span class='ocrx_word' id='word_1_128' title='bbox 1372 2158 1413 2201; x_wconf 92' lang='lat' dir='ltr'>eo</span> 
     </span>
     <span class='ocr_line' id='line_1_16' title="bbox 264 2239 1414 2324; baseline 0.003 -23"><span class='ocrx_word' id='word_1_129' title='bbox 264 2239 307 2301; x_wconf 92' lang='lat' dir='ltr'>ad</span> <span class='ocrx_word' id='word_1_130' title='bbox 323 2239 463 2323; x_wconf 85' lang='lat' dir='ltr'>angulos</span> <span class='ocrx_word' id='word_1_131' title='bbox 485 2248 613 2319; x_wconf 91' lang='lat' dir='ltr'>rectos;</span> <span class='ocrx_word' id='word_1_132' title='bbox 636 2260 721 2304; x_wconf 89' lang='lat' dir='ltr'>nam·</span> <span class='ocrx_word' id='word_1_133' title='bbox 735 2250 811 2306; x_wconf 92' lang='lat' dir='ltr'>sunt</span> <span class='ocrx_word' id='word_1_134' title='bbox 835 2240 1122 2324; x_wconf 87' lang='lat' dir='ltr'>perpendiculares</span> <span class='ocrx_word' id='word_1_135' title='bbox 1146 2262 1245 2324; x_wconf 91' lang='lat' dir='ltr'>super</span> <span class='ocrx_word' id='word_1_136' title='bbox 1270 2261 1357 2318; x_wconf 90' lang='lat' dir='ltr'>eam,</span> <span class='ocrx_word' id='word_1_137' title='bbox 1380 2249 1414 2305; x_wconf 91' lang='lat' dir='ltr'>et</span> 
     </span>
     <span class='ocr_line' id='line_1_17' title="bbox 264 2343 1414 2424; baseline 0.001 -18"><span class='ocrx_word' id='word_1_138' title='bbox 264 2343 344 2424; x_wconf 90' lang='lat' dir='ltr'>quia</span> <span class='ocrx_word' id='word_1_139' title='bbox 359 2343 393 2406; x_wconf 94' lang='lat' dir='ltr'>in</span> <span class='ocrx_word' id='word_1_140' title='bbox 408 2363 521 2407; x_wconf 90' lang='lat' dir='ltr'>earum</span> <span class='ocrx_word' id='word_1_141' title='bbox 539 2344 770 2409; x_wconf 88' lang='lat' dir='ltr'>intersectione</span> <span class='ocrx_word' id='word_1_142' title='bbox 785 2355 835 2409; x_wconf 89' lang='lat' dir='ltr'>est</span> <span class='ocrx_word' id='word_1_143' title='bbox 851 2355 999 2409; x_wconf 88' lang='lat' dir='ltr'>centrum</span> <span class='ocrx_word' id='word_1_144' title='bbox 1015 2345 1099 2408; x_wconf 91' lang='lat' dir='ltr'>coeli</span> <span class='ocrx_word' id='word_1_145' title='bbox 1114 2354 1148 2408; x_wconf 92' lang='lat' dir='ltr'>et</span> <span class='ocrx_word' id='word_1_146' title='bbox 1167 2345 1271 2408; x_wconf 90' lang='lat' dir='ltr'>totius</span> <span class='ocrx_word' id='word_1_147' title='bbox 1287 2344 1414 2421; x_wconf 90' lang='lat' dir='ltr'>mundi,</span> 
     </span>
     <span class='ocr_line' id='line_1_18' title="bbox 265 2449 1414 2531; baseline 0.001 -22"><span class='ocrx_word' id='word_1_148' title='bbox 265 2466 401 2511; x_wconf 88' lang='lat' dir='ltr'>necesse</span> <span class='ocrx_word' id='word_1_149' title='bbox 416 2449 571 2531; x_wconf 75' lang='lat' dir='ltr'>estquod</span> <span class='ocrx_word' id='word_1_150' title='bbox 588 2449 676 2513; x_wconf 92' lang='lat' dir='ltr'>idem</span> <span class='ocrx_word' id='word_1_151' title='bbox 692 2458 836 2531; x_wconf 91' lang='lat' dir='ltr'>punctus</span> <span class='ocrx_word' id='word_1_152' title='bbox 856 2450 899 2512; x_wconf 89' lang='lat' dir='ltr'>sit</span> <span class='ocrx_word' id='word_1_153' title='bbox 920 2459 1070 2512; x_wconf 88' lang='lat' dir='ltr'>centrum</span> <span class='ocrx_word' id='word_1_154' title='bbox 1090 2450 1205 2512; x_wconf 91' lang='lat' dir='ltr'>mundi</span> <span class='ocrx_word' id='word_1_155' title='bbox 1230 2457 1264 2513; x_wconf 93' lang='lat' dir='ltr'>et</span> <span class='ocrx_word' id='word_1_156' title='bbox 1286 2459 1414 2524; x_wconf 85' lang='lat' dir='ltr'>terrae3</span> 
     </span>
     <span class='ocr_line' id='line_1_19' title="bbox 264 2553 1415 2637; baseline 0.003 -25"><span class='ocrx_word' id='word_1_157' title='bbox 264 2553 342 2632; x_wconf 92' lang='lat' dir='ltr'>quia</span> <span class='ocrx_word' id='word_1_158' title='bbox 352 2553 541 2617; x_wconf 90' lang='lat' dir='ltr'>intersectio</span> <span class='ocrx_word' id='word_1_159' title='bbox 550 2555 613 2617; x_wconf 90' lang='lat' dir='ltr'>ista</span> <span class='ocrx_word' id='word_1_160' title='bbox 622 2573 687 2617; x_wconf 93' lang='lat' dir='ltr'>non</span> <span class='ocrx_word' id='word_1_161' title='bbox 698 2563 749 2618; x_wconf 92' lang='lat' dir='ltr'>est</span> <span class='ocrx_word' id='word_1_162' title='bbox 761 2555 820 2618; x_wconf 92' lang='lat' dir='ltr'>nisi</span> <span class='ocrx_word' id='word_1_163' title='bbox 830 2555 862 2616; x_wconf 94' lang='lat' dir='ltr'>in</span> <span class='ocrx_word' id='word_1_164' title='bbox 872 2563 997 2635; x_wconf 92' lang='lat' dir='ltr'>puncto</span> <span class='ocrx_word' id='word_1_165' title='bbox 1007 2553 1307 2637; x_wconf 87' lang='lat' dir='ltr'>uno,perquintam</span> <span class='ocrx_word' id='word_1_166' title='bbox 1318 2553 1415 2636; x_wconf 90' lang='lat' dir='ltr'>primi</span> 
     </span>
     <span class='ocr_line' id='line_1_20' title="bbox 265 2653 1415 2742; baseline 0.003 -24"><span class='ocrx_word' id='word_1_167' title='bbox 265 2653 340 2719; x_wconf 91' lang='lat' dir='ltr'>libri</span> <span class='ocrx_word' id='word_1_168' title='bbox 356 2655 533 2723; x_wconf 85' lang='lat' dir='ltr'>Theodosii</span> <span class='ocrx_word' id='word_1_169' title='bbox 548 2658 592 2722; x_wconf 91' lang='lat' dir='ltr'>de</span> <span class='ocrx_word' id='word_1_170' title='bbox 608 2657 773 2742; x_wconf 90' lang='lat' dir='ltr'>Sphaeris.</span> <span class='ocrx_word' id='word_1_171' title='bbox 820 2658 910 2722; x_wconf 91' lang='lat' dir='ltr'>Nam</span> <span class='ocrx_word' id='word_1_172' title='bbox 931 2658 959 2721; x_wconf 90' lang='lat' dir='ltr'>si</span> <span class='ocrx_word' id='word_1_173' title='bbox 980 2657 1066 2721; x_wconf 90' lang='lat' dir='ltr'>linea</span> <span class='ocrx_word' id='word_1_174' title='bbox 1086 2667 1177 2722; x_wconf 90' lang='lat' dir='ltr'>recta</span> <span class='ocrx_word' id='word_1_175' title='bbox 1197 2657 1415 2722; x_wconf 89' lang='lat' dir='ltr'>descendata</span> 
     </span>
     <span class='ocr_line' id='line_1_21' title="bbox 265 2761 1416 2846; baseline 0.002 -23"><span class='ocrx_word' id='word_1_176' title='bbox 265 2761 360 2824; x_wconf 89' lang='lat' dir='ltr'>coelo</span> <span class='ocrx_word' id='word_1_177' title='bbox 375 2761 688 2845; x_wconf 88' lang='lat' dir='ltr'>perpendiculariter</span> <span class='ocrx_word' id='word_1_178' title='bbox 699 2764 741 2827; x_wconf 89' lang='lat' dir='ltr'>ad</span> <span class='ocrx_word' id='word_1_179' title='bbox 757 2762 962 2845; x_wconf 91' lang='lat' dir='ltr'>superficiem</span> <span class='ocrx_word' id='word_1_180' title='bbox 977 2763 1224 2846; x_wconf 85' lang='lat' dir='ltr'>contingentem</span> <span class='ocrx_word' id='word_1_181' title='bbox 1240 2762 1416 2845; x_wconf 88' lang='lat' dir='ltr'>sphaeram</span> 
     </span>
     <span class='ocr_line' id='line_1_22' title="bbox 265 2866 1416 2951; baseline 0.002 -23"><span class='ocrx_word' id='word_1_182' title='bbox 265 2876 381 2937; x_wconf 87' lang='lat' dir='ltr'>terrae,</span> <span class='ocrx_word' id='word_1_183' title='bbox 405 2866 437 2929; x_wconf 93' lang='lat' dir='ltr'>in</span> <span class='ocrx_word' id='word_1_184' title='bbox 462 2888 502 2931; x_wconf 90' lang='lat' dir='ltr'>ea</span> <span class='ocrx_word' id='word_1_185' title='bbox 523 2867 586 2932; x_wconf 89' lang='lat' dir='ltr'>erit</span> <span class='ocrx_word' id='word_1_186' title='bbox 608 2876 757 2932; x_wconf 84' lang='lat' dir='ltr'>centnrm</span> <span class='ocrx_word' id='word_1_187' title='bbox 781 2876 897 2945; x_wconf 86' lang='lat' dir='ltr'>terrae,</span> <span class='ocrx_word' id='word_1_188' title='bbox 927 2886 987 2951; x_wconf 91' lang='lat' dir='ltr'>per</span> <span class='ocrx_word' id='word_1_189' title='bbox 1016 2866 1106 2930; x_wconf 93' lang='lat' dir='ltr'>illam</span> <span class='ocrx_word' id='word_1_190' title='bbox 1138 2867 1299 2949; x_wconf 86' lang='lat' dir='ltr'>quintam,</span> <span class='ocrx_word' id='word_1_191' title='bbox 1329 2886 1416 2949; x_wconf 89' lang='lat' dir='ltr'>quae</span> 
     </span>
     <span class='ocr_line' id='line_1_23' title="bbox 266 2967 1416 3055; baseline 0.003 -23"><span class='ocrx_word' id='word_1_192' title='bbox 266 2969 357 3047; x_wconf 91' lang='lat' dir='ltr'>dicit,</span> <span class='ocrx_word' id='word_1_193' title='bbox 373 2967 409 3033; x_wconf 94' lang='lat' dir='ltr'>Si</span> <span class='ocrx_word' id='word_1_194' title='bbox 432 2971 607 3052; x_wconf 89' lang='lat' dir='ltr'>sphaeram</span> <span class='ocrx_word' id='word_1_195' title='bbox 626 2971 726 3055; x_wconf 92' lang='lat' dir='ltr'>plana</span> <span class='ocrx_word' id='word_1_196' title='bbox 744 2970 935 3054; x_wconf 87' lang='lat' dir='ltr'>superficies</span> <span class='ocrx_word' id='word_1_197' title='bbox 955 2971 1136 3053; x_wconf 87' lang='lat' dir='ltr'>contingat,</span> <span class='ocrx_word' id='word_1_198' title='bbox 1151 2992 1172 3035; x_wconf 91' lang='lat' dir='ltr'>a</span> <span class='ocrx_word' id='word_1_199' title='bbox 1191 2981 1318 3052; x_wconf 90' lang='lat' dir='ltr'>puncto</span> <span class='ocrx_word' id='word_1_200' title='bbox 1337 2990 1416 3035; x_wconf 90' lang='lat' dir='ltr'>vero</span> 
     </span>
     <span class='ocr_line' id='line_1_24' title="bbox 267 3074 1415 3158; baseline 0.001 -21"><span class='ocrx_word' id='word_1_201' title='bbox 267 3084 439 3139; x_wconf 89' lang='lat' dir='ltr'>contactus</span> <span class='ocrx_word' id='word_1_202' title='bbox 456 3086 546 3140; x_wconf 89' lang='lat' dir='ltr'>recta</span> <span class='ocrx_word' id='word_1_203' title='bbox 561 3075 647 3139; x_wconf 87' lang='lat' dir='ltr'>linea</span> <span class='ocrx_word' id='word_1_204' title='bbox 662 3077 705 3139; x_wconf 90' lang='lat' dir='ltr'>ad</span> <span class='ocrx_word' id='word_1_205' title='bbox 715 3077 966 3158; x_wconf 88' lang='lat' dir='ltr'>contingentem</span> <span class='ocrx_word' id='word_1_206' title='bbox 981 3074 1186 3157; x_wconf 89' lang='lat' dir='ltr'>superficiem</span> <span class='ocrx_word' id='word_1_207' title='bbox 1197 3074 1415 3158; x_wconf 91' lang='lat' dir='ltr'>perpendicu-</span> 
     </span>
     <span class='ocr_line' id='line_1_25' title="bbox 266 3176 1415 3261; baseline 0.001 -20"><span class='ocrx_word' id='word_1_208' title='bbox 266 3176 378 3244; x_wconf 90' lang='lat' dir='ltr'>lariter</span> <span class='ocrx_word' id='word_1_209' title='bbox 393 3181 543 3257; x_wconf 89' lang='lat' dir='ltr'>ducatur,</span> <span class='ocrx_word' id='word_1_210' title='bbox 559 3180 591 3242; x_wconf 93' lang='lat' dir='ltr'>in</span> <span class='ocrx_word' id='word_1_211' title='bbox 608 3180 724 3243; x_wconf 91' lang='lat' dir='ltr'>eadem</span> <span class='ocrx_word' id='word_1_212' title='bbox 748 3189 899 3244; x_wconf 92' lang='lat' dir='ltr'>centrum</span> <span class='ocrx_word' id='word_1_213' title='bbox 922 3178 1083 3261; x_wconf 87' lang='lat' dir='ltr'>sphaerae</span> <span class='ocrx_word' id='word_1_214' title='bbox 1103 3199 1175 3243; x_wconf 89' lang='lat' dir='ltr'>esse</span> <span class='ocrx_word' id='word_1_215' title='bbox 1191 3198 1326 3242; x_wconf 89' lang='lat' dir='ltr'>necesse</span> <span class='ocrx_word' id='word_1_216' title='bbox 1344 3185 1415 3242; x_wconf 83' lang='lat' dir='ltr'>est:</span> 
     </span>
     <span class='ocr_line' id='line_1_26' title="bbox 266 3280 1415 3367; baseline -0.001 -22"><span class='ocrx_word' id='word_1_217' title='bbox 266 3282 325 3345; x_wconf 90' lang='lat' dir='ltr'>sed</span> <span class='ocrx_word' id='word_1_218' title='bbox 350 3283 405 3346; x_wconf 92' lang='lat' dir='ltr'>illa</span> <span class='ocrx_word' id='word_1_219' title='bbox 424 3284 540 3347; x_wconf 88' lang='lat' dir='ltr'>eadem</span> <span class='ocrx_word' id='word_1_220' title='bbox 562 3284 649 3347; x_wconf 87' lang='lat' dir='ltr'>linea</span> <span class='ocrx_word' id='word_1_221' title='bbox 668 3284 731 3346; x_wconf 90' lang='lat' dir='ltr'>erit</span> <span class='ocrx_word' id='word_1_222' title='bbox 754 3282 1032 3367; x_wconf 88' lang='lat' dir='ltr'>perpendicularis</span> <span class='ocrx_word' id='word_1_223' title='bbox 1052 3283 1095 3345; x_wconf 94' lang='lat' dir='ltr'>ad</span> <span class='ocrx_word' id='word_1_224' title='bbox 1116 3280 1321 3365; x_wconf 86' lang='lat' dir='ltr'>superficiem</span> <span class='ocrx_word' id='word_1_225' title='bbox 1337 3301 1415 3346; x_wconf 89' lang='lat' dir='ltr'>con-</span> 
     </span>
     <span class='ocr_line' id='line_1_27' title="bbox 268 3384 1415 3470; baseline -0.001 -21"><span class='ocrx_word' id='word_1_226' title='bbox 268 3386 454 3470; x_wconf 89' lang='lat' dir='ltr'>tingentem</span> <span class='ocrx_word' id='word_1_227' title='bbox 477 3386 652 3468; x_wconf 90' lang='lat' dir='ltr'>sphaeram</span> <span class='ocrx_word' id='word_1_228' title='bbox 672 3386 764 3464; x_wconf 92' lang='lat' dir='ltr'>coeli,</span> <span class='ocrx_word' id='word_1_229' title='bbox 788 3406 868 3469; x_wconf 90' lang='lat' dir='ltr'>ergo</span> <span class='ocrx_word' id='word_1_230' title='bbox 888 3386 922 3450; x_wconf 92' lang='lat' dir='ltr'>in</span> <span class='ocrx_word' id='word_1_231' title='bbox 942 3385 999 3450; x_wconf 91' lang='lat' dir='ltr'>illa</span> <span class='ocrx_word' id='word_1_232' title='bbox 1016 3387 1079 3451; x_wconf 92' lang='lat' dir='ltr'>erit</span> <span class='ocrx_word' id='word_1_233' title='bbox 1100 3395 1248 3450; x_wconf 90' lang='lat' dir='ltr'>centrum</span> <span class='ocrx_word' id='word_1_234' title='bbox 1267 3384 1360 3461; x_wconf 88' lang='lat' dir='ltr'>coeli,</span> <span class='ocrx_word' id='word_1_235' title='bbox 1380 3395 1415 3449; x_wconf 92' lang='lat' dir='ltr'>et</span> 
     </span>
     <span class='ocr_line' id='line_1_28' title="bbox 267 3488 1414 3573; baseline 0 -21"><span class='ocrx_word' id='word_1_236' title='bbox 267 3488 351 3553; x_wconf 91' lang='lat' dir='ltr'>haec</span> <span class='ocrx_word' id='word_1_237' title='bbox 381 3490 469 3554; x_wconf 92' lang='lat' dir='ltr'>linea</span> <span class='ocrx_word' id='word_1_238' title='bbox 499 3499 550 3554; x_wconf 91' lang='lat' dir='ltr'>est</span> <span class='ocrx_word' id='word_1_239' title='bbox 580 3511 646 3553; x_wconf 91' lang='lat' dir='ltr'>una</span> <span class='ocrx_word' id='word_1_240' title='bbox 675 3491 775 3555; x_wconf 91' lang='lat' dir='ltr'>trium</span> <span class='ocrx_word' id='word_1_241' title='bbox 802 3491 976 3554; x_wconf 91' lang='lat' dir='ltr'>dictarum.</span> <span class='ocrx_word' id='word_1_242' title='bbox 1022 3488 1182 3554; x_wconf 91' lang='lat' dir='ltr'>Similiter</span> <span class='ocrx_word' id='word_1_243' title='bbox 1210 3500 1243 3554; x_wconf 90' lang='lat' dir='ltr'>et</span> <span class='ocrx_word' id='word_1_244' title='bbox 1276 3499 1414 3573; x_wconf 91' lang='lat' dir='ltr'>utraque</span> 
     </span>
     <span class='ocr_line' id='line_1_29' title="bbox 267 3591 1416 3677; baseline 0 -20"><span class='ocrx_word' id='word_1_245' title='bbox 267 3594 407 3658; x_wconf 91' lang='lat' dir='ltr'>aliarum</span> <span class='ocrx_word' id='word_1_246' title='bbox 429 3614 489 3677; x_wconf 89' lang='lat' dir='ltr'>per</span> <span class='ocrx_word' id='word_1_247' title='bbox 510 3594 650 3658; x_wconf 91' lang='lat' dir='ltr'>eandem</span> <span class='ocrx_word' id='word_1_248' title='bbox 674 3594 834 3659; x_wconf 86' lang='lat' dir='ltr'>rationem</span> <span class='ocrx_word' id='word_1_249' title='bbox 858 3593 1011 3658; x_wconf 87' lang='lat' dir='ltr'>transibit</span> <span class='ocrx_word' id='word_1_250' title='bbox 1032 3614 1092 3676; x_wconf 91' lang='lat' dir='ltr'>per</span> <span class='ocrx_word' id='word_1_251' title='bbox 1110 3602 1260 3658; x_wconf 88' lang='lat' dir='ltr'>centrum</span> <span class='ocrx_word' id='word_1_252' title='bbox 1280 3591 1363 3658; x_wconf 91' lang='lat' dir='ltr'>coeli</span> <span class='ocrx_word' id='word_1_253' title='bbox 1381 3602 1416 3657; x_wconf 90' lang='lat' dir='ltr'>et</span> 
     </span>
     <span class='ocr_line' id='line_1_30' title="bbox 267 3696 1415 3782; baseline -0.001 -21"><span class='ocrx_word' id='word_1_254' title='bbox 267 3708 418 3762; x_wconf 91' lang='lat' dir='ltr'>centrum</span> <span class='ocrx_word' id='word_1_255' title='bbox 441 3707 564 3761; x_wconf 87' lang='lat' dir='ltr'>terrae:</span> <span class='ocrx_word' id='word_1_256' title='bbox 595 3696 654 3762; x_wconf 94' lang='lat' dir='ltr'>sed</span> <span class='ocrx_word' id='word_1_257' title='bbox 678 3698 845 3782; x_wconf 89' lang='lat' dir='ltr'>quaelibet</span> <span class='ocrx_word' id='word_1_258' title='bbox 868 3700 1006 3762; x_wconf 90' lang='lat' dir='ltr'>istarum</span> <span class='ocrx_word' id='word_1_259' title='bbox 1029 3718 1095 3762; x_wconf 92' lang='lat' dir='ltr'>non</span> <span class='ocrx_word' id='word_1_260' title='bbox 1118 3697 1294 3763; x_wconf 88' lang='lat' dir='ltr'>intersecat</span> <span class='ocrx_word' id='word_1_261' title='bbox 1315 3697 1415 3762; x_wconf 88' lang='lat' dir='ltr'>aliam</span> 
     </span>
     <span class='ocr_line' id='line_1_31' title="bbox 268 3802 1416 3888; baseline -0.001 -21"><span class='ocrx_word' id='word_1_262' title='bbox 268 3802 329 3867; x_wconf 91' lang='lat' dir='ltr'>nisi</span> <span class='ocrx_word' id='word_1_263' title='bbox 352 3803 385 3867; x_wconf 93' lang='lat' dir='ltr'>in</span> <span class='ocrx_word' id='word_1_264' title='bbox 408 3813 532 3887; x_wconf 91' lang='lat' dir='ltr'>puncto</span> <span class='ocrx_word' id='word_1_265' title='bbox 554 3823 630 3878; x_wconf 77' lang='lat' dir='ltr'>uno,</span> <span class='ocrx_word' id='word_1_266' title='bbox 653 3823 733 3888; x_wconf 90' lang='lat' dir='ltr'>ergo</span> <span class='ocrx_word' id='word_1_267' title='bbox 755 3804 789 3867; x_wconf 92' lang='lat' dir='ltr'>in</span> <span class='ocrx_word' id='word_1_268' title='bbox 811 3804 931 3867; x_wconf 88' lang='lat' dir='ltr'>eodem</span> <span class='ocrx_word' id='word_1_269' title='bbox 954 3802 1016 3866; x_wconf 87' lang='lat' dir='ltr'>erit</span> <span class='ocrx_word' id='word_1_270' title='bbox 1038 3811 1188 3867; x_wconf 89' lang='lat' dir='ltr'>centrum</span> <span class='ocrx_word' id='word_1_271' title='bbox 1210 3812 1318 3867; x_wconf 89' lang='lat' dir='ltr'>terrae</span> <span class='ocrx_word' id='word_1_272' title='bbox 1340 3822 1416 3867; x_wconf 92' lang='lat' dir='ltr'>cum</span> 
     </span>
     <span class='ocr_line' id='line_1_32' title="bbox 268 3906 1416 3992; baseline -0.001 -21"><span class='ocrx_word' id='word_1_273' title='bbox 268 3918 383 3972; x_wconf 92' lang='lat' dir='ltr'>centro</span> <span class='ocrx_word' id='word_1_274' title='bbox 398 3906 490 3986; x_wconf 90' lang='lat' dir='ltr'>coeli,</span> <span class='ocrx_word' id='word_1_275' title='bbox 505 3917 539 3971; x_wconf 92' lang='lat' dir='ltr'>et</span> <span class='ocrx_word' id='word_1_276' title='bbox 561 3918 697 3992; x_wconf 87' lang='lat' dir='ltr'>propter</span> <span class='ocrx_word' id='word_1_277' title='bbox 715 3909 779 3973; x_wconf 92' lang='lat' dir='ltr'>hoc</span> <span class='ocrx_word' id='word_1_278' title='bbox 801 3917 888 3971; x_wconf 88' lang='lat' dir='ltr'>terra</span> <span class='ocrx_word' id='word_1_279' title='bbox 908 3907 997 3989; x_wconf 88' lang='lat' dir='ltr'>jacet</span> <span class='ocrx_word' id='word_1_280' title='bbox 1017 3907 1051 3971; x_wconf 89' lang='lat' dir='ltr'>in</span> <span class='ocrx_word' id='word_1_281' title='bbox 1072 3908 1183 3971; x_wconf 88' lang='lat' dir='ltr'>medio</span> <span class='ocrx_word' id='word_1_282' title='bbox 1198 3906 1324 3971; x_wconf 92' lang='lat' dir='ltr'>mundi.</span> <span class='ocrx_word' id='word_1_283' title='bbox 1370 3906 1416 3970; x_wconf 88' lang='lat' dir='ltr'>Et</span> 
     </span>
     <span class='ocr_line' id='line_1_33' title="bbox 267 4010 1417 4094; baseline 0 -21"><span class='ocrx_word' id='word_1_284' title='bbox 267 4010 343 4076; x_wconf 89' lang='lat' dir='ltr'>ideo</span> <span class='ocrx_word' id='word_1_285' title='bbox 359 4011 386 4077; x_wconf 93' lang='lat' dir='ltr'>si</span> <span class='ocrx_word' id='word_1_286' title='bbox 402 4012 623 4093; x_wconf 87' lang='lat' dir='ltr'>imaginemur</span> <span class='ocrx_word' id='word_1_287' title='bbox 636 4012 776 4077; x_wconf 91' lang='lat' dir='ltr'>circulos</span> <span class='ocrx_word' id='word_1_288' title='bbox 791 4013 876 4077; x_wconf 92' lang='lat' dir='ltr'>duos</span> <span class='ocrx_word' id='word_1_289' title='bbox 892 4012 1024 4076; x_wconf 87' lang='lat' dir='ltr'>interra</span> <span class='ocrx_word' id='word_1_290' title='bbox 1039 4012 1278 4094; x_wconf 91' lang='lat' dir='ltr'>respondentes</span> <span class='ocrx_word' id='word_1_291' title='bbox 1290 4010 1417 4076; x_wconf 85' lang='lat' dir='ltr'>circulis</span> 
     </span>
     <span class='ocr_line' id='line_1_34' title="bbox 269 4114 1416 4199; baseline -0.002 -20"><span class='ocrx_word' id='word_1_292' title='bbox 269 4117 303 4179; x_wconf 88' lang='lat' dir='ltr'>in</span> <span class='ocrx_word' id='word_1_293' title='bbox 333 4116 427 4179; x_wconf 91' lang='lat' dir='ltr'>coelo</span> <span class='ocrx_word' id='word_1_294' title='bbox 458 4116 645 4197; x_wconf 90' lang='lat' dir='ltr'>praetactis,</span> <span class='ocrx_word' id='word_1_295' title='bbox 674 4137 776 4180; x_wconf 91' lang='lat' dir='ltr'>unum</span> <span class='ocrx_word' id='word_1_296' title='bbox 806 4117 867 4180; x_wconf 93' lang='lat' dir='ltr'>sub</span> <span class='ocrx_word' id='word_1_297' title='bbox 898 4114 1131 4199; x_wconf 89' lang='lat' dir='ltr'>aequinoctiali</span> <span class='ocrx_word' id='word_1_298' title='bbox 1162 4114 1283 4179; x_wconf 86' lang='lat' dir='ltr'>circulo</span> <span class='ocrx_word' id='word_1_299' title='bbox 1309 4124 1416 4179; x_wconf 88' lang='lat' dir='ltr'>trans-</span> 
     </span>
     <span class='ocr_line' id='line_1_35' title="bbox 267 4217 1417 4301; baseline -0.002 -18"><span class='ocrx_word' id='word_1_300' title='bbox 267 4229 401 4284; x_wconf 90' lang='lat' dir='ltr'>euntem</span> <span class='ocrx_word' id='word_1_301' title='bbox 416 4239 476 4301; x_wconf 92' lang='lat' dir='ltr'>per</span> <span class='ocrx_word' id='word_1_302' title='bbox 490 4220 598 4284; x_wconf 89' lang='lat' dir='ltr'>oriens</span> <span class='ocrx_word' id='word_1_303' title='bbox 614 4229 648 4284; x_wconf 89' lang='lat' dir='ltr'>et</span> <span class='ocrx_word' id='word_1_304' title='bbox 663 4220 823 4297; x_wconf 91' lang='lat' dir='ltr'>occidens,</span> <span class='ocrx_word' id='word_1_305' title='bbox 838 4228 872 4284; x_wconf 90' lang='lat' dir='ltr'>et</span> <span class='ocrx_word' id='word_1_306' title='bbox 887 4229 1047 4301; x_wconf 89' lang='lat' dir='ltr'>punctum</span> <span class='ocrx_word' id='word_1_307' title='bbox 1063 4219 1098 4282; x_wconf 89' lang='lat' dir='ltr'>in</span> <span class='ocrx_word' id='word_1_308' title='bbox 1113 4227 1200 4283; x_wconf 91' lang='lat' dir='ltr'>terra</span> <span class='ocrx_word' id='word_1_309' title='bbox 1214 4217 1277 4282; x_wconf 91' lang='lat' dir='ltr'>sub</span> <span class='ocrx_word' id='word_1_310' title='bbox 1291 4229 1417 4300; x_wconf 92' lang='lat' dir='ltr'>puncto</span> 
     </span>
     <span class='ocr_line' id='line_1_36' title="bbox 269 4322 1415 4408; baseline -0.003 -21"><span class='ocrx_word' id='word_1_311' title='bbox 269 4323 368 4388; x_wconf 91' lang='lat' dir='ltr'>medii</span> <span class='ocrx_word' id='word_1_312' title='bbox 390 4323 493 4402; x_wconf 82' lang='lat' dir='ltr'>coeli3</span> <span class='ocrx_word' id='word_1_313' title='bbox 523 4335 557 4388; x_wconf 91' lang='lat' dir='ltr'>et</span> <span class='ocrx_word' id='word_1_314' title='bbox 579 4324 689 4399; x_wconf 88' lang='lat' dir='ltr'>alium,</span> <span class='ocrx_word' id='word_1_315' title='bbox 713 4344 772 4408; x_wconf 91' lang='lat' dir='ltr'>per</span> <span class='ocrx_word' id='word_1_316' title='bbox 793 4324 948 4389; x_wconf 91' lang='lat' dir='ltr'>occidens</span> <span class='ocrx_word' id='word_1_317' title='bbox 970 4333 1004 4388; x_wconf 90' lang='lat' dir='ltr'>et</span> <span class='ocrx_word' id='word_1_318' title='bbox 1034 4325 1143 4388; x_wconf 88' lang='lat' dir='ltr'>oriens</span> <span class='ocrx_word' id='word_1_319' title='bbox 1166 4331 1200 4386; x_wconf 90' lang='lat' dir='ltr'>et</span> <span class='ocrx_word' id='word_1_320' title='bbox 1228 4330 1351 4404; x_wconf 89' lang='lat' dir='ltr'>puncta</span> <span class='ocrx_word' id='word_1_321' title='bbox 1381 4322 1415 4384; x_wconf 94' lang='lat' dir='ltr'>in</span> 
     </span>
     <span class='ocr_line' id='line_1_37' title="bbox 267 4425 1416 4511; baseline -0.002 -20"><span class='ocrx_word' id='word_1_322' title='bbox 267 4435 356 4491; x_wconf 90' lang='lat' dir='ltr'>terra</span> <span class='ocrx_word' id='word_1_323' title='bbox 371 4427 607 4511; x_wconf 90' lang='lat' dir='ltr'>respondentia</span> <span class='ocrx_word' id='word_1_324' title='bbox 622 4427 707 4510; x_wconf 92' lang='lat' dir='ltr'>polis</span> <span class='ocrx_word' id='word_1_325' title='bbox 722 4450 730 4507; x_wconf 92' lang='lat'>;</span> <span class='ocrx_word' id='word_1_326' title='bbox 753 4436 831 4491; x_wconf 92' lang='lat' dir='ltr'>tunc</span> <span class='ocrx_word' id='word_1_327' title='bbox 846 4447 905 4509; x_wconf 88' lang='lat' dir='ltr'>per</span> <span class='ocrx_word' id='word_1_328' title='bbox 919 4427 981 4490; x_wconf 91' lang='lat' dir='ltr'>hos</span> <span class='ocrx_word' id='word_1_329' title='bbox 996 4425 1136 4491; x_wconf 90' lang='lat' dir='ltr'>circulos</span> <span class='ocrx_word' id='word_1_330' title='bbox 1150 4426 1314 4491; x_wconf 90' lang='lat' dir='ltr'>dividetur</span> <span class='ocrx_word' id='word_1_331' title='bbox 1328 4436 1416 4490; x_wconf 90' lang='lat' dir='ltr'>terra</span> 
     </span>
     <span class='ocr_line' id='line_1_38' title="bbox 267 4529 1416 4615; baseline -0.001 -21"><span class='ocrx_word' id='word_1_332' title='bbox 267 4532 301 4595; x_wconf 92' lang='lat' dir='ltr'>in</span> <span class='ocrx_word' id='word_1_333' title='bbox 317 4540 460 4615; x_wconf 91' lang='lat' dir='ltr'>quatuor</span> <span class='ocrx_word' id='word_1_334' title='bbox 474 4541 618 4615; x_wconf 89' lang='lat' dir='ltr'>quartas,</span> <span class='ocrx_word' id='word_1_335' title='bbox 633 4552 773 4615; x_wconf 90' lang='lat' dir='ltr'>quarum</span> <span class='ocrx_word' id='word_1_336' title='bbox 788 4533 874 4595; x_wconf 92' lang='lat' dir='ltr'>duae</span> <span class='ocrx_word' id='word_1_337' title='bbox 892 4542 988 4595; x_wconf 86' lang='lat' dir='ltr'>erunt</span> <span class='ocrx_word' id='word_1_338' title='bbox 1010 4531 1043 4595; x_wconf 90' lang='lat' dir='ltr'>in</span> <span class='ocrx_word' id='word_1_339' title='bbox 1060 4529 1232 4613; x_wconf 87' lang='lat' dir='ltr'>superficie</span> <span class='ocrx_word' id='word_1_340' title='bbox 1254 4540 1361 4593; x_wconf 92' lang='lat' dir='ltr'>terrae</span> <span class='ocrx_word' id='word_1_341' title='bbox 1383 4530 1416 4593; x_wconf 89' lang='lat' dir='ltr'>in</span> 
     </span>
     <span class='ocr_line' id='line_1_39' title="bbox 267 4629 1417 4715; baseline -0.002 -20"><span class='ocrx_word' id='word_1_342' title='bbox 267 4633 334 4696; x_wconf 90' lang='lat' dir='ltr'>situ</span> <span class='ocrx_word' id='word_1_343' title='bbox 364 4641 497 4709; x_wconf 88' lang='lat' dir='ltr'>nostro;</span> <span class='ocrx_word' id='word_1_344' title='bbox 534 4641 568 4695; x_wconf 92' lang='lat' dir='ltr'>et</span> <span class='ocrx_word' id='word_1_345' title='bbox 598 4630 662 4695; x_wconf 89' lang='lat' dir='ltr'>alia</span> <span class='ocrx_word' id='word_1_346' title='bbox 691 4652 735 4696; x_wconf 85' lang='lat' dir='ltr'>ex</span> <span class='ocrx_word' id='word_1_347' title='bbox 765 4631 869 4696; x_wconf 91' lang='lat' dir='ltr'>altera</span> <span class='ocrx_word' id='word_1_348' title='bbox 899 4640 993 4715; x_wconf 89' lang='lat' dir='ltr'>parte</span> <span class='ocrx_word' id='word_1_349' title='bbox 1023 4642 1138 4694; x_wconf 91' lang='lat' dir='ltr'>terrae.</span> <span class='ocrx_word' id='word_1_350' title='bbox 1183 4629 1231 4693; x_wconf 91' lang='lat' dir='ltr'>Et</span> <span class='ocrx_word' id='word_1_351' title='bbox 1259 4649 1326 4695; x_wconf 88' lang='lat' dir='ltr'>una</span> <span class='ocrx_word' id='word_1_352' title='bbox 1355 4631 1417 4694; x_wconf 87' lang='lat' dir='ltr'>erit</span> 
     </span>
     <span class='ocr_line' id='line_1_40' title="bbox 310 4748 856 4802; baseline 0.004 -2"><span class='ocrx_word' id='word_1_353' title='bbox 310 4750 392 4802; x_wconf 78' lang='lat' dir='ltr'>vol.</span> <span class='ocrx_word' id='word_1_354' title='bbox 409 4750 432 4801; x_wconf 90' lang='lat'>1.</span> <span class='ocrx_word' id='word_1_355' title='bbox 830 4748 856 4802; x_wconf 85' lang='lat' dir='ltr'>U</span> 
     </span>
    </p>
   </div>
   <div class='ocr_carea' id='block_1_3' title="bbox 0 0 1798 5375">
    <p class='ocr_par' dir='ltr' id='par_1_3' title="bbox 0 0 1798 5375">
     <span class='ocr_line' id='line_1_41' title="bbox 0 0 1798 5375; baseline 0 0"><span class='ocrx_word' id='word_1_356' title='bbox 0 0 1798 5375; x_wconf 95' lang='lat' dir='ltr'> </span> 
     </span>
    </p>
   </div>
  </div>
 </body>
</html>
