3575 5375
208 2410 308 2460 Cenlrnl

208 2476 335 2542 Ethiopia.

207 2543 329 2593 Berenice.

370 581 431 644 312
594 566 749 624 OPERIS
773 565 963 636 MAJORIS
987 565 1102 624 PARS
1126 566 1312 639 QUARTA.

372 747 470 812 quem
498 729 669 813 Philippus
691 729 896 814 baptizavit:
922 730 1012 793 unde
1035 727 1177 793 Candax
1199 738 1250 793 est
1273 747 1396 792 nomen
1419 727 1527 809 digni·

371 832 459 912 tatis
475 835 558 898 sicut
574 834 704 910 Caesar,
719 833 938 911 Ptolemaeus,
954 834 1092 911 Pharao,
1108 833 1305 908 Antiochus,
1318 831 1526 896 Abimelech.

374 937 464 1001 Nam
479 937 676 1003 Abimelech
693 938 725 1001 in
743 938 927 1017 Philistiim,
943 937 1104 1001 Antiochi
1120 938 1152 1000 in
1169 937 1275 1020 Syria,
1292 937 1474 1001 Ptolemaei
1491 936 1525 998 in

373 1041 534 1126 Aegypto
551 1053 626 1126 post
648 1054 788 1107 mortem
807 1042 1003 1120 Alexandri,
1021 1041 1211 1106 Pharaones
1231 1041 1354 1105 ibidem
1376 1051 1527 1124 tempore

373 1147 519 1228 antiquo,
545 1149 629 1212 sicut
657 1146 816 1212 Caesares
843 1156 876 1210 et
902 1146 1049 1230 Augusti
1075 1147 1107 1209 in
1136 1146 1291 1210 Romano
1316 1145 1467 1228 imperio,
1489 1154 1527 1207 ut

375 1250 455 1316 dicit
478 1251 705 1336 Hieronymus
735 1273 824 1316 nono
855 1251 940 1316 libro
970 1271 1071 1334 super
1104 1249 1323 1315 Ezechielem.
1369 1249 1437 1315 Sed
1469 1249 1525 1313 ubi

374 1355 519 1419 latitudo
542 1357 684 1440 regionis
699 1367 748 1419 est
764 1356 857 1439 quasi
880 1354 1061 1420 consimilis
1078 1375 1176 1438 super
1192 1355 1297 1437 ripam
1314 1353 1403 1418 mbri
1426 1354 1527 1416 maris

374 1461 417 1524 ad
440 1460 612 1539 orientem,
632 1471 684 1525 est
707 1460 886 1525 Ptolemais
909 1460 1025 1523 civitas
1047 1480 1068 1523 a
1091 1458 1283 1524 Ptolemaeo
1307 1457 1527 1541 Philadelpho

377 1563 511 1629 condita
547 1565 590 1628 ad
626 1566 749 1648 primos
782 1575 922 1628 venatus
955 1561 1220 1647 elephantorum,
1254 1563 1311 1626 ubi
1342 1562 1436 1646 quasi
1468 1582 1527 1646 per

374 1668 592 1751 quadraginta
616 1669 761 1752 quinque
785 1668 857 1733 dies
882 1678 961 1733 ante
985 1666 1162 1731 solstitium
1192 1675 1226 1730 et
1255 1675 1332 1749 post
1358 1687 1424 1729 non
1449 1675 1528 1730 sunt

376 1770 513 1835 umbrae
536 1773 569 1835 in
595 1773 742 1852 meridie,
767 1773 853 1837 sicut
874 1773 956 1838 dicit
982 1771 1116 1853 Plinius,
1141 1780 1175 1836 et
1202 1772 1235 1835 in
1259 1770 1323 1835 illis
1346 1771 1528 1854 nonaginta

376 1876 504 1954 diebus,
520 1885 578 1940 aut
594 1877 729 1956 circiter,
745 1879 835 1942 cadit
851 1878 969 1942 umbra
993 1877 1027 1940 in
1043 1875 1224 1954 meridiem,
1240 1876 1317 1958 quia
1339 1874 1388 1940 sol
1411 1885 1462 1938 est
1483 1875 1526 1938 ad

375 1980 576 2064 aquilonem,
592 1990 626 2045 et
644 1992 720 2066 post
735 1982 796 2046 hos
811 1982 881 2045 dies
897 1981 986 2046 cadit
1007 1981 1124 2043 umbra
1139 2000 1198 2063 per
1213 1981 1379 2045 residuum
1395 1979 1472 2044 anni
1494 1979 1528 2041 in

375 2083 574 2167 aquilonem.
622 2085 667 2150 Et
684 2085 738 2148 hic
756 2085 911 2150 habitant
924 2084 988 2149 sub
1010 2084 1204 2149 circuitione
1224 2084 1411 2149 medietatis
1426 2081 1528 2146 Tauri

377 2198 410 2253 et
426 2189 615 2253 medietatis
630 2189 761 2254 Leonis.
808 2189 909 2255 Unde
925 2189 975 2254 sol
990 2189 1109 2252 transit
1123 2190 1175 2253 bis
1191 2189 1224 2252 in
1239 2209 1327 2252 anno
1343 2208 1402 2271 per
1416 2188 1528 2270 capita

376 2313 489 2357 eorum
506 2295 538 2356 in
556 2293 620 2356 illis
636 2295 869 2359 medietatibus
884 2295 1062 2378 signorum.

422 2396 553 2461 Deinde
579 2397 714 2463 ulterius
735 2400 768 2462 in
796 2400 913 2464 eadem
939 2398 1115 2462 latitudine
1143 2398 1202 2462 sed
1231 2417 1343 2460 versus
1375 2395 1529 2460 occidens

378 2501 462 2565 inter
478 2501 720 2566 Ptolemaidem
735 2513 769 2567 et
783 2502 920 2567 Meroen
936 2522 995 2586 per
1006 2501 1102 2582 4‚820
1117 2502 1224 2567 stadia
1240 2503 1366 2566 distans
1380 2521 1401 2564 a
1418 2499 1528 2564 Ptole·

378 2605 496 2682 maide,
513 2617 549 2670 ut
573 2605 695 2670 Plinius
719 2607 799 2670 dicit
822 2616 856 2671 et
880 2607 973 2672 Beda
996 2605 1081 2671 libro
1103 2617 1292 2691 temporum
1315 2612 1529 2679 contestatur,

377 2720 429 2773 est
459 2709 616 2774 Berenice
646 2712 724 2775 urbs
754 2712 1037 2796 Troglodytarum
1069 2712 1287 2795 Aethiopum,
1317 2711 1352 2774 in
1382 2731 1449 2793 qua
1478 2708 1530 2773 sol

379 2812 529 2877 similiter
541 2814 590 2879 bis
606 2815 637 2877 in
653 2836 741 2879 anno
754 2818 941 2900 pertransit,
953 2828 988 2881 et
1000 2818 1137 2882 umbrae
1152 2817 1340 2882 consimiles
1354 2825 1431 2880 sunt
1448 2815 1531 2879 sicut

379 2918 412 2980 in
430 2918 647 2984 Ptolemaide.
686 2919 830 3003 Oportet
846 2922 935 2985 enim
953 2924 1044 3005 quod
1065 2921 1348 3005 Troglodytarum
1365 2920 1456 3005 regio
1473 2920 1531 2983 de·

378 3022 479 3088 clinet
495 3025 529 3087 in
545 3034 639 3107 parte
650 3044 763 3089 versus
781 3026 946 3105 occidens,
957 3037 995 3090 ut
1006 3034 1193 3109 exponetur
1203 3025 1347 3089 inferius.
1394 3025 1439 3088 Et
1454 3025 1531 3088 ideo

379 3148 445 3191 non
465 3128 525 3191 erit
548 3129 580 3192 in
599 3129 748 3193 orientali
764 3130 958 3213 Aethiopia,
973 3132 1032 3194 sed
1054 3130 1160 3213 magis
1177 3131 1209 3192 in
1227 3131 1346 3194 medio.
1390 3129 1444 3192 De
1460 3129 1531 3193 istis

378 3250 457 3296 vero
479 3231 695 3317 Troglodytis
719 3234 869 3298 meminit
890 3234 1061 3316 Scriptura
1084 3234 1230 3298 secundo
1254 3234 1532 3317 Paralipomenon

378 3337 578 3402 duodecimo
604 3338 762 3423 capitulo,
785 3340 841 3422 qui
868 3347 1030 3403 venerunt
1052 3358 1128 3403 cum
1156 3337 1252 3405 Seiae
1274 3361 1353 3424 rege
1380 3340 1532 3424 Aegypti

380 3442 411 3505 in
426 3441 638 3523 adjutorium.
686 3443 743 3518 Hi,
760 3453 797 3507 ut
813 3442 938 3507 Plinius
958 3453 1068 3508 narrat
1088 3442 1173 3507 libro
1195 3444 1311 3527 quinto
1333 3465 1451 3528 specus
1471 3466 1531 3508 ex·

379 3555 507 3622 cavant,
527 3547 609 3612 haec
629 3547 693 3610 illis
712 3547 843 3626 domus,
864 3548 969 3612 victus
990 3558 1180 3631 serpentum
1204 3567 1326 3627 carnes,
1346 3550 1532 3633 stridorque

379 3670 446 3713 non
464 3671 542 3728 vox,
558 3651 718 3715 sermonis
733 3653 932 3717 commercio
947 3662 1069 3718 carent.
1115 3652 1161 3717 Et
1177 3653 1210 3716 in
1224 3662 1323 3717 sexto
1339 3653 1424 3719 libro
1441 3655 1533 3731 dicit,

379 3758 480 3835 ‘gens
502 3754 785 3839 Troglodytarum
809 3757 912 3821 mirae
933 3756 1120 3823 velocitatis
1145 3778 1165 3821 a
1187 3767 1308 3823 venatu
1332 3758 1422 3823 dicta
1442 3758 1532 3823 velo·

379 3858 484 3921 ciores
500 3858 610 3940 equis!
657 3859 756 3924 Unde
781 3860 927 3925 Isidorus
949 3861 1034 3926 libro
1056 3880 1155 3941 nonu,
1178 3862 1428 3946 ‘Troglodytae
1451 3884 1534 3947 gens

381 3960 587 4044 Aethiopum
611 3962 688 4025 ideo
710 3966 901 4047 nuncupati,
920 3967 1011 4048 quod
1035 3976 1130 4031 tanta
1153 3966 1321 4033 celeritate
1344 3967 1472 4052 pollent
1495 3978 1533 4033 ut

380 4064 465 4129 seras
484 4084 578 4130 cursu
599 4067 723 4150 pedum
745 4069 984 4151 assequantur!
1029 4070 1107 4135 Post
1128 4072 1190 4135 hos
1210 4073 1253 4135 ad
1273 4072 1433 4135 orientem
1455 4081 1535 4137 sunt

381 4171 568 4257 Aethiopes
589 4174 632 4236 de
648 4172 761 4238 Nubia
783 4183 816 4238 et
838 4174 957 4240 ultimo
980 4177 1026 4241 illi
1048 4178 1105 4261 qui
1125 4187 1286 4242 vocantur
1305 4177 1380 4241 Indi
1398 4188 1535 4262 propter

380 4277 704 4361 approximationem
734 4281 778 4344 ad
810 4280 948 4360 Indiam,
977 4302 998 4344 a
1027 4282 1148 4365 quibus
1178 4281 1294 4366 incipit
1325 4279 1448 4347 Plinius
1476 4284 1535 4347 de·

381 4383 523 4447 scribere
539 4390 674 4466 gentem
689 4383 911 4468 Aethiopum.
957 4386 1046 4450 Nam
1062 4387 1245 4451 secundum
1262 4386 1426 4451 isidorum
1443 4407 1534 4452 nono

381 4487 474 4563 libro,
508 4487 717 4571 Aethiopum
752 4499 820 4555 tres
854 4500 934 4556 sunt
968 4490 1084 4576 populi
1120 4491 1338 4574 principales3
1381 4492 1536 4575 Hesperi,

382 4589 610 4669 Garamantes,
627 4601 660 4657 et
677 4594 762 4657 Indi.
809 4594 953 4679 Hesperi
974 4605 1052 4660 sunt
1067 4596 1297 4672 occidentales,
1315 4594 1535 4663 Garamantes
