3575 5375
424 645 775 705 MAYHEMATICAE
799 645 851 703 IN
872 606 1276 704 DJVJNJS‘UTJLITAS.
1364 661 1425 721 217

275 807 427 873 reflexae.
458 807 526 874 Sed
538 810 622 874 sicut
634 808 979 893 corporum,aquibus
990 808 1170 873 reflectitur
1180 809 1250 887 lux,
1259 811 1424 892 quaedam

275 923 353 977 sunt
374 933 501 996 aspera,
516 935 537 978 a
559 912 759 996 quibus·lux
783 912 906 977 reflexa
925 914 1103 996 dissipatur
1126 934 1186 977 nec
1208 923 1367 996 apparet3
1389 922 1424 976 et

274 1017 439 1100 quaedam
458 1027 535 1081 sunt
556 1017 661 1099 polita
678 1027 712 1081 et
727 1016 873 1100 aequalis
888 1017 1069 1101 superficiei
1090 1027 1124 1082 et
1141 1018 1252 1092 laevia,
1268 1038 1289 1080 a
1303 1017 1423 1100 quibus

275 1119 313 1184 fit
340 1120 477 1184 reflexio
507 1121 681 1199 sensibilis,
703 1131 740 1186 ut
771 1129 863 1202 patet
894 1122 927 1185 iu
957 1120 1119 1203 speculis;
1155 1122 1204 1186 sic
1232 1132 1424 1205 peccatores

275 1225 457 1288 existentes
475 1226 509 1288 in
531 1224 661 1290 mortali
683 1236 821 1308 peccato
837 1236 917 1290 sunt
936 1227 1120 1311 dupliciter.
1165 1225 1313 1308 Quidam
1336 1225 1423 1289 enim

273 1337 361 1407 sunt,
375 1330 432 1412 qui
448 1329 495 1394 sic
510 1328 673 1413 repellunt
687 1332 841 1413 gratiam,
856 1332 947 1412 quod
967 1329 1049 1394 nihil
1067 1330 1145 1394 boni
1165 1340 1302 1414 apparet
1318 1330 1350 1393 in
1366 1331 1424 1407 eis,

272 1436 331 1499 sed
350 1436 437 1518 apud
453 1457 489 1499 se
504 1446 538 1499 et
553 1437 640 1517 apud
658 1436 832 1517 proximos
848 1433 1060 1500 manifestum
1076 1446 1127 1500 est
1138 1436 1228 1517 quod
1245 1435 1425 1517 dissipatur

274 1547 365 1602 totus
380 1541 508 1620 gratiae
523 1537 659 1604 effectus
674 1541 708 1602 in
724 1541 823 1618 eis,et
839 1539 893 1604 isti
909 1549 986 1603 suut
1001 1549 1115 1622 aperte
1131 1539 1208 1602 mali
1220 1539 1277 1621 qui
1288 1547 1425 1623 peccata

275 1663 333 1706 sua
353 1663 420 1707 non
440 1644 659 1708 abscondunt.
704 1642 775 1706 Alii
793 1664 870 1706 vero
890 1651 979 1721 sunt,
993 1644 1051 1726 qui
1070 1643 1146 1708 licet
1167 1644 1245 1707 boni
1267 1662 1333 1706 non
1351 1643 1426 1720 sint,

274 1758 386 1812 tamen
409 1747 576 1813 occultant
598 1761 733 1832 peccata
755 1770 825 1827 sua,
847 1759 880 1812 et
903 1760 1065 1833 apparent
1087 1748 1165 1812 boni
1191 1749 1224 1812 in
1248 1756 1425 1832 conspectu

274 1851 456 1931 hominum,
479 1862 516 1917 ut
539 1853 744 1936 hypocritae.
791 1853 837 1917 Et
862 1863 974 1936 potest
998 1852 1094 1916 aliter
1118 1852 1188 1916 fieri
1218 1853 1424 1934 comparatio

274 1957 346 2021 ista.
392 1958 481 2022 Nam
505 1967 695 2043 peccatores
725 1959 757 2020 in
788 1957 850 2020 hac
873 1957 943 2021 vita
968 1967 1203 2040 comparantur
1232 1957 1424 2040 corporibus

274 2059 527 2138 reflectentibus,
541 2073 578 2126 ut
597 2063 723 2126 dictum
741 2073 801 2138 est,
816 2072 849 2125 et
868 2062 1020 2126 homines
1040 2063 1073 2124 in
1092 2062 1200 2143 gratia
1219 2061 1252 2124 in
1271 2061 1334 2126 hac
1354 2063 1424 2125 vita

273 2176 507 2248 comparantur
519 2167 583 2230 illis
593 2165 714 2249 quibus
726 2176 776 2229 est
788 2164 904 2229 fractio
917 2166 998 2230 lucis
1009 2176 1146 2248 propter
1158 2163 1423 2248 imperfectiones

274 2269 436 2334 humanae
455 2269 650 2352 fragilitatis,
665 2271 742 2352 quia
761 2280 1054 2352 quantumcunque
1073 2271 1116 2333 sit
1135 2270 1237 2332 homo
1257 2269 1424 2352 perfectus

275 2374 307 2435 in
324 2372 386 2437 hac
401 2375 479 2449 vita,
494 2384 606 2436 tamen
622 2372 723 2436 habet
739 2373 860 2436 multas
876 2373 1099 2455 obliquitates,
1116 2384 1149 2436 et
1165 2372 1357 2456 imperfecta
1372 2383 1424 2437 est

273 2477 392 2541 caritas
415 2479 447 2540 in
470 2499 511 2541 eo
534 2486 568 2540 et
590 2478 709 2540 notitia
730 2477 804 2540 Dei.
850 2475 918 2542 Sed
940 2477 1122 2540 existentes
1145 2478 1178 2539 in
1202 2477 1310 2560 patria
1332 2497 1423 2541 com-

274 2590 430 2662 parantur
453 2579 516 2644 illis
539 2581 635 2644 rebus
657 2601 744 2664 quae
767 2582 928 2664 recipiunt
950 2579 1056 2644 lucem
1082 2582 1216 2662 penitus
1241 2583 1423 2645 secundum

275 2697 400 2750 rectum
417 2686 578 2750 incessum
590 2688 681 2752 omni
697 2686 832 2751 exclusa
848 2685 1079 2763 declinatione,
1090 2698 1252 2769 quantum
1265 2685 1424 2769 possibile

275 2801 325 2854 est
348 2801 524 2869 creaturae,
547 2802 582 2856 et
610 2800 771 2875 quantum
799 2792 906 2873 exigit
928 2792 1012 2855 ordo
1035 2791 1167 2855 divinae
1185 2790 1344 2872 justitiae,
1366 2791 1423 2872 qui

274 2896 383 2959 reddit
413 2896 586 2979 unicuique
616 2897 797 2961 secundum
827 2898 919 2979 quod
950 2896 1080 2959 meruit.
1142 2894 1311 2977 Quoniam
1344 2914 1424 2957 vero

274 2998 423 3063 damnati
454 3000 589 3064 omnino
619 3011 729 3064 carent
760 3001 867 3084 gratia
897 3010 932 3064 et
962 3001 1066 3082 gloria
1089 2999 1165 3077 Dei,
1188 3010 1222 3063 et
1247 2996 1422 3081 glorificati

274 3105 401 3169 ratione
417 3104 671 3187 imperfectionis
688 3106 795 3168 meriti
814 3106 846 3167 in
866 3104 980 3167 multis
995 3114 1094 3187 atque
1105 3125 1149 3166 ex
1163 3104 1236 3185 lege
1248 3104 1424 3167 creationis

273 3208 362 3293 (cum
381 3210 488 3273 omnis
511 3218 658 3273 creatura
680 3208 802 3273 habeat
822 3207 1107 3289 imperfectionem
1128 3217 1279 3289 respectu
1297 3206 1424 3291 gloriae

273 3310 468 3397 conditoris)
497 3323 575 3376 sunt
601 3311 852 3395 quodammodo
877 3311 1068 3393 imperfecti,
1092 3320 1203 3394 potest
1229 3308 1299 3373 fieri
1327 3311 1423 3373 tertia

273 3417 479 3497 comparatio
497 3415 678 3481 secundum
702 3425 826 3479 statum
850 3416 1084 3480 damnatomm
1107 3425 1142 3478 et
1164 3414 1423 3498 glorificatorum

273 3531 306 3583 et
330 3520 404 3594 Dei,
425 3528 587 3602 quatenus
608 3521 699 3601 apud
720 3521 898 3584 damnatos
921 3530 1033 3583 teneat
1056 3520 1193 3583 omnino
1215 3519 1423 3602 comparatio

274 3623 355 3687 lucis
386 3624 538 3702 reflexae,
568 3633 603 3687 et
633 3625 722 3707 apud
756 3625 960 3707 glorificatos
988 3624 1097 3688 valeat
1129 3625 1311 3687 similitudo
1342 3622 1422 3687 lucis

272 3729 406 3809 fractae,
422 3740 456 3794 et
472 3730 603 3793 divinae
619 3728 744 3813 gloriae
758 3750 888 3794 summa
904 3729 1069 3792 rectitudo
1083 3739 1117 3792 et
1129 3727 1288 3811 perfectio
1303 3738 1423 3793 noten-

273 3844 336 3913 tur,
355 3835 524 3917 quomodo
547 3834 664 3899 melius
684 3834 845 3917 probatur
865 3835 995 3899 trinitas
1015 3853 1229 3916 personarum
1250 3841 1285 3896 et
1306 3834 1424 3909 unitas,

273 3959 332 4021 per
355 3941 517 4003 incessum
548 3938 631 4003 lucis
661 3939 835 4019 directum,
857 3941 1039 4003 secundum
1069 3939 1158 4022 quod
1191 3958 1368 4022 possumus
1390 3948 1424 4003 et

272 4045 455 4107 secundum
472 4045 562 4126 quod
580 4043 657 4109 licet
672 4064 733 4108 nos
749 4043 997 4127 exemplificare
1012 4064 1072 4127 per
1091 4052 1256 4108 creaturas
1278 4064 1318 4107 ea
1338 4062 1424 4125 quae

272 4159 349 4213 sunt
364 4150 453 4231 apud
470 4159 662 4212 creatorem.

316 4253 362 4317 Et
385 4255 475 4336 quod
498 4252 595 4316 valde
618 4251 801 4314 notandum
824 4260 875 4315 est
897 4251 1085 4333 adjungam,
1103 4248 1228 4313 scilicet
1250 4251 1341 4332 quod
1362 4250 1423 4313 im·
1437 4254 1503 4303 (ἕω

272 4359 429 4441 possibile
447 4366 498 4421 est
520 4358 654 4421 beatam
679 4356 864 4419 trinitatem
887 4366 922 4420 et
944 4356 1106 4419 essentiae
1127 4354 1290 4416 unitatem
1312 4352 1424 4433 aptius
1435 4320 1576 4446 ssffios

272 4483 292 4524 a
308 4462 403 4524 nobis
419 4461 657 4543 repraesentari
670 4461 702 4524 in
719 4459 877 4542 exemplo
889 4468 1057 4523 creaturae
1067 4456 1232 4522 sensibilis
1247 4475 1347 4538 quam
1364 4476 1424 4537 per
1436 4450 1542 4515 Trinity.

272 4584 324 4628 res
339 4566 568 4648 geometricas.
608 4564 696 4628 Nam
713 4566 747 4628 in
761 4565 834 4629 solo
848 4561 1014 4646 triangulo
1029 4563 1114 4625 inter
1124 4580 1240 4625 omnes
1256 4580 1307 4624 res
1318 4558 1423 4624 factas

273 4670 438 4732 invenitur
453 4669 562 4733 unitas
577 4669 740 4733 essentiae
755 4688 829 4733 cum
847 4667 1058 4732 distinctione
1074 4664 1173 4730 trium
1185 4665 1421 4747 occupantium
