3575 5375
356 571 417 650 316
580 571 736 629 OPERIS
759 569 951 640 MAJORIS
975 570 1090 628 PARS
1114 568 1299 642 QUARTA.

358 746 471 798 tamen
499 734 589 819 prius
617 734 726 815 Libya
753 743 787 798 et
812 743 889 798 ante
912 734 1024 796 omnia
1049 733 1256 797 Phuticensis
1279 731 1370 814 regio
1392 751 1411 793 a
1436 728 1517 792 filiis

364 837 470 902 Cham
487 850 675 922 nuncupata
690 836 761 914 suit,
777 849 813 901 ut
831 837 963 900 inferius
980 846 1176 920 exponetur.

192 951 323 1030 Gonnum
405 941 554 1008 Africam
570 953 694 1018 autem,
710 953 747 1005 ut
767 943 845 1006 dicit
863 942 1052 1020 Sallustius,
1069 943 1101 1004 in
1122 940 1216 1006 initio
1235 942 1381 1004 habuere
1400 939 1518 1004 Getuli

192 1017 311 1145 {fflffib'
361 1056 395 1109 et
420 1047 554 1129 Libyes.
611 1046 722 1111 Getuli
745 1067 833 1120 vero,
857 1055 894 1110 ut
920 1047 1066 1110 Isidorus
1088 1046 1268 1130 aliquando
1289 1055 1324 1111 et
1348 1043 1518 1127 Hugucio,

361 1172 381 1215 a
409 1150 513 1216 Getis·
532 1171 590 1215 seu
624 1151 721 1215 Gotis
750 1151 793 1215 ab
824 1150 979 1234 aquilone
1009 1160 1170 1214 venerunt
1200 1172 1259 1235 per
1289 1170 1389 1212 mare.
1445 1147 1517 1212 Sed

364 1254 589 1336 Hieronymus
614 1275 712 1336 super
739 1253 894 1320 Genesim
920 1267 1035 1319 auctor
1059 1265 1109 1318 est
1133 1256 1224 1337 quod
1250 1255 1294 1317 ab
1322 1250 1516 1331 Evilanlio

363 1359 463 1438 Chus,
479 1359 545 1424 filio
567 1359 684 1438 Cham,
700 1359 768 1423 filio
785 1360 861 1424 Noe
879 1371 1058 1424 venerunt:
1081 1381 1142 1424 nec
1161 1370 1211 1422 est
1229 1359 1404 1423 verisimile
1423 1358 1514 1440 quod

363 1466 511 1528 advenae
527 1465 634 1548 primo
651 1464 877 1529 inhabitarunt
891 1475 1014 1528 terram
1031 1464 1179 1528 debitam
1200 1464 1254 1526 uni
1276 1462 1409 1537 nationi,
1426 1461 1515 1524 unde

363 1567 479 1633 Africa
500 1569 684 1633 debebatur
707 1567 779 1632 filiis
807 1567 923 1644 Cham,
951 1571 1034 1632 sicut
1058 1569 1238 1651 Aegyptus
1265 1577 1299 1631 et
1324 1567 1515 1646 Aethiopia.

364 1672 490 1754 Libyes
512 1693 589 1736 vero
620 1672 752 1736 luerunt
778 1671 835 1735 filii
865 1673 1019 1752 Labaim,
1040 1671 1097 1735 filii
1126 1672 1306 1753 Mesraym,
1330 1670 1387 1734 lilii
1415 1668 1517 1747 Chus,

363 1775 420 1838 filii
451 1775 568 1853 Cham,
598 1787 634 1841 ut
668 1777 894 1858 Hieronymus
925 1778 1004 1841 dicit
1035 1798 1135 1860 super
1163 1775 1331 1840 Genesim.
1384 1774 1420 1838 A
1447 1794 1516 1856 quo

365 1880 503 1944 Labaim
521 1881 630 1963 Libya
645 1881 812 1964 appellata
827 1891 888 1956 est,
905 1882 1056 1964 quamvis
1071 1880 1252 1946 secundum
1270 1881 1515 1962 Hieronymum

363 2005 461 2068 super
492 1985 646 2050 Genesim
677 1997 710 2050 et
740 2008 838 2069 super
868 1987 1022 2050 ultimum
1052 1984 1233 2069 capitulum
1266 1984 1381 2062 isaiae,
1405 1983 1516 2064 Libya

364 2091 453 2174 prius
476 2091 648 2156 dicebatur
672 2089 782 2155 Phuth
801 2091 853 2154 vel
876 2090 1051 2155 Phutensis
1073 2091 1173 2173 regio,
1192 2110 1212 2153 a
1236 2087 1303 2152 filio
1327 2088 1434 2153 Cham
1457 2087 1515 2171 qui

365 2194 475 2259 Phuth
492 2196 673 2260 dicebatur.
719 2195 781 2258 Est
798 2196 886 2258 enim
903 2195 1011 2258 adhuc
1024 2193 1142 2258 fluvius
1158 2194 1191 2257 in
1205 2193 1324 2274 Libya,
1332 2193 1388 2276 qui
1405 2192 1516 2256 Phuth

364 2299 494 2378 dicitur,
505 2300 681 2382 omnisque
696 2299 788 2383 regio
801 2299 978 2363 Phutensis
993 2300 1083 2364 dicta
1098 2309 1158 2362 est.
1192 2297 1305 2362 Getuli
1317 2317 1396 2360 vero
1408 2297 1516 2379 magis

363 2422 476 2466 versus
499 2404 697 2487 Aegyptum
725 2414 758 2467 et
782 2403 909 2485 Libyes
934 2424 1047 2467 versus
1073 2404 1280 2468 occidentem
1308 2401 1516 2479 habitabant,

365 2509 495 2590 utrique
507 2509 698 2573 oberrantes
711 2509 809 2573 latius
821 2518 958 2592 propter
972 2509 1142 2590 regionum
1159 2507 1422 2591 amplitudinem.
1470 2506 1517 2570 Et

364 2611 542 2694 aliquando
557 2622 630 2676 tota
642 2611 756 2677 Africa
770 2613 942 2676 dicebatur
955 2613 1074 2694 Libya,
1085 2613 1129 2677 ab
1144 2633 1211 2676 una
1227 2633 1287 2676 sua
1303 2623 1398 2696 parte
1409 2611 1516 2674 domi-

366 2726 466 2780 nante
483 2717 662 2795 nominata‚
675 2726 708 2781 et
726 2717 850 2799 Libyes
865 2718 973 2783 vocati
990 2728 1065 2783 sunt
1081 2717 1195 2801 populi
1211 2728 1325 2795 terrae,
1337 2717 1381 2781 de
1395 2717 1517 2800 quibus

365 2821 511 2884 secundo
534 2820 809 2904 Paralipomenon
836 2824 883 2885 xii
912 2835 946 2886 et
969 2824 1036 2897 xvi,
1059 2833 1093 2887 et
1116 2824 1227 2886 Naum
1250 2821 1358 2896 tertio,
1381 2830 1414 2884 et
1436 2820 1517 2885 alibi

366 2924 488 3007 pluries
504 2924 687 3001 invenitur3
710 2927 779 3003 sed,
790 2936 827 2990 ut
842 2926 888 2991 ait
905 2925 1091 3004 Sallustius,
1106 2935 1284 3010 postquam
1299 2927 1333 2989 in
1352 2925 1518 3008 Hispania

368 3029 528 3093 Hercules
545 3030 676 3109 interiit,
691 3031 857 3095 exercitus
872 3031 943 3114 ejus
963 3034 1166 3114 compositus
1183 3052 1227 3095 ex
1243 3031 1341 3094 variis
1361 3030 1518 3113 gentibus

366 3134 514 3217 dilapsus
543 3144 602 3199 est.
649 3134 704 3198 Ex
735 3156 776 3199 eo
805 3156 943 3200 numero
975 3136 1067 3201 Medi
1098 3148 1133 3201 et
1163 3137 1284 3200 Persae
1314 3144 1350 3200 et
1375 3133 1517 3197 Armeni

367 3240 505 3303 navibus
535 3238 567 3301 in
592 3238 741 3304 Africam
772 3242 949 3305 transvecti
980 3241 1152 3323 proximos
1179 3240 1261 3303 mari
1286 3247 1400 3303 nostro
1426 3238 1519 3302 locos

367 3362 588 3427 occupavere3
611 3345 670 3408 sed
684 3343 821 3409 Persae¹
837 3346 923 3409 intra
938 3364 1098 3409 oceanum
1115 3346 1221 3427 magis
1232 3354 1265 3408 et
1278 3344 1352 3428 plus
1361 3343 1517 3426 approxi-

366 3448 503 3512 mabant
512 3447 675 3531 Aegypto
690 3460 723 3511 et
736 3448 854 3513 Italiae
869 3468 969 3530 quam
982 3450 1103 3512 caeteri
1116 3470 1221 3532 prope
1232 3467 1322 3512 mare
1331 3447 1519 3511 habitantes

365 3553 428 3616 sub
453 3550 591 3615 Getulis.
636 3552 726 3616 Nam
752 3552 865 3617 Getuli
891 3554 933 3616 ad
961 3552 1065 3617 solem
1093 3554 1199 3634 magis
1225 3552 1518 3635 approximabant,

367 3663 401 3718 et
422 3655 623 3737 Aethiopiae
647 3657 756 3721 vicini.
804 3655 850 3719 Hi
875 3656 1038 3739 paulatim
1063 3655 1299 3739 copulaverunt
1325 3676 1361 3720 se
1388 3654 1519 3719 Getulis

368 3780 427 3842 per
452 3760 626 3823 connubia.
674 3760 719 3825 Et
746 3761 852 3837 insert,
876 3762 955 3842 quia
979 3782 1080 3844 saepe
1106 3771 1309 3844 temptantes
1334 3780 1433 3845 agros
1455 3760 1520 3825 alia

367 3863 488 3927 deinde
511 3862 584 3926 loca
607 3864 800 3945 petiverant,
823 3865 1022 3946 semetipsos
1046 3866 1210 3929 Numidas
1232 3866 1462 3948 appellavere3
1484 3865 1519 3928 id

367 3976 429 4045 est,
449 3966 520 4030 sine
543 3968 669 4050 oppido
692 3988 795 4049 vagos
817 3976 851 4032 et
875 3977 1030 4047 errantes,
1053 3971 1137 4033 sicut
1159 3971 1240 4034 dicit
1265 3970 1411 4033 lsidorus
1434 3969 1520 4034 libro

368 4090 465 4136 nono.
494 4071 587 4134 Medi
598 4090 677 4133 vero
687 4081 721 4135 et
731 4070 872 4136 Armeni
885 4092 986 4157 supra
997 4074 1090 4138 littus
1103 4075 1202 4138 maris
1214 4074 1315 4138 nostri
1328 4094 1348 4137 a
1361 4074 1519 4137 Numidis

368 4196 474 4257 usque
501 4175 543 4238 ad
568 4174 679 4239 Gades
703 4176 935 4242 inhabitabant
961 4179 1025 4242 sub
1048 4178 1174 4259 Libyis,
1195 4180 1252 4261 qui
1271 4198 1371 4261 supra
1393 4198 1453 4242 eos
1474 4180 1519 4243 ad

368 4280 539 4345 meridiem
563 4301 677 4345 versus
704 4281 890 4365 Aethiopes
921 4283 1080 4347 coarctati
1106 4292 1193 4346 sunt.
1247 4281 1316 4347 Sed
1342 4282 1520 4346 Medorum

367 4385 528 4469 paulatim
545 4385 670 4468 Libyes
686 4405 808 4451 nomen
823 4406 1007 4469 corrupere,
1022 4386 1163 4451 barbara
1177 4386 1290 4469 lingua
1306 4387 1443 4451 Mauros
1459 4406 1521 4470 pro

368 4489 477 4554 Medis
492 4490 709 4575 appellantes.

774 4622 991 4685 'imma
