3575 5375
215 1083 338 1135 Palestioe
347 1101 353 1144 ;

214 1151 246 1200 its
256 1150 350 1201 dimen-

213 1217 280 1264 sions
291 1216 339 1265 and

384 490 443 570 336
604 495 760 556 OPERIS
784 494 975 565 MAJORIS
999 493 1114 553 PARS
1139 493 1323 567 QUARTA.

383 654 567 722 Antiochia
591 667 641 722 est
664 680 724 742 per
743 659 889 742 quinque
910 657 1023 724 leucas
1045 679 1066 722 a
1089 658 1172 722 mari
1195 657 1278 721 infra
1299 667 1434 723 terram.
1477 652 1539 719 Ab

382 759 565 826 Antiochia
581 764 743 844 usquead
759 763 901 828 Tarsum
919 762 1021 828 Paulo
1037 760 1192 844 apostolo
1207 761 1398 843 gloriosam,
1413 769 1538 823 metro·

383 861 486 948 polim
499 865 641 943 Ciliciae,
654 876 731 932 sunt
746 869 855 932 dietae
871 867 999 932 circiter
1009 877 1086 931 tres.
1120 865 1189 932 Sed
1202 875 1312 930 tamen
1329 885 1433 948 usque
1444 863 1537 947 prin-

382 967 505 1050 cipium
524 969 657 1034 Ciliciae
672 979 748 1035 sunt
763 971 872 1036 dietae
888 972 1016 1035 circiter
1030 972 1126 1047 duae,
1141 968 1193 1033 vel
1208 990 1274 1033 una
1289 976 1322 1032 et
1337 968 1486 1033 dimidia

429 1071 650 1138 Redeundum
672 1084 723 1140 est
743 1075 843 1158 igitur
857 1076 901 1139 ad
924 1075 998 1139 loca
1018 1073 1102 1137 inira
1123 1084 1255 1136 terram.
1300 1071 1476 1136 Abraham
1499 1083 1536 1137 et

385 1175 479 1240 Isaac
508 1178 760 1260 frequentabant
791 1179 865 1243 loca
896 1178 1050 1243 Gerarae.
1113 1176 1238 1241 Gerara
1274 1176 1373 1249 enim,
1410 1197 1430 1240 a
1466 1197 1534 1259 qua

212 1281 367 1332 noundariee
383 1278 582 1345 Gerarcbica
607 1283 708 1366 regio,
732 1290 769 1347 ut
795 1283 876 1346 dicit
902 1282 1131 1364 Hieronymus
1159 1279 1242 1343 libro
1270 1279 1448 1357 Locorum,
1470 1281 1534 1344 luit

381 1385 540 1447 terminus
565 1387 646 1450 olim
674 1386 934 1451 Palaestinorum
958 1386 1043 1449 inter
1066 1385 1176 1449 Cades
1198 1393 1232 1447 et
1259 1383 1333 1463 Sur,
1355 1394 1389 1448 et
1413 1385 1458 1449 ibi
1481 1395 1533 1449 est

382 1486 536 1566 Bersabe,
551 1491 608 1571 qui
623 1501 761 1554 vocatur
776 1497 896 1575 puteus
913 1489 1103 1572 juramenti,
1121 1489 1179 1552 ubi
1195 1487 1370 1552 Abraham
1386 1498 1421 1552 et
1438 1489 1533 1553 Isaac

380 1590 496 1656 foedus
512 1613 588 1655 cum
606 1593 804 1657 Abimelech
822 1593 991 1658 iniverunt
1024 1593 1071 1658 Et
1085 1594 1129 1657 ab
1144 1593 1208 1656 isto
1223 1592 1299 1656 loco
1314 1592 1429 1676 incipit
1443 1601 1533 1656 terra

383 1695 610 1761 Hebraeorum
641 1698 684 1761 ab
714 1698 760 1762 eis
791 1717 953 1780 possessa.
1012 1697 1083 1760 Nec
1114 1695 1201 1760 ultra
1231 1695 1317 1759 hunc
1348 1696 1458 1760 locum
1488 1698 1532 1761 ad

381 1811 530 1864 austrum
568 1801 711 1885 amplius
747 1802 976 1887 possederunt,
1006 1801 1090 1866 sicut
1127 1801 1208 1864 dicit
1240 1800 1468 1882 Hieronymus
1498 1801 1532 1863 in

380 1905 522 1987 epistola
555 1907 597 1970 ad
629 1906 825 1971 Dardanum
857 1908 901 1970 de
931 1918 1019 1970 terra
1049 1905 1323 1988 repromissionis.
1368 1905 1533 1988 Quamvis

380 2019 466 2074 terra
482 2010 681 2093 repromissa
696 2012 743 2075 eis
757 2032 778 2075 a
793 2011 869 2073 Deo
884 2010 1064 2093 incipiebat
1081 2031 1101 2072 a
1116 2019 1261 2074 torrente
1273 2010 1432 2094 Aegypti.
1446 2010 1532 2073 sicut

381 2114 461 2178 dicit
486 2114 712 2196 Hieronymus
738 2124 857 2179 octavo
882 2114 966 2178 libro
990 2134 1089 2196 super
1112 2113 1236 2178 Isaiam
1260 2123 1294 2177 et
1316 2114 1422 2195 primo
1445 2114 1530 2177 libro

380 2218 540 2283 similiter.
580 2219 738 2284 Illeenim
750 2229 887 2297 torrens,
899 2229 937 2284 ut
948 2219 1028 2283 dicit
1042 2219 1278 2300 Hieronymus,
1288 2218 1333 2281 ibi
1349 2230 1400 2282 est
1412 2217 1531 2282 fluvius

380 2323 533 2387 turbidus
545 2324 577 2386 in
589 2323 708 2388 finibus
719 2322 869 2407 Aegypti
885 2343 999 2387 versus
1011 2322 1229 2387 Palaestinam
1242 2331 1275 2386 et
1286 2321 1459 2403 Judaeam,
1469 2341 1531 2385 nec

380 2424 504 2490 habens
520 2435 697 2511 perpetuas
711 2448 825 2509 aquas,
841 2448 907 2491 non
923 2427 1036 2508 procul
1056 2447 1076 2490 a
1093 2425 1184 2504 Nilo,
1199 2428 1258 2490 sed
1270 2426 1369 2507 juxta
1383 2435 1531 2490 castrum

380 2530 469 2613 quod
482 2531 685 2596 Rinocorura
697 2532 825 2609 dicitur,
834 2532 925 2614 quod
940 2529 1040 2594 LXX
1053 2531 1249 2612 interpretes
1262 2540 1443 2612 posuerunt
1455 2530 1531 2595 loco

379 2634 534 2698 torrentis
548 2635 631 2699 sicut
647 2634 679 2698 in
695 2655 809 2700 eorum
824 2633 1042 2699 translatione
1057 2633 1198 2698 habetur
1213 2635 1246 2697 in
1263 2633 1359 2698 Isaia.
1398 2632 1433 2697 A
1450 2633 1530 2698 Ber·

378 2738 459 2801 sabe
473 2758 550 2801 vero
566 2739 683 2821 viginti
699 2740 850 2803 milliaria
865 2760 977 2804 versus
996 2739 1255 2822 septentrionem
1275 2748 1326 2803 est
1345 2740 1529 2804 secundum

381 2840 624 2922 Hieronymum
644 2841 728 2907 libro
745 2841 913 2907 Locorum
930 2842 1044 2907 Ebron
1067 2820 1260 2925 metropolis
1282 2842 1362 2906 olim
1383 2842 1530 2906 Philisti·

378 2964 505 3018 norum,
518 2947 576 3010 sed
590 2948 744 3011 decorata
753 2946 914 3011 nobilium
926 2946 1096 3028 sepultura
1111 2957 1254 3029 quatuor
1265 2946 1529 3030 patriarcharum

379 3048 503 3115 scilicet
526 3050 626 3113 Adae
649 3050 797 3128 maximi,
819 3050 991 3131 Abrahae,
1016 3052 1119 3129 Isaac,
1142 3061 1176 3115 et
1196 3052 1313 3133 Jacob.
1360 3051 1406 3115 Et
1432 3050 1530 3115 lacile

379 3163 430 3218 est
447 3164 525 3218 tunc
544 3156 717 3219 advertere
738 3155 813 3220 loca
828 3155 947 3234 vicina,
961 3155 1085 3219 scilicet
1107 3155 1292 3219 convallem
1317 3155 1472 3219 Mambre
1493 3166 1530 3221 et

378 3257 485 3323 ilicem
508 3257 668 3323 Abrahae
690 3268 724 3324 et
747 3280 905 3343 campum
930 3258 1176 3324 Damascenum
1199 3280 1220 3322 a
1242 3260 1380 3324 meridie
1405 3259 1528 3339 Ebron,

377 3362 433 3446 qui
450 3363 497 3427 sic
513 3364 702 3428 nominatur
718 3385 737 3429 a
754 3364 923 3428 Damasco
942 3384 1037 3429 servo
1056 3364 1222 3429 Abrahae.
1268 3364 1369 3429 Unde
1388 3384 1455 3427 non
1476 3374 1528 3429 est

376 3465 473 3551 Agar
496 3466 550 3530 ille
580 3486 685 3551 prope
710 3468 878 3533 civitatem
907 3467 998 3531 illam
1025 3487 1181 3551 magnam
1205 3469 1418 3543 Damascum,
1441 3488 1530 3551 quae

377 3580 479 3652 caput
491 3569 609 3653 Syriae
624 3581 685 3635 est.
723 3570 814 3634 Nam
830 3573 874 3635 ab
890 3572 948 3636 illo
963 3572 1036 3638 loco
1048 3573 1152 3637 distat
1167 3572 1295 3639 circiter
1309 3594 1367 3655 per
1380 3572 1529 3656 quinque

376 3673 492 3752 dietas,
508 3675 565 3739 sed
581 3684 632 3739 est
644 3674 744 3757 juxta
760 3676 885 3752 Ebron,
902 3676 935 3739 in
951 3697 1019 3759 quo
1036 3676 1150 3741 Adam
1166 3676 1351 3760 plasmatus
1366 3687 1428 3754 est,
1442 3688 1477 3742 et
1493 3677 1528 3739 in

376 3796 443 3859 quo
456 3776 541 3841 Cain
552 3777 712 3843 interiecit
724 3778 858 3843 fratrem
876 3801 992 3856 suum3
1009 3782 1056 3845 sic
1071 3781 1151 3845 dicit
1163 3782 1321 3863 magister
1335 3782 1367 3845 in
1379 3782 1528 3846 historiis

375 3890 410 3944 et
431 3901 532 3964 super
547 3880 713 3945 Genesim.
759 3882 941 3963 Carmelus,
956 3886 1012 3950 ubi
1028 3886 1198 3967 quondam
1222 3885 1331 3949 Nabal
1354 3884 1528 3949 Carmelus

375 3984 445 4059 luit,
463 3994 497 4048 et
512 4006 597 4051 nunc
617 3985 696 4049 villa
714 3997 764 4052 est
785 3986 938 4053 Carmeia
957 3990 1093 4053 nomine
1109 3990 1142 4053 in
1161 3998 1260 4054 sexto
1279 3989 1389 4073 lapide
1409 3990 1527 4073 oppidi

376 4089 491 4154 Ebron
517 4089 560 4154 ad
587 4090 779 4155 orientalem
807 4092 953 4174 plagam,
977 4095 1062 4157 sicut
1085 4094 1167 4159 dicit
1191 4093 1417 4176 Hieronymus
1440 4094 1527 4159 libro

375 4192 551 4257 Locorum.
585 4195 631 4258 Et
643 4215 746 4278 prope
760 4194 951 4259 Carmelum
966 4197 1009 4260 ad
1022 4198 1184 4261 orientem
1197 4197 1230 4260 in
1241 4209 1360 4261 octavo
1373 4193 1527 4261 milliario

374 4297 419 4361 ab
444 4296 558 4361 Ebron
582 4297 668 4380 Ziph
688 4299 780 4361 vicus
802 4300 996 4376 ostenditur,
1013 4300 1070 4366 ubi
1093 4301 1308 4366 absconditus
1330 4312 1381 4364 est
1402 4301 1525 4377 David,

370 4399 470 4481 juxta
484 4422 583 4485 quem
606 4422 701 4467 mons
722 4402 892 4486 squalidus
908 4404 995 4468 idem
1016 4425 1139 4469 nomen
1155 4405 1267 4484 habet,
1286 4404 1411 4469 scilicet
1428 4405 1525 4489 Ziph,

373 4504 495 4589 inquo
520 4506 607 4572 sedit
631 4505 742 4571 David
769 4526 872 4591 prope
897 4506 1084 4573 Carmelam
1111 4518 1149 4575 ut
1178 4510 1260 4575 dicit
1287 4509 1523 4591 Hieronymus.
