3575 5375
590 605 766 676 JUDICIA
793 605 1115 665 ASTRONOMIAE.
1368 619 1429 682 259

275 769 396 835 domus
426 783 587 837 vocantur
620 770 810 837 essentiales
842 780 877 833 et
906 769 1084 847 naturales,
1115 769 1240 853 priores
1267 782 1428 835 vocantur

276 876 495 942 accidentales
516 887 549 941 et
568 875 724 955 situales;
747 875 905 958 quoniam
929 874 994 938 hae
1014 875 1135 938 domus
1155 885 1233 939 sunt
1256 875 1302 938 xii
1324 877 1427 959 signa,

275 1000 416 1061 quorum
434 982 552 1046 divisio
572 981 728 1045 naturalis
748 989 808 1054 est,
838 981 916 1064 quia
947 979 1109 1043 sectiones
1132 980 1257 1044 zodiaci
1280 987 1314 1044 et
1345 979 1427 1044 coeli

278 1095 413 1149 manent
428 1087 461 1148 in
477 1085 544 1149 suis
560 1085 641 1148 locis
656 1087 698 1150 de
713 1085 835 1149 circulo
851 1084 997 1161 coelesti,
1008 1083 1072 1148 hoc
1089 1093 1138 1147 est
1149 1084 1192 1147 de
1207 1083 1427 1162 firmamento,

276 1208 377 1271 qnam
407 1191 603 1254 divisionem
633 1190 802 1271 signorum
834 1189 958 1252 faciunt
995 1209 1056 1253 sex
1086 1188 1195 1252 circuli
1226 1208 1299 1252 sese
1329 1189 1428 1252 inter-

276 1304 425 1357 secantes
446 1295 479 1357 in
504 1295 589 1378 polis
610 1295 745 1371 zodiaci,
761 1305 796 1358 et
816 1295 971 1358 dividunt
988 1303 1097 1358 totum
1123 1292 1253 1357 coelum
1278 1304 1312 1356 et
1332 1313 1428 1357 mun·

277 1399 356 1460 dum
374 1398 405 1461 in
421 1399 468 1461 xii
485 1411 595 1483 partes
614 1400 777 1483 aequales.
823 1399 921 1482 Quae
939 1409 1050 1483 partes
1071 1406 1211 1483 possunt
1229 1398 1428 1462 considerari

278 1495 310 1564 in
328 1503 464 1566 zodiaco
478 1503 596 1581 solum,
612 1513 645 1567 et
661 1513 740 1568 tunc
761 1514 840 1567 sunt
861 1505 992 1587 propn'e
1013 1504 1114 1586 signa,
1129 1512 1166 1567 ut
1180 1501 1281 1567 Aries
1301 1512 1336 1566 et
1353 1501 1428 1576 alia,

278 1615 336 1670 aut
352 1617 491 1688 possunt
508 1607 554 1670 illi
575 1608 685 1672 circuli
706 1608 900 1690 imaginarie
920 1607 1058 1671 extendi
1076 1607 1119 1671 ad
1139 1605 1244 1689 polos,
1260 1606 1429 1688 inquibus

277 1731 312 1774 se
334 1712 542 1790 intersecant,
566 1723 599 1776 et
622 1722 702 1777 tunc
724 1713 878 1778 dividunt
898 1721 1009 1777 totum
1037 1710 1165 1775 coelum
1189 1711 1222 1774 in
1246 1711 1293 1774 xii
1318 1719 1429 1794 partes

277 1815 433 1896 aequales
448 1815 608 1880 habentes
623 1817 812 1898 angustiam
829 1817 861 1880 in
885 1816 1153 1880 extremitatibus
1174 1817 1261 1880 circa
1283 1815 1380 1900 polos
1394 1825 1430 1881 et

278 1919 487 1983 latitudinem
504 1921 536 1984 in
554 1922 665 1984 medio
679 1921 723 1985 ad
739 1922 877 1985 modum
893 1921 984 1985 fundi
1009 1920 1188 1996 naviculae,
1204 1922 1250 1984 ita
1266 1922 1357 2002 quod
1373 1919 1429 1984 illa

277 2023 419 2088 latitudo
442 2027 591 2089 continet
607 2027 835 2089 extremitates
851 2026 996 2109 partium
1013 2025 1147 2100 zodiaci,
1161 2045 1245 2108 quas
1259 2023 1428 2088 communi

278 2129 412 2193 nomine
426 2149 585 2192 vocamus
603 2130 705 2211 signa,
721 2130 809 2193 unde
823 2131 953 2211 signum
973 2130 1093 2193 dicitur
1110 2129 1249 2213 proprie,
1266 2139 1304 2192 ut
1318 2128 1429 2204 ArieS,

278 2232 330 2294 vel
347 2232 487 2311 Taurus,
498 2233 557 2296 &n
604 2233 651 2296 Et
666 2233 805 2298 sumitur
816 2233 913 2297 aliter
922 2254 981 2315 pro
990 2242 1063 2297 tota
1074 2233 1157 2298 coeli
1168 2242 1263 2316 parte
1274 2243 1430 2297 contenta

279 2337 367 2400 inter
381 2338 467 2400 duos
488 2336 627 2401 circulos
646 2346 865 2412 transeuntes,
879 2338 970 2401 verbi
992 2340 1098 2422 gratia
1114 2358 1174 2420 per
1193 2335 1276 2402 fines
1293 2335 1429 2410 Arietis,

279 2441 336 2522 qni
364 2441 475 2504 circuli
511 2451 709 2506 concurrunt
743 2443 776 2504 in
810 2442 898 2524 polis
929 2443 1067 2520 mundi;
1107 2451 1142 2505 et
1174 2442 1262 2506 istud
1294 2442 1427 2525 signum

280 2545 400 2608 dicitur
429 2565 500 2608 esse
530 2546 660 2628 signum
690 2545 826 2624 Arietis,
855 2546 935 2629 quia
964 2546 1037 2628 ejus
1058 2545 1201 2610 latitudo
1223 2546 1373 2610 consistit
1393 2546 1428 2609 in

281 2648 474 2713 extensione
505 2649 640 2728 Arietis,
669 2660 703 2716 et
732 2650 778 2715 sic
811 2650 927 2716 stellae
956 2671 1043 2734 quae
1076 2658 1153 2715 sunt
1183 2659 1280 2715 extra
1309 2669 1429 2733 corpus

280 2752 407 2817 Arietis
437 2754 592 2819 dicuntur
616 2775 688 2819 esse
717 2756 748 2819 in
776 2756 870 2839 signo
893 2755 1030 2833 Arietis,
1056 2755 1208 2836 quamvis
1236 2754 1303 2819 sint
1328 2754 1430 2837 juxta

279 2856 375 2942 polos
403 2860 527 2923 mundi.
574 2860 642 2924 Sed
668 2859 752 2924 aliae
775 2863 894 2925 domus
918 2862 1072 2923 dicuntur
1097 2859 1328 2937 accidentales,
1350 2859 1430 2943 quia

280 2963 396 3026 divisio
418 2983 530 3027 earum
558 2974 609 3029 est
641 2964 861 3043 accidentalis,
883 2974 918 3029 et
948 2985 1014 3028 non
1043 2972 1179 3027 manent
1200 2964 1363 3028 sectiones
1394 2964 1428 3027 in

279 3068 399 3131 eodem
420 3068 495 3131 loco
513 3068 606 3143 coeli,
630 3069 708 3151 quia
731 3089 796 3132 non
821 3078 1004 3152 sequuntur
1027 3079 1156 3131 motum
1179 3068 1272 3145 coeli,
1294 3078 1329 3133 et
1353 3068 1430 3132 ideo

280 3182 449 3237 mutantur
471 3192 584 3235 earum
604 3172 677 3237 loca
693 3174 725 3235 in
745 3173 867 3237 circulo
890 3193 948 3236 seu
968 3172 1062 3237 coelo
1082 3172 1116 3234 in
1138 3172 1230 3234 omni
1245 3170 1337 3235 hora.
1383 3171 1430 3236 Et

279 3284 455 3339 sumuntur
475 3275 539 3339 hae
561 3277 733 3350 sectiones,
750 3287 786 3340 ut
805 3276 932 3339 dictum
954 3285 1014 3353 est,
1035 3296 1095 3357 per
1114 3273 1272 3338 circulum
1299 3276 1429 3338 meridi-

281 3399 381 3442 anum
400 3388 434 3442 et
449 3377 657 3443 horizontem
680 3399 756 3442 cum
771 3379 843 3441 aliis
856 3388 1007 3461 quatuor.
1055 3377 1186 3441 Domus
1208 3386 1321 3442 autem
1344 3398 1430 3461 quae

281 3485 401 3549 dicitur
416 3485 575 3549 naturalis
598 3485 707 3549 adhuc
728 3495 779 3550 est
799 3486 948 3567 duplex3
970 3484 1136 3567 quaedam
1157 3491 1208 3546 est
1230 3483 1429 3568 principalis,

280 3591 443 3672 quaedam
468 3609 533 3652 non
557 3590 755 3673 principalis,
785 3591 872 3653 unde
894 3590 1015 3653 dicitur
1037 3588 1250 3653 accidentalis
1279 3599 1430 3673 respectu

280 3692 476 3778 principalis.
524 3694 715 3777 Principalis
744 3705 856 3759 autem
887 3696 1008 3759 domus
1037 3691 1191 3777 planetae
1220 3703 1271 3758 est
1301 3694 1335 3757 in
1364 3713 1431 3777 qua

280 3812 411 3865 creatus
435 3799 506 3875 fuit,
528 3809 565 3864 ut
590 3799 662 3864 Leo
681 3810 731 3864 est
752 3802 873 3865 domus
900 3799 998 3873 Solis,
1022 3800 1150 3865 Cancer
1172 3799 1296 3879 Lunae,
1322 3799 1430 3885 Virgo

284 3905 447 3983 Mercurii,
471 3904 574 3968 Libra
595 3904 745 3982 Veneris,
771 3904 871 3970 Aries
903 3905 1022 3969 Martis
1051 3905 1232 3969 secundum
1256 3906 1431 3987 quosdam,

279 4010 461 4073 secundum
500 4007 584 4073 alios
629 4008 795 4092 Scorpius,
833 4008 1033 4093 Sagittarius
1068 4007 1171 4091 Jovis,
1212 4008 1432 4094 Capricornus

280 4208 333 4253 any
345 4192 376 4241 ol
382 4193 427 4241 the
439 4192 542 4255 twelve,
557 4193 696 4254 according
706 4200 734 4241 to
746 4193 791 4242 the
801 4194 868 4241 honr
878 4200 905 4241 at
916 4192 1002 4241 which
1014 4192 1060 4241 the
1071 4193 1216 4254 horoscope
1227 4193 1250 4241 is
1261 4194 1347 4242 taken.
1375 4193 1431 4241 The

281 4270 363 4332 figure
380 4272 442 4319 here
454 4271 530 4332 given
542 4272 632 4319 shows
644 4272 720 4319 Aries
733 4272 821 4333 rising,
835 4272 887 4319 and
900 4269 977 4320 Libra
987 4271 1092 4332 setting.

316 4349 346 4397 ln
363 4348 408 4397 the
426 4364 509 4411 npper
525 4350 614 4411 ligure,
628 4349 807 4411 representing
824 4350 868 4398 the
886 4348 981 4397 domus
995 4348 1133 4397 esserum
1149 4354 1172 4397 et
1186 4349 1322 4411 naturales,
1334 4349 1432 4411 special

280 4428 353 4489 signs
370 4427 401 4475 ot'
416 4427 461 4475 the
478 4427 567 4475 zodiae
584 4443 628 4475 are
645 4426 754 4475 allotted
771 4434 798 4474 to
815 4428 880 4477 each
896 4426 1001 4489 planet:
1019 4442 1069 4476 one
1085 4433 1112 4475 to
1129 4426 1174 4474 the
1191 4425 1255 4487 Sun,
1274 4441 1326 4475 one
1342 4433 1370 4475 to
1386 4427 1432 4476 the

281 4506 369 4567 Moon,
384 4505 435 4553 and
446 4512 500 4553 two
512 4512 540 4553 to
557 4506 621 4555 each
633 4505 664 4553 ol
677 4505 722 4553 the
733 4506 809 4554 other
825 4506 881 4555 live.
918 4505 989 4554 Eneh
1006 4504 1037 4554 ol
1044 4505 1118 4553 these
1130 4504 1181 4552 five
1198 4504 1246 4553 has
1258 4521 1274 4553 e
1292 4504 1432 4555 masculine

280 4586 331 4633 and
352 4600 368 4632 a
383 4583 505 4632 feminine
517 4583 592 4644 sign;
610 4584 826 4645 corresponding,
839 4584 849 4631 1
867 4598 991 4646 suppose,
1004 4591 1031 4630 to
1047 4582 1093 4631 the
1108 4581 1258 4631 distinction
1274 4583 1301 4631 in
1316 4584 1362 4632 the
1376 4590 1434 4633 text

280 4661 464 4728 olprina'pales
475 4662 527 4709 and
538 4662 625 4710 murus
633 4663 789 4726 principales.
