3575 5375
702 622 991 683 enodaverim,
1361 639 1419 703 311

270 789 403 852 noctiali
416 789 544 854 distans
555 785 737 872 aequaliter
752 788 795 850 ab
811 786 984 850 occidente
998 795 1032 850 et
1047 788 1182 863 oriente,
1198 790 1422 872 septentrione

272 906 306 958 et
323 895 467 959 meridie.
507 894 579 958 Nec
598 902 648 957 est
664 893 890 969 contradictio,
905 892 984 976 quia
998 891 1224 957 mathematici
1241 893 1421 976 loquuntur

269 1000 311 1062 de
342 999 546 1062 habitatione
577 998 625 1061 eis
655 1008 735 1060 nota
767 997 948 1060 secundum
981 1017 1077 1060 veras
1107 997 1420 1081 comprehensiones

269 1103 512 1184 longitudinum
528 1113 562 1167 et
580 1102 793 1166 latitudinum
810 1103 1001 1184 regionum:
1023 1111 1058 1165 et
1072 1102 1137 1166 hoc
1148 1121 1214 1164 non
1227 1110 1276 1166 est
1287 1110 1418 1168 tantum

268 1218 429 1290 quantum
451 1218 567 1272 notum
589 1215 640 1271 est
659 1227 717 1291 per
734 1206 974 1288 experientiam
996 1207 1123 1270 itineris
1143 1214 1177 1270 et
1199 1206 1419 1289 navigationis

267 1312 357 1395 apud
374 1311 516 1376 Plinium
536 1321 570 1376 et
585 1310 667 1376 alios
685 1311 863 1376 naturales.
909 1308 1102 1374 Secundum
1122 1331 1201 1374 vero
1218 1312 1308 1393 quod
1324 1331 1418 1394 prae·

267 1419 410 1480 tendunt
429 1426 581 1481 auctores
601 1424 635 1480 et
651 1416 799 1480 maxime
816 1415 949 1493 Plinius,
963 1435 1055 1480 mare
1073 1416 1225 1480 Indicum
1243 1416 1419 1480 decurrens

267 1541 325 1602 per
347 1521 434 1585 latus
457 1519 573 1584 Indiae
594 1541 615 1584 a
637 1520 767 1603 tropico
791 1517 981 1602 Capricorni
1003 1539 1119 1584 secans
1140 1519 1416 1603 aequinoctialem

266 1626 384 1690 transit
415 1645 473 1710 per
507 1623 595 1690 latus
630 1624 846 1688 meridianum
886 1624 1022 1701 Indiae,
1061 1623 1184 1688 deinde
1218 1624 1417 1688 immensum

266 1731 410 1813 spatium
435 1742 540 1794 terrae
560 1727 741 1793 absorbens
764 1729 865 1792 flectit
880 1747 917 1792 se
930 1747 1045 1792 versus
1065 1728 1218 1793 occidens
1240 1749 1301 1812 per
1320 1729 1418 1793 meri·

265 1835 364 1912 diem,
383 1837 487 1899 donec
503 1835 639 1919 recipiat
658 1835 767 1898 lauces
784 1833 882 1897 maris
901 1832 989 1897 rubri
1001 1844 1036 1897 et
1050 1832 1137 1897 ostia
1151 1832 1231 1914 ejus,
1242 1832 1417 1898 decurrens

265 1959 379 2003 versus
405 1938 678 2022 aequinoctialem
707 1937 792 2001 ultra
823 1937 1005 2001 meridiana
1030 1936 1232 2022 Aethiopiae
1260 1936 1296 2000 in
1326 1957 1417 2002 mare

265 2041 479 2108 occidentis¹.

309 2149 355 2211 Et
371 2149 456 2210 inter
467 2147 576 2211 lauces
586 2147 684 2210 maris
696 2146 784 2210 rubri
797 2155 831 2210 et
844 2166 936 2210 mare
947 2145 1155 2229 Aethiopum
1168 2145 1284 2229 incipit
1297 2147 1414 2212 Aethi·
1427 2155 1572 2221 Aethiopia

264 2253 352 2335 opia.
399 2251 444 2315 Et
467 2250 522 2314 ubi
546 2251 688 2314 latitudo
714 2251 857 2333 regionis
883 2261 935 2314 est
957 2251 1086 2315 circiter
1111 2251 1255 2314 sedecim
1283 2252 1414 2333 gradus,

264 2368 297 2419 et
331 2355 504 2438 longitudo
539 2355 603 2418 diei
634 2353 795 2436 prolixior
825 2355 891 2418 sere
923 2355 1082 2418 tredecim
1112 2355 1202 2419 horis
1232 2358 1413 2421 secundum

265 2458 493 2524 Ptolemaeum
507 2458 538 2522 in
547 2456 747 2540 Almagesti,
757 2467 791 2522 et
805 2457 929 2523 Plinius
939 2459 1020 2522 satis
1029 2459 1211 2524 concordat
1222 2468 1320 2522 sexto
1329 2459 1414 2525 libro

264 2573 295 2627 et
312 2566 468 2642 secundo,
480 2573 529 2627 est
546 2562 647 2636 Saba,
660 2561 767 2626 insula
783 2561 863 2626 Nilo
880 2562 1014 2640 inclusa,
1029 2564 1146 2627 civitas
1157 2562 1277 2647 regalis
1291 2563 1412 2628 Aethi-

263 2669 370 2752 opiae,
380 2669 423 2732 de
438 2688 504 2750 qua
521 2668 554 2730 in
568 2666 653 2731 lsaia
669 2665 782 2731 ‘labor
794 2667 959 2752 Aegypti,
970 2667 1152 2751 negotiatio
1164 2667 1368 2753 Aethiopiae
1378 2678 1412 2734 et
1426 2681 1520 2733 Meroe.

263 2772 419 2849 Sabaim,’
430 2792 529 2854 super
539 2774 629 2853 quod
639 2771 771 2835 decimo
783 2772 882 2836 tertio
892 2771 976 2836 libro
986 2773 1067 2837 dicit
1080 2772 1316 2854 Hieronymus,
1322 2776 1412 2857 quod
1426 2748 1541 2877 affuel·

261 2889 311 2940 est
323 2898 406 2961 gens
418 2876 547 2941 Sabaea
559 2896 645 2959 quae
657 2884 708 2939 est
719 2885 810 2941 trans
821 2875 1052 2961 Aethiopiam.
1077 2877 1123 2941 Et
1134 2877 1216 2942 hacc
1226 2886 1276 2942 est
1289 2878 1413 2958 Meroe,

260 3002 345 3065 quae
371 2993 422 3045 est
449 2982 480 3044 in
507 2981 625 3044 ultimo
651 2980 854 3065 Aethiopiae
879 2990 913 3045 et
940 2982 974 3045 in
1001 2982 1067 3046 fine
1091 2980 1280 3047 habitabilis
1305 2993 1413 3061 notae,

260 3088 441 3150 secundum
457 3086 546 3168 quod
564 3085 656 3169 prius
671 3086 797 3149 dictum
814 3094 875 3160 est,
890 3094 925 3148 et
946 3087 979 3149 in
995 3085 1172 3150 Ezechiele
1188 3088 1294 3162 xxvii,
1307 3108 1411 3171 quam

259 3190 425 3273 Josephus
447 3192 556 3272 primo
578 3189 811 3272 antiquitatum
835 3211 856 3254 a
879 3188 1047 3272 Cambyse
1072 3210 1150 3272 rege
1173 3190 1311 3253 Meroen
1333 3211 1411 3273 cog-

260 3298 463 3359 nominatam
491 3315 534 3357 ex
561 3294 682 3357 sororis
706 3293 870 3357 vocabulo
898 3293 1005 3371 refert,
1029 3304 1065 3359 et
1091 3294 1156 3359 hoc
1183 3294 1411 3376 Hieronymus

259 3409 400 3463 testatur
412 3398 495 3461 libro
507 3398 666 3461 locorum.
712 3396 810 3479 Quae
824 3398 940 3460 civitas
955 3398 1058 3461 distat
1073 3416 1094 3459 a
1110 3399 1191 3461 mari
1209 3397 1411 3482 Aethiopico

259 3505 388 3568 circiter
413 3503 622 3585 septingenta
647 3500 799 3563 milliaria
819 3494 1005 3564 'secundum
1030 3501 1170 3564 Plinium
1192 3513 1291 3565 sexto
1313 3502 1409 3567 libro.

260 3608 306 3671 Et
328 3618 378 3671 est
401 3607 483 3670 haec
506 3606 620 3669 civitas
644 3605 675 3667 in
697 3604 806 3687 primo
827 3604 969 3679 climate,
985 3626 1006 3668 a
1020 3624 1088 3689 qua
1108 3606 1297 3670 nominatur
1310 3607 1409 3671 clima

232 3694 237 3701 ⁹
258 3712 460 3776 Diameroes.
507 3709 673 3792 Regnavit
693 3709 736 3772 ibi
754 3706 896 3773 Candax
913 3708 1066 3786 foemina,
1081 3710 1170 3774 unde
1184 3730 1306 3775 nomen
1321 3710 1409 3777 Can·

257 3818 350 3880 dacis
375 3815 489 3880 multis
512 3814 582 3896 jam
607 3814 702 3877 annis
727 3814 771 3877 ad
795 3814 943 3896 reginam
964 3813 1092 3887 transit,
1111 3824 1149 3877 ut
1172 3815 1253 3879 dicit
1274 3814 1408 3894 Plinius,

258 3932 292 3985 et
315 3922 423 3998 insert,
438 3940 513 3985 cum
537 3920 722 4003 potirentur
745 3937 853 3981 rerum
868 3918 1065 4001 Aethiopes,
1081 3919 1188 3981 insula
1209 3940 1249 3983 ea
1268 3940 1408 4004 magnac

256 4026 414 4091 claritatis
435 4024 506 4089 tuit.
551 4022 704 4087 Tradunt
725 4031 930 4085 armatorum
953 4036 1017 4105 250
1037 4022 1141 4087 millia
1163 4024 1242 4087 dare
1263 4024 1407 4100 solitum,

256 4129 418 4195 artificum
441 4146 507 4204 400
529 4126 633 4189 millia
661 4123 746 4189 alere
758 4122 779 4186 ².
825 4123 934 4189 Actus
956 4135 1068 4190 autem
1088 4128 1315 4209 apostolorum
1339 4147 1407 4192 me-

257 4236 394 4299 moriam
424 4232 547 4296 laciunt
576 4230 621 4293 de
653 4228 804 4294 eunucho
833 4228 997 4294 Candacis
1026 4232 1160 4313 reginae
1188 4230 1407 4314 Aethiopum,

288 4421 295 4452 ¹
316 4421 340 4470 lt
351 4420 406 4469 will
416 4421 448 4469 be
460 4418 565 4469 noticed
576 4419 632 4467 that
649 4417 736 4466 Bacon
755 4416 820 4465 doe·
837 4424 882 4465 not
899 4418 979 4479 adopt
997 4418 1041 4467 the
1058 4417 1197 4467 Ptolemaic
1207 4418 1276 4467 view
1288 4419 1345 4469 that
1361 4421 1406 4471 the

256 4501 347 4551 lndian
360 4515 441 4548 ocean
452 4514 509 4548 was
520 4514 553 4547 en
565 4496 687 4546 enclosed
699 4510 752 4543 sea.

286 4578 297 4607 ¹
313 4578 400 4627 These
411 4576 533 4626 numbers
548 4590 592 4625 are
604 4574 722 4637 wrongly
733 4573 810 4635 given
823 4573 849 4621 in
861 4572 906 4622 the
918 4572 995 4624 MSS.
1028 4574 1105 4637 They
1116 4590 1160 4624 are
1172 4577 1250 4638 given
1262 4577 1325 4625 bere
1336 4592 1366 4626 as
1378 4578 1405 4627 in

255 4658 340 4721 Pliny,
352 4658 385 4707 vi.
397 4672 436 4719 00
