3575 5375
585 609 825 671 conascrro
851 605 1125 669 carantanam.
1366 599 1426 679 285

275 778 553 860 augmentabatur
568 779 649 842 haec
663 777 830 841 dubitatio
847 775 879 837 in
897 783 1047 854 tempore
1065 771 1153 836 beati
1171 792 1278 854 papae
1296 768 1425 839 Hilarii,

276 882 332 964 qui
349 884 518 965 praecepit
533 882 684 948 Victorio
699 902 822 946 novum
843 878 974 963 cyclum
993 896 1202 959 componere,
1218 877 1251 939 in
1266 895 1334 956 quo
1349 873 1427 956 quia

276 1005 344 1049 non
366 987 427 1050 luit
444 989 619 1062 certitudo,
644 987 729 1052 sicut
751 1006 812 1051 nec
833 986 865 1048 in
886 979 1191 1058 decemnovennali,
1205 979 1426 1043 adhaeserunt

275 1093 474 1174 posteriores
488 1093 718 1157 consuetudini
733 1092 888 1173 antiquae
903 1102 938 1154 et
952 1099 1081 1154 statuto
1095 1087 1223 1153 concilii
1240 1085 1389 1151 Nicaeni.

321 1195 417 1261 Patet
440 1198 540 1280 igitur
565 1219 609 1262 ex
635 1198 697 1276 his,
712 1196 802 1280 quod
823 1195 916 1259 salva
935 1196 1026 1258 omni
1047 1193 1245 1258 auctoritate
1262 1190 1427 1255 Nicaenae
1440 1199 1476 1248 At
1487 1206 1584 1275 present

276 1301 409 1380 synodi,
425 1312 536 1384 potest
552 1302 665 1386 cyclus
683 1303 737 1367 hic
753 1300 944 1377 immutar1;
966 1299 1045 1382 quia
1063 1309 1143 1363 tunc
1164 1318 1254 1361 error
1273 1315 1340 1360 non
1356 1292 1426 1370 suit,
1439 1263 1588 1396 &2330OE

276 1412 311 1465 et
327 1405 550 1471 sustinebatur
564 1417 600 1471 ut
615 1407 774 1472 vitaretur
789 1404 898 1487 majus
913 1402 1094 1486 periculum
1109 1404 1153 1466 ad
1167 1412 1310 1485 tempus,
1321 1402 1427 1465 donec
1441 1397 1520 1446 orne

278 1508 416 1574 ecclesia
441 1518 555 1593 posset
577 1511 698 1575 habere
724 1509 982 1576 astronomicam
1008 1519 1223 1589 potestatem,
1246 1527 1307 1588 per
1325 1522 1427 1588 quam
1440 1461 1574 1592 pm}

277 1612 384 1675 solam
399 1624 511 1697 potest
526 1616 708 1680 remedium
723 1614 883 1679 adhiberi.
929 1614 1019 1677 Nam
1035 1613 1201 1695 primitiva
1213 1611 1350 1677 ecclesia
1362 1627 1428 1672 non
1441 1594 1597 1710 fflcfflch'

278 1717 395 1782 habuit
420 1738 516 1783 usum
539 1721 768 1785 astronomiae
816 1720 861 1783 Et
884 1719 961 1784 ideo
987 1729 1103 1801 postea
1126 1738 1230 1800 usque
1253 1735 1340 1780 nunc
1365 1713 1429 1777 suit

279 1823 403 1886 omissa
426 1825 584 1889 correctio
603 1823 701 1907 hujus
720 1825 766 1889 rei
786 1835 925 1908 propter
941 1825 1074 1907 longam
1096 1822 1380 1896 consuetudinem,
1395 1827 1429 1881 et

279 1937 414 2011 propter
424 1929 488 1994 hoc
499 1932 588 2013 quod
602 1951 680 1994 usus
696 1932 920 1996 astronomiae
936 1951 1000 1994 non
1013 1929 1074 1993 luit
1084 1929 1117 1992 in
1134 1949 1194 1992 usu
1208 1926 1428 2012 praelatorum

280 2051 340 2095 nec
361 2033 582 2101 multitudinis
602 2038 819 2114 studentium,
836 2057 897 2100 nec
916 2035 1025 2099 adhuc
1046 2042 1117 2111 est;
1140 2032 1216 2096 licet
1237 2032 1338 2112 aliqui
1353 2039 1429 2094 sunt

279 2137 360 2200 satis
371 2139 516 2222 prompti
527 2149 561 2203 et
572 2141 667 2221 periti
680 2141 713 2203 in
725 2140 787 2204 hac
797 2151 899 2221 parte.
925 2139 1036 2202 Debet
1046 2146 1158 2200 autem
1172 2155 1259 2200 nunc
1270 2134 1430 2215 temporis

280 2241 463 2305 remedium
476 2245 598 2326 apponi
611 2255 746 2326 propter
757 2245 838 2308 istos
850 2263 975 2307 errores
987 2242 1179 2306 manifestos
1191 2251 1226 2305 et
1238 2237 1430 2323 palpabiles,

280 2353 381 2427 atque
397 2355 532 2430 propter
552 2348 743 2412 scandalum
763 2348 940 2430 multiplex
961 2348 995 2411 in
1017 2345 1162 2410 ecclesia
1207 2345 1297 2409 Nam
1316 2363 1432 2406 omnes

281 2447 402 2514 literati
434 2451 466 2513 in
498 2460 657 2535 computo
688 2460 722 2516 et
748 2452 931 2517 astronomi
961 2452 1068 2516 sciunt
1097 2451 1189 2526 haec,
1218 2459 1252 2513 et
1281 2448 1432 2513 derident

282 2553 501 2636 ignorantiam
515 2556 736 2639 praelatorum
747 2559 803 2642 qui
814 2557 895 2623 haec
907 2556 1079 2622 sustinent.
1116 2555 1230 2638 Atque
1242 2551 1431 2638 philosophi

283 2660 442 2740 infideles,
458 2661 598 2739 Arabes,
616 2661 770 2736 Hebraei,
786 2672 820 2727 et
836 2662 962 2732 Graeci,
978 2662 1035 2746 qni
1048 2661 1201 2726 habitant
1217 2661 1302 2726 inter
1318 2656 1431 2724 Chris·

282 2766 394 2830 tianos
416 2776 454 2831 ut
476 2767 509 2831 in
529 2766 706 2849 Hispania,
720 2775 753 2831 et
773 2766 948 2851 Aegypto,
964 2776 997 2832 et
1017 2768 1050 2831 in
1070 2765 1219 2849 partibus
1239 2764 1383 2838 orientis,
1399 2772 1432 2826 et

284 2870 316 2933 in
346 2870 460 2936 multis
481 2871 553 2935 aliis
575 2873 689 2936 mundi
712 2872 900 2954 regionibus
931 2870 1111 2937 abhorrent
1133 2871 1308 2935 stultitiam
1331 2887 1432 2952 qnam

282 2976 490 3058 conspiciunt
505 2977 538 3040 in
550 2976 757 3041 ordinatione
768 2985 959 3058 temporum
970 2976 1091 3059 quibus
1105 2985 1242 3040 utuntur
1254 2970 1431 3038 Christiani

279 3080 313 3143 in
342 3080 410 3144 suis
440 3080 716 3146 solemnitatibus.
764 3081 809 3145 Et
834 3081 906 3164 jam
937 3080 1116 3145 Christiani
1146 3080 1249 3145 habet
1279 3078 1431 3162 peritiam

280 3186 514 3259 astronomiae,
530 3205 589 3268 per
609 3206 708 3267 quam
728 3194 840 3267 potest
861 3185 931 3249 fieri
953 3184 1154 3249 certificatio.
1200 3184 1314 3247 Potest
1334 3182 1434 3265 igitur

280 3287 400 3353 Vestra
417 3290 613 3354 Reverentia
632 3290 757 3372 jubere,
774 3298 808 3351 et
825 3289 996 3353 invenietis
1015 3289 1166 3352 homines
1186 3287 1242 3369 qui
1262 3285 1433 3367 praeclara

283 3391 429 3454 remedia
440 3400 609 3474 apponent
621 3392 654 3453 in
670 3391 733 3454 hac
745 3402 856 3472 parte;
875 3403 911 3456 et
925 3412 991 3455 non
1007 3392 1113 3455 solum
1130 3392 1162 3454 in
1176 3389 1361 3473 praedictis,
1373 3389 1432 3452 sed

284 3494 316 3557 in
337 3494 439 3559 totius
457 3494 633 3558 calendarii
649 3494 841 3560 defectibus.
886 3494 975 3558 Nam
992 3495 1152 3558 tredecim
1171 3503 1247 3558 sunt
1263 3492 1435 3568 radicales,

284 3606 317 3661 et
329 3597 453 3662 habent
465 3618 575 3662 ramos
585 3597 679 3680 quasi
692 3597 847 3662 infinitos.
894 3598 930 3664 Si
942 3599 1044 3683 igitur
1055 3599 1143 3663 istud
1155 3618 1240 3682 opus
1251 3596 1433 3681 gloriosum

282 3700 376 3765 heret
399 3701 605 3782 temporibus
620 3700 763 3766 Vestrae
783 3700 988 3783 Sanctitatis‚
1002 3711 1081 3767 tunc
1101 3723 1168 3767 una
1189 3702 1232 3766 de
1255 3701 1435 3784 majoribus

285 3805 384 3871 rebus
417 3816 450 3869 et
478 3804 668 3869 melioribus
702 3814 736 3869 et
766 3804 1008 3888 pulchrioribus
1037 3815 1322 3871 consummaretur
1350 3824 1435 3889 quae

284 3930 430 3994 unquam
446 3910 478 3973 in
494 3910 632 3974 ecclesia
648 3908 712 3973 Dei
729 3909 859 3975 fuerunt
874 3908 1087 3975 attentatae¹.

319 4106 328 4134 ¹
347 4106 454 4155 Paulos
465 4106 634 4168 lliddelburg,
647 4106 738 4169 bishop
753 4107 784 4155 ol
794 4106 991 4169 fossombrone,
1005 4107 1032 4155 in
1047 4108 1089 4156 his
1104 4107 1187 4167 work,
1204 4106 1317 4156 Paulina
1331 4106 1362 4155 de
1374 4113 1437 4156 ncta

285 4184 397 4234 Paschae
407 4186 561 4234 celebratione
571 4188 606 4248 (Α.
614 4200 639 4235 n.
650 4186 723 4247 1513)
738 4186 867 4234 discusses
879 4186 923 4233 tbe
934 4186 1052 4246 question
1061 4186 1143 4235 nithe
1150 4185 1279 4235 Calendnr
1288 4185 1352 4234 with
1364 4194 1437 4245 great

284 4264 399 4313 lullness.
431 4264 564 4327 speaking
574 4264 605 4312 os
617 4263 662 4312 the
674 4264 808 4313 confusion
821 4262 950 4324 resulting
960 4264 1025 4311 t‘rom
1036 4264 1082 4312 the
1093 4279 1205 4313 errores
1217 4272 1244 4313 to
1255 4263 1299 4312 the
1311 4263 1400 4324 length
1411 4264 1441 4313 ol

285 4343 330 4390 the
341 4358 405 4403 year
416 4344 468 4391 and
479 4344 544 4391 from
557 4344 601 4391 the
613 4343 788 4405 imperiection
804 4341 833 4391 ol'
846 4342 890 4389 the
902 4342 978 4390 lunar
988 4342 1070 4403 cycle,
1082 4342 1116 4391 he
1133 4358 1204 4403 says,
1220 4342 1310 4402 ‘Quod
1321 4341 1436 4391 animad-

284 4428 417 4470 vertentes
429 4421 536 4485 maybres
547 4421 628 4469 rrostn¹
636 4421 765 4470 exhortati
782 4428 843 4469 sunt
856 4420 997 4482 aliquando
1013 4420 1146 4469 Romanos
1161 4420 1300 4482 pontifices
1312 4426 1340 4468 ut
1354 4422 1437 4470 errori

283 4500 342 4548 huic
355 4499 455 4548 enormi
466 4498 662 4550 succurrerent)
694 4499 761 4549 'Ihnt
773 4500 807 4549 he
823 4498 917 4548 should
934 4507 980 4548 not
995 4499 1062 4548 have
1076 4499 1225 4548 mentioned
1238 4496 1349 4547 Bacon’s
1360 4514 1436 4548 narne

285 4578 310 4625 in
328 4578 379 4625 this
398 4579 544 4626 connexion
562 4579 584 4625 is
600 4578 644 4627 the
660 4593 731 4627 more
749 4586 855 4640 strange
873 4578 929 4627 that
945 4578 980 4626 he
997 4578 1062 4626 does
1078 4578 1193 4626 mention
1211 4577 1264 4625 him
1283 4578 1309 4625 in
1327 4578 1437 4627 another

284 4664 342 4719 part
354 4656 433 4706 olbis
443 4656 525 4716 work,
536 4656 614 4706 when
627 4656 662 4707 he
672 4664 753 4707 treats
764 4664 791 4706 at
803 4672 876 4706 some
888 4656 978 4718 length
991 4656 1070 4705 olbis
1081 4656 1228 4717 conjecture
1239 4670 1268 4705 ns
1279 4662 1307 4704 to
1318 4656 1365 4705 the
1376 4656 1436 4707 dete
