3575 5375
577 639 815 699 CORRECTIO
842 637 1115 698 CALENDARII.
1351 633 1409 695 281

262 810 295 866 et
319 799 416 868 lunae
439 801 503 866 hoc
526 824 614 867 anno
636 803 697 868 suit
719 803 751 866 vi
776 803 930 868 calendas
953 801 1090 886 Aprilis,
1105 801 1247 884 superB
1271 801 1410 876 literam,

261 907 319 970 sed
344 909 449 990 prima
470 909 622 972 accensio
644 907 741 971 lunae
765 916 797 972 et
815 907 898 972 visio
920 907 1047 988 primae
1069 907 1175 970 lunae.
1222 906 1313 990 Ergo
1334 905 1410 970 luna

261 1011 322 1076 luit
343 1012 401 1074 xiv
416 1013 532 1094 quinto
556 1014 627 1076 idus
643 1012 779 1095 Aprilis,
796 1033 896 1095 super
914 1012 946 1075 A
969 1011 1109 1090 literam,
1124 1021 1157 1076 et
1180 1011 1239 1074 xiv
1261 1011 1339 1074 luna
1360 1022 1412 1076 est

262 1117 421 1180 terminus
453 1116 608 1195 Paschae,
638 1137 678 1180 ac
707 1117 872 1180 dominica
902 1136 1043 1198 sequens
1074 1125 1124 1178 est
1150 1116 1221 1178 dies
1254 1114 1409 1178 Paschae.

262 1219 375 1301 Quare
397 1221 430 1283 in
454 1219 481 1282 B
506 1219 601 1285 litera
627 1231 793 1302 sequente,
815 1221 938 1285 scilicet
967 1222 1000 1282 in
1030 1220 1182 1298 crastino,
1204 1217 1355 1283 videlicet
1381 1220 1413 1281 iv

263 1324 336 1388 idus
348 1324 473 1407 Aprilis
489 1325 589 1390 debet
605 1347 677 1390 esse
690 1326 760 1389 dies
774 1325 918 1389 Paschae
932 1325 1114 1390 secundum
1127 1325 1311 1388 veritatem.
1343 1323 1412 1388 Sed

263 1429 366 1491 modo
382 1428 574 1493 transfertur
589 1450 692 1512 usque
707 1430 748 1492 ad
761 1437 836 1494 octo
849 1431 919 1492 dies
930 1429 1016 1492 ultra
1028 1439 1165 1512 propter
1177 1427 1411 1510 primationenr

262 1542 429 1614 sumptam
457 1532 556 1614 juxta
585 1554 720 1597 aureum
751 1553 935 1596 numerum.
992 1534 1080 1596 Nam
1111 1552 1229 1596 aureus
1259 1552 1413 1595 numerus

263 1635 356 1698 istius
381 1638 459 1699 anni
483 1649 534 1700 est
559 1639 624 1710 xiv,
648 1637 704 1719 qui
728 1638 859 1719 ponitur
883 1638 916 1700 iii
938 1637 1093 1702 calendas
1115 1635 1241 1719 Aprilis
1262 1656 1362 1718 super
1382 1635 1413 1698 E

262 1739 400 1817 literam,
423 1751 457 1803 et
484 1741 529 1804 ibi
553 1743 672 1805 dicitur
695 1763 767 1806 esse
793 1742 949 1824 primatio
972 1744 1153 1806 secundum
1177 1740 1412 1804 calendarium.

264 1843 309 1907 Et
332 1845 408 1907 ideo
430 1847 609 1910 secundum
632 1846 696 1909 hoc
720 1847 777 1909 xiv
800 1845 887 1919 luna,
903 1867 988 1928 quae
1011 1856 1061 1909 est
1084 1846 1245 1908 terminus
1269 1845 1413 1908 Paschae

264 1958 312 2010 est
340 1950 446 2032 pridie
473 1950 547 2014 idus
570 1951 704 2034 Aprilis,
728 1962 762 2015 et
789 1951 823 2012 in
849 1950 1016 2013 dominica
1042 1961 1201 2031 sequente
1226 1948 1413 2032 assignatur

264 2051 400 2131 Pascha,
422 2054 547 2119 scilicet
573 2077 619 2118 xv
642 2055 796 2118 calendas
822 2054 913 2129 Maii,
936 2065 970 2117 et
996 2053 1042 2116 sic
1067 2073 1126 2134 per
1147 2052 1201 2114 viii
1228 2053 1300 2114 dies
1326 2052 1413 2115 ultra

262 2159 446 2221 veritatem.
491 2158 704 2242 Quapropter
717 2156 910 2222 solemnitas
925 2156 1090 2238 paschalis
1109 2177 1175 2238 qua
1192 2158 1335 2218 mundus
1349 2154 1413 2219 sal·

263 2272 359 2324 vatur
382 2282 448 2326 non
471 2261 690 2326 celebrabitur
711 2273 863 2346 ternpore
885 2282 954 2338 su0,
973 2261 1032 2324 sed
1051 2258 1218 2342 jejunatur
1241 2260 1303 2323 hoc
1325 2279 1413 2322 anno

265 2383 326 2445 per
340 2374 446 2427 totam
462 2366 682 2446 septimanam
702 2365 848 2428 Paschae
860 2383 979 2427 veram.
1018 2363 1106 2426 Nam
1120 2362 1281 2445 jejunium
1295 2372 1413 2425 exten·

264 2467 354 2529 ditur
369 2487 430 2550 per
442 2467 496 2529 viii
512 2468 587 2531 dies
599 2469 675 2552 plus
689 2489 790 2550 quam
810 2467 958 2531 deberet.
1004 2466 1050 2530 Et
1065 2477 1143 2530 tunc
1159 2466 1308 2548 sequitur
1322 2465 1413 2529 aliud

265 2571 505 2648 inconveniens,
520 2573 608 2654 quod
626 2592 685 2654 per
699 2584 778 2637 octo
791 2573 862 2636 dies
878 2572 1004 2636 tardius
1023 2569 1240 2654 incipiebatur
1252 2569 1413 2652 jejunium

266 2673 566 2759 Quadragesimae;
589 2698 668 2761 ergo
693 2676 869 2742 Christiani
896 2677 1116 2741 comedebant
1138 2696 1253 2739 carnes
1278 2675 1312 2737 in
1336 2696 1414 2738 vera

266 2778 531 2863 Quadragesima
551 2802 609 2864 per
626 2793 703 2846 octo
718 2783 798 2857 dies,
813 2782 904 2865 quod
925 2792 976 2845 est
993 2781 1182 2845 absurdum.
1227 2780 1273 2843 Et
1294 2780 1413 2843 iterum

264 2894 343 2948 tunc
356 2906 415 2951 nec
429 2886 631 2969 Rogationes
643 2908 702 2952 nec
714 2887 885 2960 Ascensi0,
898 2906 959 2949 nec
973 2885 1196 2961 Pentecostes,
1207 2885 1415 2949 celebrantur

264 2990 327 3054 hoc
349 3010 437 3054 anno
459 2992 527 3055 suis
549 2991 763 3075 temporibus.
811 2992 856 3055 Et
878 2992 963 3055 sicut
985 2990 1050 3054 hoc
1073 3010 1161 3053 anno
1188 2990 1268 3070 1267
1285 2989 1414 3066 accidit,

263 3095 310 3158 ita
325 3097 452 3159 accidet
467 3117 557 3160 anno
571 3097 731 3179 sequenti.
776 3096 865 3159 Nam
881 3096 1064 3160 secundum
1079 3114 1215 3157 aureum
1240 3113 1413 3157 numerum

264 3199 326 3262 erit
350 3198 476 3263 Pascha
499 3201 531 3262 iv
551 3201 624 3263 idus
639 3200 775 3283 Aprilis,
792 3200 915 3264 scilieet
938 3198 1022 3261 1268
1045 3218 1132 3261 anno
1151 3198 1298 3260 Domini.
1344 3196 1413 3261 Sed

264 3323 335 3366 esse
356 3304 457 3367 debet
477 3305 577 3368 tertio
597 3324 699 3367 nonas
718 3302 845 3386 Aprilis
866 3322 926 3385 per
942 3315 1020 3367 octo
1042 3303 1114 3365 dies
1133 3312 1220 3377 ante,
1237 3302 1313 3382 quia
1336 3300 1415 3364 luna

264 3406 372 3489 prima
398 3417 449 3470 est
479 3428 537 3489 per
564 3417 631 3470 tres
661 3408 732 3471 dies
762 3417 941 3489 antequam
972 3405 1159 3490 assignatur
1188 3425 1248 3487 per
1277 3425 1413 3468 aureum

264 3528 447 3573 numerum.
504 3512 549 3575 Et
584 3512 660 3575 ideo
694 3521 813 3594 quarto
851 3510 1007 3574 calendas
1041 3508 1176 3592 Aprilis,
1209 3508 1260 3573 vel
1294 3508 1413 3572 saltem

263 3614 369 3693 tertie,
385 3614 445 3680 erit
471 3614 599 3679 decima
629 3626 746 3697 quarta
774 3615 850 3678 luna
876 3635 963 3698 quae
987 3623 1037 3677 est
1063 3614 1221 3678 terminus
1249 3613 1394 3677 Paschae
1406 3635 1415 3689 ;

263 3728 467 3804 quapropter
488 3721 521 3783 in
545 3721 651 3803 prima
673 3719 842 3784 dominica
870 3735 1031 3802 sequente
1052 3719 1114 3782 erit
1136 3719 1207 3781 dies
1232 3719 1415 3783 secundum

263 3824 447 3889 veritatem.
502 3825 548 3890 Et
577 3826 661 3890 sicut
691 3822 754 3888 hoc
784 3845 871 3889 anno
902 3824 1032 3901 accidit,
1055 3823 1100 3886 ita
1130 3832 1164 3887 et
1196 3822 1328 3905 saepius
1358 3842 1417 3906 per

264 3929 522 3993 antecessionem
553 3928 753 4012 aequinoctii
783 3940 818 3993 et
847 3928 1055 4012 primationis
1081 3936 1193 4011 potest
1222 3928 1416 4011 contingere

264 4034 352 4114 quod
372 4033 498 4097 Pascha
521 4053 587 4097 non
609 4034 717 4097 solum
741 4054 801 4115 per
818 4044 896 4096 octo
918 4033 998 4107 dies,
1014 4033 1073 4095 sed
1097 4051 1156 4113 per
1178 4030 1416 4114 multoplures

264 4137 447 4201 celebretur
466 4148 645 4220 antequam
669 4139 801 4215 debeat,
818 4146 852 4200 et
874 4147 1004 4201 caetera
1025 4135 1119 4215 festa,
1133 4136 1219 4199 sicut
1241 4136 1333 4217 prius
1354 4156 1415 4198 ex·

264 4242 407 4323 positum
425 4253 475 4305 est
491 4241 533 4306 de
548 4241 767 4324 aequinoctio.
807 4240 894 4304 Nam
915 4260 975 4321 per
992 4239 1235 4323 longitudinem
1257 4240 1416 4321 temporis

146 4416 150 4424 ,
264 4346 390 4410 accidet
418 4346 538 4409 lunaris
566 4348 630 4409 diei
662 4344 817 4428 primatio
843 4345 979 4427 quando
1005 4345 1067 4409 erit
1091 4343 1196 4426 plena,
1223 4354 1257 4407 et
1280 4346 1416 4424 quando

265 4452 326 4513 erit
350 4449 382 4512 in
407 4470 604 4532 quacunque
626 4450 786 4513 distantia
807 4469 828 4512 a
850 4447 930 4527 sole,
952 4459 990 4513 ut
1012 4448 1103 4531 prius
1129 4447 1280 4511 habiturn
1303 4456 1355 4511 est
1382 4447 1415 4510 in

265 4554 427 4617 erroribus
450 4554 696 4635 primationum.
742 4553 788 4618 Et
811 4553 886 4617 ideo
914 4553 1097 4617 maximum
1121 4549 1352 4616 inconveniens
1379 4562 1414 4616 et

263 4657 468 4723 intolerabile
486 4657 539 4721 hic
555 4668 721 4740 sequetur.
