3575 5375
654 567 944 673 GEOGRAPHJZ.
1141 645 1145 651 »
1316 633 1375 695 3⁰7

219 777 310 842 venit
332 777 375 842 ad
400 776 618 861 Sagittarium
646 786 680 842 et
702 777 941 861 Capricornum
966 790 1102 863 propter
1127 781 1374 863 appropinqua·

221 881 346 946 tionem
359 881 431 964 ejus
442 882 484 945 ad
497 893 629 958 terram,
640 891 674 948 et
686 869 822 967 propt'er
834 883 1059 948 confusionem
1070 885 1374 967 aequidistantium,

220 997 254 1051 et
269 995 404 1069 propter
418 1007 531 1051 casum
547 987 715 1052 radiorum
730 989 774 1052 ad
788 986 930 1071 angulos
944 999 1051 1054 rectos
1064 1012 1072 1066 ;
1095 998 1130 1052 et
1150 988 1375 1054 inhabitabilis

220 1101 357 1175 propter
377 1091 488 1174 frigus,
503 1093 639 1173 quando
660 1101 710 1156 est
734 1091 766 1154 in
789 1091 941 1156 Geminis
962 1093 1049 1156 etin
1071 1091 1208 1169 Cancro,
1224 1093 1304 1176 quia
1324 1093 1374 1157 sol

221 1205 300 1259 tunc
330 1195 429 1260 nimis
454 1197 579 1260 recedit
604 1196 648 1260 ab
671 1197 729 1276 eis,
756 1206 790 1260 et
816 1196 939 1262 cadunt
963 1197 1047 1262 radii
1070 1197 1142 1279 ejus
1165 1199 1209 1264 ad
1235 1198 1376 1280 angulos

221 1299 394 1382 obliquos;
432 1308 545 1363 tamen
576 1310 711 1384 propter
743 1299 824 1364 alias
851 1301 1084 1384 dispositiones
1113 1301 1261 1367 locorum
1291 1303 1374 1367 acci·

222 1403 382 1478 dentales,
412 1412 484 1468 tum
516 1414 651 1486 propter
686 1405 899 1470 altitudinem
932 1407 1097 1471 montium
1130 1407 1374 1489 prohibentium

222 1509 363 1573 calorem
379 1508 466 1582 solis,
481 1518 554 1574 turn
570 1519 706 1592 propter
720 1509 802 1576 alias
817 1531 944 1586 causas,
961 1521 1099 1593 possunt
1114 1510 1226 1594 aliqua
1241 1510 1314 1576 loca
1330 1511 1375 1575 ibi

223 1633 294 1678 esse
317 1612 512 1676 habitabilia
534 1623 569 1678 et
591 1613 740 1680 maxime
763 1616 795 1678 in
818 1614 901 1678 locis
923 1616 1155 1690 subterraneis,
1170 1617 1305 1698 quando
1325 1615 1375 1680 sol

222 1727 272 1782 est
288 1717 375 1780 circa
390 1717 580 1800 oppositum
597 1717 716 1800 Augis.
761 1719 807 1784 Et
822 1719 901 1784 alibi
915 1729 1027 1802 potest
1044 1740 1117 1784 esse
1131 1719 1208 1784 talis
1222 1719 1376 1802 planities

223 1822 307 1886 inter
331 1841 389 1886 eos
411 1831 445 1888 et
468 1822 582 1897 solem,
605 1832 680 1886 eta
701 1823 874 1905 posteriori
890 1824 972 1888 talis
995 1825 1160 1888 montium
1182 1822 1319 1890 laevitas
1342 1833 1376 1888 et

223 1925 375 2008 figuratio
389 1927 433 1992 acl
450 1929 586 1992 modurn
596 1927 804 2012 speculorum
820 1947 1039 1992 concavorum
1051 1938 1085 1993 et
1100 1930 1376 2006 comburentium‚

222 2032 312 2113 quod
340 2030 412 2096 loca
436 2043 576 2114 possunt
598 2051 669 2096 esse
695 2031 890 2096 habitabilia
916 2034 1052 2115 quando
1073 2031 1123 2096 sol
1145 2043 1198 2097 est
1220 2033 1254 2096 in
1275 2032 1378 2117 Auge

223 2155 288 2197 non
305 2135 452 2198 obstanti
468 2135 599 2216 frigore,
616 2137 701 2202 sicut
716 2135 805 2220 prius
819 2137 946 2200 dictum
963 2146 1013 2200 est
1028 2137 1070 2200 de
1085 2136 1167 2202 locis
1182 2137 1267 2202 circa
1282 2134 1377 2220 polos

223 2237 373 2305 mundi1.
419 2238 519 2323 Quod
536 2242 562 2304 si
579 2260 743 2323 ponamus
761 2241 839 2306 solis
860 2241 1104 2306 concentricum
1118 2261 1196 2304 cum
1213 2241 1376 2322 epicyclo,

223 2344 308 2405 sicut
323 2342 482 2425 possibile
501 2355 561 2421 est,
577 2355 615 2410 ut
633 2345 714 2409 dicit
735 2344 946 2410 Ptolemaeus
967 2344 1001 2406 in
1017 2342 1217 2428 Almagesti,
1232 2354 1314 2408 tunc
1334 2346 1378 2408 de

223 2445 309 2510 iacili
337 2458 448 2529 potest
474 2448 593 2512 salvari
624 2447 788 2514 habitatio
818 2449 906 2514 illius
935 2448 1011 2527 loci,
1032 2447 1111 2530 quia
1137 2457 1215 2513 tunc
1240 2447 1290 2515 sol
1313 2468 1379 2511 non

225 2559 355 2616 tantum
385 2553 515 2618 accedit
544 2555 587 2618 ad
621 2563 743 2617 terram
773 2562 811 2617 ut
840 2554 978 2618 omnino
1008 2554 1182 2618 comburat
1212 2573 1287 2616 earn
1316 2553 1379 2618 sub

223 2655 352 2739 tropico
382 2655 537 2741 hyemali,
556 2677 617 2723 nec
646 2667 776 2724 tanturn
808 2658 931 2725 recedit
960 2657 1131 2723 abeant
1156 2677 1230 2722 eam
1256 2656 1376 2741 frigore

223 2761 390 2827 destituat.
438 2761 537 2846 Quod
561 2764 588 2827 si
611 2782 670 2827 nec
688 2761 874 2847 epicyclum
895 2783 956 2829 nec
976 2764 1192 2829 eccentricum
1214 2782 1377 2845 ponamus

224 2874 259 2928 ut
276 2867 443 2933 naturales
463 2870 649 2944 aestimant,
665 2878 744 2932 tunc
767 2867 893 2933 nullum
914 2869 1151 2932 inconveniens
1170 2868 1320 2951 sequitur
1334 2867 1378 2933 de

223 2968 439 3038 habitatione
485 2972 531 3037 Et
556 2974 632 3037 ideo
656 2992 890 3056 quamcunque
916 2973 1106 3054 opinionem
1133 2972 1166 3035 irr
1193 2972 1256 3037 hac
1282 2981 1378 3055 parte

149 3060 158 3077 '
224 3094 401 3158 sequamur
431 3085 543 3162 potest
573 3077 697 3143 Plinius
726 3076 854 3143 salvari.
901 3078 947 3141 Et
969 3097 1105 3141 necesse
1129 3087 1190 3154 est,
1211 3078 1291 3158 quia
1316 3097 1376 3139 ex-

223 3179 386 3262 perientia
401 3192 492 3245 certa
514 3183 627 3247 docuit
648 3201 724 3245 eum
743 3181 862 3245 saltem
885 3201 946 3263 per
965 3200 1024 3244 eos
1044 3181 1103 3262 qui
1121 3182 1164 3245 de
1179 3179 1378 3262 Taprobane

224 3282 332 3348 insula
355 3294 516 3351 venerunt
540 3286 573 3349 in
602 3285 790 3349 Romanam
818 3284 998 3360 civitatem,
1023 3292 1058 3346 et
1088 3302 1227 3364 perena
1251 3283 1307 3364 qui
1334 3284 1377 3345 ad

224 3385 365 3451 insulam
395 3388 546 3470 perducti
575 3396 663 3453 sunt.
709 3385 778 3451 Sed
807 3386 958 3468 quamvis
982 3386 1075 3449 locus
1101 3385 1188 3449 ultra
1213 3386 1377 3468 tropicum

226 3489 417 3574 Capricorni
436 3494 480 3555 sit
500 3493 647 3574 optimae
670 3490 894 3565 habitationis,
909 3488 989 3570 quia
1009 3501 1061 3554 est
1079 3490 1228 3571 superior
1249 3509 1325 3573 pars
1345 3490 1378 3551 in

226 3596 352 3660 mundo
366 3604 400 3661 et
416 3594 558 3661 nobilior
573 3616 631 3678 per
647 3592 889 3661 Aristotelem²
905 3602 940 3656 et
956 3594 1141 3659 Averroem
1157 3595 1266 3677 primo
1282 3592 1375 3659 Coeli

225 3710 259 3765 et
270 3700 398 3775 Mundi,
409 3712 523 3767 tamen
540 3722 606 3767 non
618 3701 802 3766 invenimus
815 3701 905 3782 apud
917 3699 1063 3782 aliquem
1074 3709 1243 3764 auctorem
1257 3711 1378 3765 terram

224 3804 314 3871 illam
330 3807 482 3877 describi,
498 3826 559 3871 nec
579 3805 732 3870 homines
752 3804 885 3869 illorum
904 3803 1052 3868 locorum
1068 3805 1191 3882 vocari,
1205 3825 1266 3869 uec
1286 3805 1377 3887 quod

224 3911 266 3973 ad
285 3930 345 3973 nos
358 3921 528 3987 venerunt,
544 3930 604 3975 nec
619 3909 724 3974 nostri
739 3911 782 3973 ad
798 3928 864 3973 eos.
910 3909 957 3972 Et
973 3909 1049 3972 ideo
1063 3909 1177 3990 opinio
1191 3910 1378 3991 aliquorum

226 4015 383 4096 estquod
409 4015 453 4078 ibi
477 4014 519 4079 sit
542 4013 722 4097 paradisus,
733 4033 809 4077 cunr
833 4012 876 4076 sit
899 4012 991 4077 locus
1015 4012 1239 4081 nobilissimus
1256 4014 1290 4076 in
1313 4013 1378 4077 hoc

226 4119 352 4183 mundo
366 4118 547 4182 secundum
568 4116 785 4181 Aristotelem
805 4125 841 4179 et
856 4114 1039 4181 Averroern
1062 4117 1210 4181 secundo
1233 4116 1326 4180 Coeli
1344 4128 1378 4181 et

228 4221 357 4286 Mundi.
404 4220 473 4287 Sed
488 4240 555 4285 non
574 4218 682 4284 solum
701 4218 902 4303 philosophi,
918 4220 977 4284 sed
993 4220 1108 4296 sancti,
1125 4230 1162 4283 ut
1179 4219 1378 4283 Ambrosius

257 4405 267 4435 1

258 4488 269 4517 ¹
284 4408 336 4536 {⁰5
343 4422 434 4549 clinici,⁴
433 4502 461 4536 rr
473 4502 497 4547 a,
511 4490 523 4545 ἱ
536 4487 553 4535 8
569 4485 619 4535 τᾶν
636 4484 662 4535 bi
679 4484 763 4535 rim
778 4484 792 4535 ὂ
808 4483 854 4545 μὶν
871 4483 931 4547 ὑπὲρ
947 4484 1008 4547 ἡμᾶς
1021 4483 1165 4547 φαινόμενος
1180 4481 1211 4531 ri
1227 4482 1293 4531 urim
1308 4481 1379 4545 μέρος

226 4566 302 4622 iuria.
314 4566 327 4613 l
338 4564 427 4626 δ’ἡμῖν
441 4562 532 4627 ἄδηλος
547 4564 577 4613 τὸ
590 4562 647 4615 lau.
681 4564 734 4615 We
750 4580 796 4615 see
813 4566 877 4613 here
894 4566 941 4615 tbe
957 4562 1042 4626 origin
1059 4563 1089 4613 oi
1101 4565 1147 4613 tbe
1163 4564 1272 4613 viewas
1288 4570 1317 4613 to
1333 4564 1379 4613 the

227 4646 340 4709 position
352 4643 382 4694 oi
390 4645 435 4693 the
447 4643 587 4693 terrestria!
600 4643 723 4695 Paradise
734 4644 867 4693 described
879 4643 906 4691 in
918 4642 963 4693 tbe
974 4642 1118 4707 Purgatory
1129 4642 1159 4691 oi
1167 4641 1261 4692 Dante.

768 4736 830 4788 Μ
