3575 5375
389 659 449 720 140
602 643 758 703 OPERIS
782 644 972 715 MAJORIS
996 644 1112 704 PARS
1137 644 1323 717 QUARTA.

387 814 520 869 currunt
535 806 621 870 sicut
637 807 714 870 luna
724 807 867 871 variatur
880 809 913 870 in
927 808 1076 889 partibus
1087 808 1181 872 coeli.
1226 807 1294 872 Sed
1310 819 1422 872 motus
1436 825 1544 889 aquae

387 931 407 972 a
423 919 516 973 motu
532 911 615 974 coeli
630 923 681 975 est
697 911 859 990 confusus,
875 923 908 976 et
926 913 1140 990 inordinatus,
1155 923 1190 976 et
1206 912 1392 995 irregularis
1407 922 1547 995 propter

387 1014 461 1090 hoc,
482 1015 573 1097 quod
589 1017 694 1081 virtus
714 1017 796 1080 coeli
819 1017 918 1099 primi
940 1018 1037 1080 nimis
1058 1018 1231 1100 elongatur
1248 1019 1292 1080 ab
1313 1017 1385 1099 ejus
1407 1016 1545 1098 origine,

388 1121 523 1201 quando
550 1129 601 1185 est
624 1121 658 1183 in
681 1142 777 1203 aqua,
801 1133 833 1185 et
857 1123 934 1184 ideo
956 1122 1124 1204 praevalet
1147 1122 1250 1185 virtus
1272 1142 1380 1205 aquae
1401 1121 1547 1204 propria,

388 1223 513 1288 scilicet
529 1245 589 1288 sua
604 1226 758 1308 gravitas,
774 1226 851 1307 quia
867 1226 984 1290 nititur
998 1226 1167 1309 quiescere
1182 1228 1214 1290 in
1234 1226 1309 1290 loco
1325 1247 1395 1302 suo,
1411 1234 1548 1308 propter

389 1329 479 1409 quod
505 1348 571 1392 non
595 1341 705 1412 potest
730 1330 784 1395 hic
810 1341 921 1395 motus
946 1352 1020 1395 esse
1043 1331 1091 1395 ita
1115 1331 1275 1415 regularis
1304 1341 1339 1394 et
1368 1330 1546 1394 distinctus

390 1433 597 1515 temporibus
616 1435 713 1498 certis
738 1455 839 1517 penes
862 1455 1014 1500 accessus
1036 1444 1070 1498 et
1093 1434 1240 1499 refluxus
1262 1445 1299 1499 ut
1316 1455 1378 1498 nos
1392 1435 1546 1498 videmus

390 1536 424 1598 in
445 1537 537 1600 mari.
584 1538 629 1602 Et
653 1541 728 1603 ideo
744 1539 951 1604 Albumazar
973 1541 1006 1602 in
1034 1539 1153 1621 majori
1177 1538 1417 1604 introductorio
1439 1549 1547 1602 astro·

391 1641 523 1705 nomiae
549 1644 749 1708 determinat
773 1665 888 1708 omnes
910 1644 1113 1708 differentias
1140 1643 1252 1706 fluxus
1275 1655 1308 1708 et
1332 1642 1489 1715 refluxus,
1512 1650 1546 1704 et

391 1756 503 1809 narrat
519 1751 608 1828 quod
626 1749 780 1813 accidunt
795 1749 888 1813 omni
905 1749 961 1812 die
981 1760 1015 1812 et
1035 1756 1133 1812 nocte
1152 1747 1335 1811 secundum
1356 1747 1446 1830 quod
1468 1747 1548 1810 luna

222 1865 304 1915 Flood
316 1863 370 1914 tide
390 1858 441 1910 est
458 1849 490 1910 in
506 1851 643 1915 diversis
658 1853 807 1934 partibus
823 1853 873 1915 sui
893 1851 1005 1916 circuli
1026 1863 1061 1916 et
1083 1861 1234 1935 respectu
1255 1851 1345 1916 solis.
1391 1848 1459 1914 Sed
1480 1867 1549 1913 non

221 1932 377 2064 {qepmoon
391 1951 473 2016 dicit
489 1954 587 2018 nobis
602 1975 745 2030 causam,
763 1956 825 2020 nisi
846 1957 938 2039 quod
960 1955 1038 2019 luna
1057 1965 1108 2019 est
1128 1975 1238 2034 causa,
1253 1965 1289 2019 et
1303 1956 1393 2038 quod
1413 1953 1549 2036 quando

222 2063 360 2140 proreping
390 2056 468 2121 luna
483 2069 534 2122 est
553 2059 586 2122 in
604 2080 670 2125 uno
688 2060 763 2125 loco
785 2071 863 2124 tunc
885 2071 936 2124 est
957 2059 1078 2135 fluxus,
1094 2060 1230 2142 quando
1253 2061 1287 2122 in
1308 2059 1376 2122 alio
1397 2067 1478 2121 tunc
1496 2066 1550 2122 est

391 2161 547 2226 refluxus.
604 2164 744 2247 Propter
772 2167 862 2248 quod
894 2165 1171 2230 considerandum
1202 2172 1263 2242 est,
1290 2164 1382 2246 quod
1412 2161 1551 2245 quando

391 2266 468 2330 luna
490 2269 640 2333 ascendit
664 2289 761 2351 super
784 2290 874 2333 mare
896 2269 1036 2351 alicujus
1056 2269 1208 2352 regionis,
1223 2268 1296 2350 ejus
1319 2269 1401 2332 radii
1424 2267 1551 2329 cadunt
1587 2278 1593 2284 ’

390 2374 433 2436 ad
457 2371 596 2455 angulos
618 2373 781 2455 obliquos,
800 2384 837 2437 ut
859 2374 999 2457 quilibet
1022 2373 1190 2456 quinovit
1212 2392 1326 2436 casum
1349 2370 1551 2456 angulorum

391 2485 503 2559 potest
528 2476 592 2539 hoc
618 2478 710 2541 scire.
758 2478 804 2541 Et
826 2479 906 2561 quia
928 2481 1052 2542 cadunt
1074 2479 1117 2542 ad
1140 2476 1281 2559 angulos
1303 2476 1396 2552 tales,
1414 2485 1553 2557 oportet

377 2580 481 2664 ,quod
507 2580 576 2644 sint
601 2582 721 2645 debilis
746 2582 886 2660 virtutis,
914 2592 951 2645 ut
978 2583 1068 2665 prius
1094 2592 1264 2646 ostensum
1292 2589 1354 2645 est.
1399 2579 1446 2643 Et
1473 2579 1553 2641 ideo

222 2129 350 2180 mendum.

392 2682 502 2745 solum
534 2696 674 2768 possunt
703 2685 832 2749 elevare
854 2706 994 2769 vapores
1019 2706 1039 2750 a
1064 2683 1167 2749 fundo
1192 2684 1302 2762 maris,
1326 2694 1362 2748 et
1384 2681 1554 2766 ampullas

392 2797 569 2863 tumentes,
582 2798 614 2852 et
631 2789 873 2873 ingurgitantes
884 2810 988 2873 aquas
1001 2790 1110 2866 maris,
1120 2800 1158 2854 ut
1168 2788 1382 2871 expellantur
1394 2808 1414 2850 a
1428 2785 1554 2852 canali·

393 2891 456 2954 bus
473 2892 551 2969 suis,
566 2912 650 2974 quos
665 2914 806 2977 vapores
821 2914 887 2957 non
910 2905 1049 2976 possunt
1069 2894 1153 2957 radii
1175 2894 1218 2958 ad
1239 2912 1350 2956 aerem
1374 2891 1555 2956 extrahere

394 3014 453 3058 nec
474 3015 669 3059 consumere
691 3007 826 3078 propter
846 2998 1054 3062 debilitatem
1074 3018 1188 3073 suam3
1211 3008 1245 3060 et
1266 2997 1342 3059 ideo
1363 3004 1500 3080 oportet
1516 3003 1555 3057 ut

394 3120 481 3181 aqua
507 3098 588 3164 fluat
613 3121 633 3164 a
656 3100 790 3165 sedibus
817 3102 893 3179 suis,
916 3102 1023 3166 donec
1047 3102 1144 3165 durat
1174 3100 1368 3183 hujusmodi
1399 3097 1555 3163 ebullitio

393 3223 563 3286 vaporum.
619 3202 687 3269 Sed
714 3224 789 3268 cum
818 3205 894 3269 luna
917 3206 1046 3269 accedit
1068 3206 1111 3270 ad
1137 3205 1284 3268 medium
1308 3204 1404 3281 coeli,
1427 3203 1556 3266 cadunt

393 3309 500 3391 magis
523 3318 556 3373 et
580 3310 687 3393 magis
715 3310 796 3373 radii
822 3310 893 3391 ejus
915 3310 958 3373 ad
981 3310 1122 3392 angulos
1144 3319 1260 3384 rectos,
1278 3319 1313 3372 et
1332 3306 1558 3371 fortificantur

394 3432 493 3493 super
519 3434 637 3495 corpus
663 3415 772 3489 maris,
790 3432 830 3477 ac
854 3413 1037 3478 extrahunt
1054 3432 1192 3495 vapores
1218 3414 1262 3475 ad
1282 3432 1394 3491 aerem
1416 3420 1451 3475 et
1474 3431 1556 3475 con·

395 3528 540 3595 sumunt,
552 3519 641 3581 unde
653 3518 846 3581 debilitatur
861 3515 972 3580 fluxus
984 3517 1155 3598 paulatim,
1167 3517 1351 3579 secundum
1366 3516 1458 3597 quod
1476 3514 1559 3578 luna

396 3620 639 3702 appropinquat
655 3622 763 3684 lineae
779 3620 927 3684 meridiei
940 3645 947 3697 ;
968 3629 1002 3683 et
1013 3622 1147 3702 quando
1159 3620 1250 3683 venit
1265 3622 1308 3683 ad
1321 3620 1414 3683 illam
1430 3619 1558 3683 lineam

397 3734 476 3785 sunt
497 3743 638 3805 vapores
659 3724 812 3805 castigati
836 3736 870 3787 et
888 3725 1087 3807 consumpti,
1106 3725 1153 3788 ita
1176 3735 1214 3787 ut
1236 3724 1351 3787 statim
1372 3724 1455 3787 dum
1477 3726 1560 3787 luna

398 3825 570 3889 descendit
592 3827 635 3889 ad
654 3826 753 3888 aliam
770 3838 922 3909 quartam
941 3827 1023 3893 coeli
1046 3828 1183 3910 incipiat
1206 3827 1364 3903 refluxus,
1383 3828 1464 3911 quia
1486 3847 1560 3893 ces·

400 3938 496 3992 sante
511 3949 609 3993 causa
627 3940 732 3993 cessat
753 3930 899 3995 effectus.
946 3931 991 3995 Et
1012 3951 1101 4014 pono
1121 3933 1316 4014 exemplum
1337 3933 1497 3997 sensibile
1513 3934 1560 3997 ad

400 4032 499 4095 istud.
546 4032 633 4093 Nam
649 4032 682 4095 in
699 4032 871 4116 pulmento
887 4034 997 4116 posito
1007 4055 1104 4117 super
1115 4036 1238 4117 ignem,
1248 4036 1332 4119 ignis
1344 4036 1377 4098 in
1391 4036 1561 4120 principio

400 4134 535 4197 resolvit
557 4154 705 4215 vapores,
728 4144 761 4199 et
787 4135 865 4201 lacit
892 4158 950 4200 eos
976 4138 1069 4202 exire
1092 4140 1255 4203 orificium
1278 4141 1386 4202 vasis:
1419 4141 1561 4223 quando

400 4258 479 4300 vero
494 4237 688 4301 fortificatus
703 4249 754 4303 est
769 4250 803 4302 et
818 4242 1030 4305 continuatur
1049 4244 1216 4305 consumit
1230 4264 1382 4325 vapores,
1397 4253 1432 4306 et
1449 4243 1563 4325 liquor

401 4341 524 4404 residet
540 4340 573 4404 in
589 4340 691 4404 lundo
706 4342 804 4403 vasis.
839 4342 928 4406 Nam
942 4345 1168 4409 universaliter
1179 4346 1271 4411 calor
1285 4346 1406 4412 debilis
1422 4348 1563 4412 resolvit

400 4465 539 4527 vapores
565 4454 599 4507 et
629 4464 694 4507 non
724 4446 896 4523 consumit,
922 4448 1012 4513 calor
1034 4450 1123 4512 enlm
1149 4451 1230 4515 solis
1257 4450 1353 4515 fortis
1379 4452 1565 4525 consumit,

402 4550 491 4611 unde
506 4549 537 4610 in
555 4558 661 4626 nocte,
677 4558 710 4609 et
725 4547 759 4610 in
779 4569 885 4627 mane,
902 4562 935 4615 et
955 4552 988 4613 in
1004 4572 1141 4635 vespere
1161 4554 1199 4617 fit
1217 4555 1379 4619 resolutio
1393 4575 1564 4639 vaporum

403 4650 509 4732 major
528 4670 628 4733 quam
653 4650 686 4713 in
708 4652 854 4731 meridie,
872 4663 907 4716 et
929 4664 1008 4718 tunc
1034 4667 1282 4722 consumuntur.
1328 4659 1377 4723 Et
1403 4659 1567 4725 similiter
