<?xml version="1.0" encoding="UTF-8"?>
<!DOCTYPE html PUBLIC "-//W3C//DTD XHTML 1.0 Transitional//EN"
    "http://www.w3.org/TR/xhtml1/DTD/xhtml1-transitional.dtd">
<html xmlns="http://www.w3.org/1999/xhtml" xml:lang="en" lang="en">
 <head>
  <title>
</title>
<meta http-equiv="Content-Type" content="text/html;charset=utf-8" />
  <meta name='ocr-system' content='tesseract 3.04.00' />
  <meta name='ocr-capabilities' content='ocr_page ocr_carea ocr_par ocr_line ocrx_word'/>
</head>
<body>
  <div class='ocr_page' id='page_1' title='image "./opusmajusrogerb01bridgoog/opusmajusrogerb01bridgoog_0530.png"; bbox 0 0 3575 5375; ppageno 0'>
   <div class='ocr_carea' id='block_1_1' title="bbox 708 635 1423 712">
    <p class='ocr_par' dir='ltr' id='par_1_1' title="bbox 708 635 1423 712">
     <span class='ocr_line' id='line_1_1' title="bbox 708 635 1423 712; baseline -0.007 -15"><span class='ocrx_word' id='word_1_1' title='bbox 708 635 998 698; x_wconf 79' lang='lat' dir='ltr'>GEOGRAPHIA.</span> <span class='ocrx_word' id='word_1_2' title='bbox 1365 651 1423 712; x_wconf 81' lang='lat'>331</span> 
     </span>
    </p>
   </div>
   <div class='ocr_carea' id='block_1_2' title="bbox 265 795 1553 4743">
    <p class='ocr_par' dir='ltr' id='par_1_2' title="bbox 270 795 1426 3157">
     <span class='ocr_line' id='line_1_2' title="bbox 277 795 1425 880; baseline -0.001 -18"><span class='ocrx_word' id='word_1_3' title='bbox 277 798 442 864; x_wconf 90' lang='lat' dir='ltr'>Isidorum</span> <span class='ocrx_word' id='word_1_4' title='bbox 465 801 548 865; x_wconf 94' lang='lat' dir='ltr'>libro</span> <span class='ocrx_word' id='word_1_5' title='bbox 567 799 633 864; x_wconf 91' lang='lat' dir='ltr'>xiv.</span> <span class='ocrx_word' id='word_1_6' title='bbox 678 801 758 866; x_wconf 90' lang='lat' dir='ltr'>Alia</span> <span class='ocrx_word' id='word_1_7' title='bbox 778 813 829 866; x_wconf 92' lang='lat' dir='ltr'>est</span> <span class='ocrx_word' id='word_1_8' title='bbox 852 801 1002 880; x_wconf 85' lang='lat' dir='ltr'>Madian,</span> <span class='ocrx_word' id='word_1_9' title='bbox 1018 800 1188 864; x_wconf 89' lang='lat' dir='ltr'>nominata</span> <span class='ocrx_word' id='word_1_10' title='bbox 1207 797 1251 861; x_wconf 93' lang='lat' dir='ltr'>ab</span> <span class='ocrx_word' id='word_1_11' title='bbox 1271 818 1339 862; x_wconf 92' lang='lat' dir='ltr'>uno</span> <span class='ocrx_word' id='word_1_12' title='bbox 1357 795 1425 861; x_wconf 89' lang='lat' dir='ltr'>filio</span> 
     </span>
     <span class='ocr_line' id='line_1_3' title="bbox 276 901 1425 987; baseline -0.003 -21"><span class='ocrx_word' id='word_1_13' title='bbox 276 903 434 968; x_wconf 88' lang='lat' dir='ltr'>Abrahae</span> <span class='ocrx_word' id='word_1_14' title='bbox 460 926 504 969; x_wconf 89' lang='lat' dir='ltr'>ex</span> <span class='ocrx_word' id='word_1_15' title='bbox 529 905 690 969; x_wconf 88' lang='lat' dir='ltr'>Kcthura.</span> <span class='ocrx_word' id='word_1_16' title='bbox 745 905 859 969; x_wconf 92' lang='lat' dir='ltr'>Tertia</span> <span class='ocrx_word' id='word_1_17' title='bbox 879 914 931 968; x_wconf 90' lang='lat' dir='ltr'>est</span> <span class='ocrx_word' id='word_1_18' title='bbox 954 904 1063 987; x_wconf 90' lang='lat' dir='ltr'>Epha,</span> <span class='ocrx_word' id='word_1_19' title='bbox 1079 903 1170 986; x_wconf 87' lang='lat' dir='ltr'>regio</span> <span class='ocrx_word' id='word_1_20' title='bbox 1189 902 1361 966; x_wconf 91' lang='lat' dir='ltr'>nominata</span> <span class='ocrx_word' id='word_1_21' title='bbox 1382 901 1425 964; x_wconf 94' lang='lat' dir='ltr'>ab</span> 
     </span>
     <span class='ocr_line' id='line_1_4' title="bbox 275 1006 1425 1093; baseline 0 -24"><span class='ocrx_word' id='word_1_22' title='bbox 275 1029 340 1070; x_wconf 91' lang='lat' dir='ltr'>uno</span> <span class='ocrx_word' id='word_1_23' title='bbox 357 1008 425 1073; x_wconf 89' lang='lat' dir='ltr'>filio</span> <span class='ocrx_word' id='word_1_24' title='bbox 441 1009 588 1089; x_wconf 84' lang='lat' dir='ltr'>Madian,</span> <span class='ocrx_word' id='word_1_25' title='bbox 603 1017 641 1073; x_wconf 92' lang='lat' dir='ltr'>ut</span> <span class='ocrx_word' id='word_1_26' title='bbox 657 1018 750 1093; x_wconf 89' lang='lat' dir='ltr'>patet</span> <span class='ocrx_word' id='word_1_27' title='bbox 765 1031 808 1073; x_wconf 92' lang='lat' dir='ltr'>ex</span> <span class='ocrx_word' id='word_1_28' title='bbox 823 1030 897 1072; x_wconf 86' lang='lat' dir='ltr'>xxv</span> <span class='ocrx_word' id='word_1_29' title='bbox 909 1008 1055 1073; x_wconf 85' lang='lat' dir='ltr'>Genesis.</span> <span class='ocrx_word' id='word_1_30' title='bbox 1095 1007 1141 1071; x_wconf 85' lang='lat' dir='ltr'>Et</span> <span class='ocrx_word' id='word_1_31' title='bbox 1155 1007 1245 1089; x_wconf 91' lang='lat' dir='ltr'>quod</span> <span class='ocrx_word' id='word_1_32' title='bbox 1261 1006 1324 1069; x_wconf 93' lang='lat' dir='ltr'>hae</span> <span class='ocrx_word' id='word_1_33' title='bbox 1338 1006 1425 1069; x_wconf 86' lang='lat' dir='ltr'>duae</span> 
     </span>
     <span class='ocr_line' id='line_1_5' title="bbox 274 1112 1426 1197; baseline -0.001 -23"><span class='ocrx_word' id='word_1_34' title='bbox 274 1112 424 1194; x_wconf 86' lang='lat' dir='ltr'><strong>regiones</strong></span> <span class='ocrx_word' id='word_1_35' title='bbox 443 1115 509 1177; x_wconf 87' lang='lat' dir='ltr'>sint</span> <span class='ocrx_word' id='word_1_36' title='bbox 529 1113 572 1176; x_wconf 86' lang='lat' dir='ltr'>de</span> <span class='ocrx_word' id='word_1_37' title='bbox 592 1133 694 1197; x_wconf 91' lang='lat' dir='ltr'>regno</span> <span class='ocrx_word' id='word_1_38' title='bbox 710 1113 800 1178; x_wconf 92' lang='lat' dir='ltr'>Saba</span> <span class='ocrx_word' id='word_1_39' title='bbox 814 1113 886 1177; x_wconf 91' lang='lat' dir='ltr'>vult</span> <span class='ocrx_word' id='word_1_40' title='bbox 903 1113 1131 1194; x_wconf 86' lang='lat' dir='ltr'>Hieronymus</span> <span class='ocrx_word' id='word_1_41' title='bbox 1149 1131 1307 1194; x_wconf 88' lang='lat' dir='ltr'>expresse</span> <span class='ocrx_word' id='word_1_42' title='bbox 1324 1130 1426 1192; x_wconf 91' lang='lat' dir='ltr'>super</span> 
     </span>
     <span class='ocr_line' id='line_1_6' title="bbox 273 1215 1425 1300; baseline 0 -22"><span class='ocrx_word' id='word_1_43' title='bbox 273 1218 341 1279; x_wconf 92' lang='lat' dir='ltr'>xvii</span> <span class='ocrx_word' id='word_1_44' title='bbox 361 1217 474 1292; x_wconf 84' lang='lat' dir='ltr'>Isaiae,</span> <span class='ocrx_word' id='word_1_45' title='bbox 486 1217 605 1295; x_wconf 90' lang='lat' dir='ltr'>dicens,</span> <span class='ocrx_word' id='word_1_46' title='bbox 619 1218 756 1282; x_wconf 88' lang='lat' dir='ltr'>Madian</span> <span class='ocrx_word' id='word_1_47' title='bbox 769 1228 801 1282; x_wconf 91' lang='lat' dir='ltr'>et</span> <span class='ocrx_word' id='word_1_48' title='bbox 817 1217 916 1300; x_wconf 90' lang='lat' dir='ltr'>Epha</span> <span class='ocrx_word' id='word_1_49' title='bbox 930 1228 1008 1280; x_wconf 92' lang='lat' dir='ltr'>sunt</span> <span class='ocrx_word' id='word_1_50' title='bbox 1020 1218 1167 1300; x_wconf 85' lang='lat' dir='ltr'>regiones</span> <span class='ocrx_word' id='word_1_51' title='bbox 1181 1215 1306 1280; x_wconf 84' lang='lat' dir='ltr'>fertiles</span> <span class='ocrx_word' id='word_1_52' title='bbox 1317 1235 1425 1278; x_wconf 87' lang='lat' dir='ltr'>carne-</span> 
     </span>
     <span class='ocr_line' id='line_1_7' title="bbox 273 1318 1425 1404; baseline -0.001 -22"><span class='ocrx_word' id='word_1_53' title='bbox 273 1319 389 1398; x_wconf 91' lang='lat' dir='ltr'>lorum,</span> <span class='ocrx_word' id='word_1_54' title='bbox 410 1323 584 1404; x_wconf 90' lang='lat' dir='ltr'>omnisque</span> <span class='ocrx_word' id='word_1_55' title='bbox 601 1323 768 1404; x_wconf 90' lang='lat' dir='ltr'>provincia</span> <span class='ocrx_word' id='word_1_56' title='bbox 788 1321 978 1404; x_wconf 88' lang='lat' dir='ltr'>appellatur</span> <span class='ocrx_word' id='word_1_57' title='bbox 991 1320 1102 1396; x_wconf 83' lang='lat' dir='ltr'>Saba3</span> <span class='ocrx_word' id='word_1_58' title='bbox 1125 1321 1214 1384; x_wconf 89' lang='lat' dir='ltr'>unde</span> <span class='ocrx_word' id='word_1_59' title='bbox 1234 1318 1296 1383; x_wconf 89' lang='lat' dir='ltr'>suit</span> <span class='ocrx_word' id='word_1_60' title='bbox 1312 1319 1425 1402; x_wconf 91' lang='lat' dir='ltr'>regina</span> 
     </span>
     <span class='ocr_line' id='line_1_8' title="bbox 275 1423 1424 1509; baseline 0 -21"><span class='ocrx_word' id='word_1_61' title='bbox 275 1423 384 1489; x_wconf 87' lang='lat' dir='ltr'>Sabae</span> <span class='ocrx_word' id='word_1_62' title='bbox 399 1428 485 1489; x_wconf 92' lang='lat' dir='ltr'>sicut</span> <span class='ocrx_word' id='word_1_63' title='bbox 500 1428 589 1492; x_wconf 92' lang='lat' dir='ltr'>dicit.</span> <span class='ocrx_word' id='word_1_64' title='bbox 636 1427 682 1490; x_wconf 90' lang='lat' dir='ltr'>Et</span> <span class='ocrx_word' id='word_1_65' title='bbox 696 1427 786 1509; x_wconf 94' lang='lat' dir='ltr'>quod</span> <span class='ocrx_word' id='word_1_66' title='bbox 802 1427 930 1490; x_wconf 90' lang='lat' dir='ltr'>Arabia</span> <span class='ocrx_word' id='word_1_67' title='bbox 948 1427 1143 1490; x_wconf 88' lang='lat' dir='ltr'>Eudaemon</span> <span class='ocrx_word' id='word_1_68' title='bbox 1163 1426 1207 1490; x_wconf 91' lang='lat' dir='ltr'>sit</span> <span class='ocrx_word' id='word_1_69' title='bbox 1222 1445 1298 1508; x_wconf 91' lang='lat' dir='ltr'>pars</span> <span class='ocrx_word' id='word_1_70' title='bbox 1314 1423 1424 1489; x_wconf 91' lang='lat' dir='ltr'>Sabae</span> 
     </span>
     <span class='ocr_line' id='line_1_9' title="bbox 274 1529 1425 1614; baseline 0 -21"><span class='ocrx_word' id='word_1_71' title='bbox 274 1539 374 1610; x_wconf 85' lang='lat' dir='ltr'>patet,</span> <span class='ocrx_word' id='word_1_72' title='bbox 397 1532 475 1612; x_wconf 90' lang='lat' dir='ltr'>quia</span> <span class='ocrx_word' id='word_1_73' title='bbox 498 1530 553 1594; x_wconf 92' lang='lat' dir='ltr'>illa</span> <span class='ocrx_word' id='word_1_74' title='bbox 573 1531 690 1614; x_wconf 92' lang='lat' dir='ltr'>juncta</span> <span class='ocrx_word' id='word_1_75' title='bbox 716 1541 766 1596; x_wconf 90' lang='lat' dir='ltr'>est</span> <span class='ocrx_word' id='word_1_76' title='bbox 793 1529 972 1594; x_wconf 90' lang='lat' dir='ltr'>Chaldaeis</span> <span class='ocrx_word' id='word_1_77' title='bbox 1002 1530 1205 1605; x_wconf 87' lang='lat' dir='ltr'>immediate,</span> <span class='ocrx_word' id='word_1_78' title='bbox 1231 1531 1317 1594; x_wconf 92' lang='lat' dir='ltr'>sicut</span> <span class='ocrx_word' id='word_1_79' title='bbox 1343 1529 1425 1593; x_wconf 91' lang='lat' dir='ltr'>dicit</span> 
     </span>
     <span class='ocr_line' id='line_1_10' title="bbox 274 1632 1425 1700; baseline 0 -4"><span class='ocrx_word' id='word_1_80' title='bbox 274 1632 423 1699; x_wconf 85' lang='lat' dir='ltr'>Orosius.</span> <span class='ocrx_word' id='word_1_81' title='bbox 467 1636 513 1698; x_wconf 91' lang='lat' dir='ltr'>Et</span> <span class='ocrx_word' id='word_1_82' title='bbox 533 1634 692 1699; x_wconf 86' lang='lat' dir='ltr'>Chaldaei</span> <span class='ocrx_word' id='word_1_83' title='bbox 709 1646 742 1698; x_wconf 91' lang='lat' dir='ltr'>et</span> <span class='ocrx_word' id='word_1_84' title='bbox 759 1634 880 1699; x_wconf 88' lang='lat' dir='ltr'>Sabaei</span> <span class='ocrx_word' id='word_1_85' title='bbox 896 1635 1116 1700; x_wconf 90' lang='lat' dir='ltr'>eorumvicini</span> <span class='ocrx_word' id='word_1_86' title='bbox 1127 1633 1225 1698; x_wconf 88' lang='lat' dir='ltr'>simul</span> <span class='ocrx_word' id='word_1_87' title='bbox 1237 1636 1425 1698; x_wconf 84' lang='lat' dir='ltr'>invaserunt</span> 
     </span>
     <span class='ocr_line' id='line_1_11' title="bbox 273 1737 1424 1822; baseline 0.003 -22"><span class='ocrx_word' id='word_1_88' title='bbox 273 1749 421 1803; x_wconf 89' lang='lat' dir='ltr'>armenta</span> <span class='ocrx_word' id='word_1_89' title='bbox 432 1739 497 1821; x_wconf 90' lang='lat' dir='ltr'>Job</span> <span class='ocrx_word' id='word_1_90' title='bbox 509 1740 716 1818; x_wconf 86' lang='lat' dir='ltr'>sanctissimi,</span> <span class='ocrx_word' id='word_1_91' title='bbox 727 1749 765 1803; x_wconf 91' lang='lat' dir='ltr'>ut</span> <span class='ocrx_word' id='word_1_92' title='bbox 774 1749 868 1822; x_wconf 90' lang='lat' dir='ltr'>patet</span> <span class='ocrx_word' id='word_1_93' title='bbox 879 1760 923 1802; x_wconf 90' lang='lat' dir='ltr'>ex</span> <span class='ocrx_word' id='word_1_94' title='bbox 938 1739 1084 1822; x_wconf 91' lang='lat' dir='ltr'>capitulo</span> <span class='ocrx_word' id='word_1_95' title='bbox 1095 1739 1203 1822; x_wconf 89' lang='lat' dir='ltr'>primo</span> <span class='ocrx_word' id='word_1_96' title='bbox 1213 1737 1287 1804; x_wconf 91' lang='lat' dir='ltr'>libri</span> <span class='ocrx_word' id='word_1_97' title='bbox 1299 1740 1368 1816; x_wconf 90' lang='lat' dir='ltr'>sui;</span> <span class='ocrx_word' id='word_1_98' title='bbox 1389 1749 1424 1803; x_wconf 91' lang='lat' dir='ltr'>et</span> 
     </span>
     <span class='ocr_line' id='line_1_12' title="bbox 273 1841 1423 1927; baseline 0.003 -22"><span class='ocrx_word' id='word_1_99' title='bbox 273 1841 354 1907; x_wconf 93' lang='lat' dir='ltr'>illud</span> <span class='ocrx_word' id='word_1_100' title='bbox 367 1853 459 1926; x_wconf 88' lang='lat' dir='ltr'>patet</span> <span class='ocrx_word' id='word_1_101' title='bbox 470 1865 627 1927; x_wconf 87' lang='lat' dir='ltr'>expresse</span> <span class='ocrx_word' id='word_1_102' title='bbox 638 1864 697 1927; x_wconf 90' lang='lat' dir='ltr'>per</span> <span class='ocrx_word' id='word_1_103' title='bbox 711 1845 875 1908; x_wconf 91' lang='lat' dir='ltr'>Isidorum</span> <span class='ocrx_word' id='word_1_104' title='bbox 892 1845 1023 1908; x_wconf 90' lang='lat' dir='ltr'>decimo</span> <span class='ocrx_word' id='word_1_105' title='bbox 1034 1854 1152 1927; x_wconf 92' lang='lat' dir='ltr'>quarto</span> <span class='ocrx_word' id='word_1_106' title='bbox 1165 1843 1258 1920; x_wconf 93' lang='lat' dir='ltr'>libro,</span> <span class='ocrx_word' id='word_1_107' title='bbox 1270 1844 1327 1926; x_wconf 94' lang='lat' dir='ltr'>qui</span> <span class='ocrx_word' id='word_1_108' title='bbox 1342 1845 1423 1909; x_wconf 90' lang='lat' dir='ltr'>dicit</span> 
     </span>
     <span class='ocr_line' id='line_1_13' title="bbox 272 1947 1423 2031; baseline 0.003 -22"><span class='ocrx_word' id='word_1_109' title='bbox 272 1948 329 2024; x_wconf 91' lang='lat' dir='ltr'>sic,</span> <span class='ocrx_word' id='word_1_110' title='bbox 342 1947 466 2011; x_wconf 88' lang='lat' dir='ltr'>Arabia</span> <span class='ocrx_word' id='word_1_111' title='bbox 482 1947 671 2031; x_wconf 91' lang='lat' dir='ltr'>appellatur</span> <span class='ocrx_word' id='word_1_112' title='bbox 685 1968 788 2026; x_wconf 89' lang='lat' dir='ltr'>sacra,</span> <span class='ocrx_word' id='word_1_113' title='bbox 805 1968 845 2012; x_wconf 90' lang='lat' dir='ltr'>eo</span> <span class='ocrx_word' id='word_1_114' title='bbox 861 1949 951 2030; x_wconf 93' lang='lat' dir='ltr'>quod</span> <span class='ocrx_word' id='word_1_115' title='bbox 967 1948 1057 2030; x_wconf 91' lang='lat' dir='ltr'>regio</span> <span class='ocrx_word' id='word_1_116' title='bbox 1072 1948 1115 2011; x_wconf 89' lang='lat' dir='ltr'>sit</span> <span class='ocrx_word' id='word_1_117' title='bbox 1130 1947 1287 2011; x_wconf 79' lang='lat' dir='ltr'>thurifera</span> <span class='ocrx_word' id='word_1_118' title='bbox 1305 1949 1423 2012; x_wconf 91' lang='lat' dir='ltr'>odores</span> 
     </span>
     <span class='ocr_line' id='line_1_14' title="bbox 272 2051 1423 2130; baseline 0.003 -18"><span class='ocrx_word' id='word_1_119' title='bbox 272 2071 395 2115; x_wconf 89' lang='lat' dir='ltr'>creans.</span> <span class='ocrx_word' id='word_1_120' title='bbox 428 2052 527 2116; x_wconf 93' lang='lat' dir='ltr'>Hanc</span> <span class='ocrx_word' id='word_1_121' title='bbox 541 2054 642 2117; x_wconf 88' lang='lat' dir='ltr'>etiarn</span> <span class='ocrx_word' id='word_1_122' title='bbox 656 2052 773 2117; x_wconf 90' lang='lat' dir='ltr'>Graeci</span> <span class='ocrx_word' id='word_1_123' title='bbox 785 2052 993 2130; x_wconf 86' lang='lat' dir='ltr'>Eudaemon,</span> <span class='ocrx_word' id='word_1_124' title='bbox 1005 2051 1106 2114; x_wconf 87' lang='lat' dir='ltr'>nostri</span> <span class='ocrx_word' id='word_1_125' title='bbox 1119 2051 1257 2114; x_wconf 92' lang='lat' dir='ltr'>Beatam</span> <span class='ocrx_word' id='word_1_126' title='bbox 1272 2053 1423 2116; x_wconf 91' lang='lat' dir='ltr'>nomina·</span> 
     </span>
     <span class='ocr_line' id='line_1_15' title="bbox 271 2155 1421 2238; baseline 0.001 -20"><span class='ocrx_word' id='word_1_127' title='bbox 271 2166 397 2230; x_wconf 89' lang='lat' dir='ltr'>verunt,</span> <span class='ocrx_word' id='word_1_128' title='bbox 414 2157 447 2218; x_wconf 91' lang='lat' dir='ltr'>in</span> <span class='ocrx_word' id='word_1_129' title='bbox 469 2157 562 2237; x_wconf 91' lang='lat' dir='ltr'>cujus</span> <span class='ocrx_word' id='word_1_130' title='bbox 582 2155 721 2220; x_wconf 90' lang='lat' dir='ltr'>saltibus</span> <span class='ocrx_word' id='word_1_131' title='bbox 742 2165 777 2219; x_wconf 90' lang='lat' dir='ltr'>et</span> <span class='ocrx_word' id='word_1_132' title='bbox 797 2155 933 2237; x_wconf 90' lang='lat' dir='ltr'>myrrha</span> <span class='ocrx_word' id='word_1_133' title='bbox 948 2165 982 2219; x_wconf 90' lang='lat' dir='ltr'>et</span> <span class='ocrx_word' id='word_1_134' title='bbox 997 2156 1231 2218; x_wconf 90' lang='lat' dir='ltr'>cinnamonum</span> <span class='ocrx_word' id='word_1_135' title='bbox 1250 2157 1401 2238; x_wconf 90' lang='lat' dir='ltr'>provenit</span> <span class='ocrx_word' id='word_1_136' title='bbox 1412 2183 1421 2235; x_wconf 92' lang='lat'>;</span> 
     </span>
     <span class='ocr_line' id='line_1_16' title="bbox 273 2257 1421 2342; baseline 0.002 -21"><span class='ocrx_word' id='word_1_137' title='bbox 273 2259 318 2323; x_wconf 92' lang='lat' dir='ltr'>ibi</span> <span class='ocrx_word' id='word_1_138' title='bbox 346 2261 491 2322; x_wconf 90' lang='lat' dir='ltr'>nascitur</span> <span class='ocrx_word' id='word_1_139' title='bbox 513 2269 546 2323; x_wconf 93' lang='lat' dir='ltr'>et</span> <span class='ocrx_word' id='word_1_140' title='bbox 574 2258 742 2342; x_wconf 90' lang='lat' dir='ltr'>phoenix;</span> <span class='ocrx_word' id='word_1_141' title='bbox 772 2259 844 2342; x_wconf 94' lang='lat' dir='ltr'>ipsa</span> <span class='ocrx_word' id='word_1_142' title='bbox 872 2269 923 2323; x_wconf 88' lang='lat' dir='ltr'>est</span> <span class='ocrx_word' id='word_1_143' title='bbox 944 2270 979 2322; x_wconf 90' lang='lat' dir='ltr'>et</span> <span class='ocrx_word' id='word_1_144' title='bbox 1002 2258 1093 2322; x_wconf 90' lang='lat' dir='ltr'>Saba</span> <span class='ocrx_word' id='word_1_145' title='bbox 1117 2257 1288 2340; x_wconf 90' lang='lat' dir='ltr'>appellata</span> <span class='ocrx_word' id='word_1_146' title='bbox 1310 2280 1331 2322; x_wconf 89' lang='lat' dir='ltr'>a</span> <span class='ocrx_word' id='word_1_147' title='bbox 1353 2259 1421 2324; x_wconf 89' lang='lat' dir='ltr'>lilio</span> 
     </span>
     <span class='ocr_line' id='line_1_17' title="bbox 273 2360 1421 2445; baseline 0.002 -19"><span class='ocrx_word' id='word_1_148' title='bbox 273 2361 373 2442; x_wconf 90' lang='lat' dir='ltr'>Chus‚</span> <span class='ocrx_word' id='word_1_149' title='bbox 397 2362 453 2425; x_wconf 90' lang='lat' dir='ltr'>filii</span> <span class='ocrx_word' id='word_1_150' title='bbox 479 2363 595 2436; x_wconf 89' lang='lat' dir='ltr'>Cham‚</span> <span class='ocrx_word' id='word_1_151' title='bbox 620 2361 677 2425; x_wconf 88' lang='lat' dir='ltr'>filii</span> <span class='ocrx_word' id='word_1_152' title='bbox 703 2363 787 2442; x_wconf 91' lang='lat' dir='ltr'>Noe,</span> <span class='ocrx_word' id='word_1_153' title='bbox 809 2364 865 2444; x_wconf 91' lang='lat' dir='ltr'>qui</span> <span class='ocrx_word' id='word_1_154' title='bbox 890 2360 976 2427; x_wconf 88' lang='lat' dir='ltr'>filius</span> <span class='ocrx_word' id='word_1_155' title='bbox 1003 2361 1093 2427; x_wconf 91' lang='lat' dir='ltr'>Chus</span> <span class='ocrx_word' id='word_1_156' title='bbox 1116 2360 1207 2426; x_wconf 88' lang='lat' dir='ltr'>Saba</span> <span class='ocrx_word' id='word_1_157' title='bbox 1233 2362 1421 2445; x_wconf 87' lang='lat' dir='ltr'>appellatus</span> 
     </span>
     <span class='ocr_line' id='line_1_18' title="bbox 271 2466 1422 2549; baseline 0.002 -19"><span class='ocrx_word' id='word_1_158' title='bbox 271 2477 341 2544; x_wconf 89' lang='lat' dir='ltr'>est;</span> <span class='ocrx_word' id='word_1_159' title='bbox 365 2478 398 2529; x_wconf 92' lang='lat' dir='ltr'>et</span> <span class='ocrx_word' id='word_1_160' title='bbox 414 2467 477 2529; x_wconf 94' lang='lat' dir='ltr'>hoc</span> <span class='ocrx_word' id='word_1_161' title='bbox 494 2468 574 2530; x_wconf 91' lang='lat' dir='ltr'>dicit</span> <span class='ocrx_word' id='word_1_162' title='bbox 591 2466 816 2549; x_wconf 90' lang='lat' dir='ltr'>Hieronymus</span> <span class='ocrx_word' id='word_1_163' title='bbox 830 2470 864 2530; x_wconf 90' lang='lat' dir='ltr'>in</span> <span class='ocrx_word' id='word_1_164' title='bbox 881 2467 1056 2531; x_wconf 88' lang='lat' dir='ltr'>Hebraicis</span> <span class='ocrx_word' id='word_1_165' title='bbox 1070 2467 1329 2549; x_wconf 88' lang='lat' dir='ltr'>quaestionibus.</span> <span class='ocrx_word' id='word_1_166' title='bbox 1376 2469 1422 2531; x_wconf 91' lang='lat' dir='ltr'>Et</span> 
     </span>
     <span class='ocr_line' id='line_1_19' title="bbox 271 2571 1421 2655; baseline 0.003 -23"><span class='ocrx_word' id='word_1_167' title='bbox 271 2571 347 2633; x_wconf 91' lang='lat' dir='ltr'>ideo</span> <span class='ocrx_word' id='word_1_168' title='bbox 370 2590 445 2634; x_wconf 90' lang='lat' dir='ltr'>cum</span> <span class='ocrx_word' id='word_1_169' title='bbox 468 2571 603 2635; x_wconf 89' lang='lat' dir='ltr'>Madian</span> <span class='ocrx_word' id='word_1_170' title='bbox 626 2581 659 2635; x_wconf 90' lang='lat' dir='ltr'>et</span> <span class='ocrx_word' id='word_1_171' title='bbox 680 2571 778 2655; x_wconf 89' lang='lat' dir='ltr'>Epha</span> <span class='ocrx_word' id='word_1_172' title='bbox 801 2582 1016 2637; x_wconf 89' lang='lat' dir='ltr'>numerantur</span> <span class='ocrx_word' id='word_1_173' title='bbox 1034 2571 1070 2635; x_wconf 93' lang='lat' dir='ltr'>lx</span> <span class='ocrx_word' id='word_1_174' title='bbox 1095 2571 1208 2644; x_wconf 87' lang='lat' dir='ltr'>Isaiae,</span> <span class='ocrx_word' id='word_1_175' title='bbox 1227 2572 1421 2655; x_wconf 89' lang='lat' dir='ltr'>adjungitur</span> 
     </span>
     <span class='ocr_line' id='line_1_20' title="bbox 271 2675 1420 2755; baseline 0.005 -18"><span class='ocrx_word' id='word_1_176' title='bbox 271 2677 370 2739; x_wconf 90' lang='lat' dir='ltr'>etiam</span> <span class='ocrx_word' id='word_1_177' title='bbox 385 2675 483 2754; x_wconf 89' lang='lat' dir='ltr'>Saba,</span> <span class='ocrx_word' id='word_1_178' title='bbox 498 2697 574 2741; x_wconf 91' lang='lat' dir='ltr'>cum</span> <span class='ocrx_word' id='word_1_179' title='bbox 590 2677 682 2755; x_wconf 91' lang='lat' dir='ltr'>dicit,</span> <span class='ocrx_word' id='word_1_180' title='bbox 696 2675 823 2742; x_wconf 87' lang='lat' dir='ltr'>Omnes</span> <span class='ocrx_word' id='word_1_181' title='bbox 838 2678 881 2741; x_wconf 92' lang='lat' dir='ltr'>de</span> <span class='ocrx_word' id='word_1_182' title='bbox 898 2677 988 2742; x_wconf 92' lang='lat' dir='ltr'>Saba</span> <span class='ocrx_word' id='word_1_183' title='bbox 1002 2677 1142 2742; x_wconf 84' lang='lat' dir='ltr'>venient.</span> <span class='ocrx_word' id='word_1_184' title='bbox 1189 2678 1277 2742; x_wconf 92' lang='lat' dir='ltr'>Nam</span> <span class='ocrx_word' id='word_1_185' title='bbox 1294 2678 1420 2744; x_wconf 88' lang='lat' dir='ltr'>Arabia</span> 
     </span>
     <span class='ocr_line' id='line_1_21' title="bbox 272 2778 1421 2867; baseline 0.007 -26"><span class='ocrx_word' id='word_1_186' title='bbox 272 2778 469 2843; x_wconf 87' lang='lat' dir='ltr'>Eudaemon</span> <span class='ocrx_word' id='word_1_187' title='bbox 495 2781 685 2845; x_wconf 90' lang='lat' dir='ltr'>nominatur</span> <span class='ocrx_word' id='word_1_188' title='bbox 707 2782 892 2865; x_wconf 89' lang='lat' dir='ltr'>specialiter</span> <span class='ocrx_word' id='word_1_189' title='bbox 915 2782 1005 2846; x_wconf 91' lang='lat' dir='ltr'>Saba</span> <span class='ocrx_word' id='word_1_190' title='bbox 1030 2794 1065 2848; x_wconf 89' lang='lat' dir='ltr'>et</span> <span class='ocrx_word' id='word_1_191' title='bbox 1088 2784 1320 2867; x_wconf 90' lang='lat' dir='ltr'>principaliter,</span> <span class='ocrx_word' id='word_1_192' title='bbox 1344 2784 1421 2849; x_wconf 88' lang='lat' dir='ltr'>licet</span> 
     </span>
     <span class='ocr_line' id='line_1_22' title="bbox 270 2885 1421 2969; baseline 0.005 -22"><span class='ocrx_word' id='word_1_193' title='bbox 270 2894 343 2947; x_wconf 86' lang='lat' dir='ltr'>tota</span> <span class='ocrx_word' id='word_1_194' title='bbox 367 2885 456 2967; x_wconf 89' lang='lat' dir='ltr'>regio</span> <span class='ocrx_word' id='word_1_195' title='bbox 479 2885 535 2948; x_wconf 91' lang='lat' dir='ltr'>illa</span> <span class='ocrx_word' id='word_1_196' title='bbox 559 2897 592 2950; x_wconf 89' lang='lat' dir='ltr'>et</span> <span class='ocrx_word' id='word_1_197' title='bbox 617 2886 754 2951; x_wconf 91' lang='lat' dir='ltr'>Madian</span> <span class='ocrx_word' id='word_1_198' title='bbox 777 2897 811 2951; x_wconf 92' lang='lat' dir='ltr'>et</span> <span class='ocrx_word' id='word_1_199' title='bbox 834 2888 933 2969; x_wconf 92' lang='lat' dir='ltr'>Epha</span> <span class='ocrx_word' id='word_1_200' title='bbox 957 2888 1108 2952; x_wconf 89' lang='lat' dir='ltr'>dicantur</span> <span class='ocrx_word' id='word_1_201' title='bbox 1131 2888 1230 2953; x_wconf 90' lang='lat' dir='ltr'>Saba.</span> <span class='ocrx_word' id='word_1_202' title='bbox 1278 2889 1324 2953; x_wconf 90' lang='lat' dir='ltr'>Et</span> <span class='ocrx_word' id='word_1_203' title='bbox 1346 2890 1421 2954; x_wconf 88' lang='lat' dir='ltr'>ideo</span> 
     </span>
     <span class='ocr_line' id='line_1_23' title="bbox 270 2989 1419 3076; baseline 0.005 -25"><span class='ocrx_word' id='word_1_204' title='bbox 270 2997 342 3052; x_wconf 93' lang='lat' dir='ltr'>tota</span> <span class='ocrx_word' id='word_1_205' title='bbox 365 2990 455 3072; x_wconf 89' lang='lat' dir='ltr'>regio</span> <span class='ocrx_word' id='word_1_206' title='bbox 477 3009 497 3053; x_wconf 91' lang='lat' dir='ltr'>a</span> <span class='ocrx_word' id='word_1_207' title='bbox 522 2989 699 3055; x_wconf 89' lang='lat' dir='ltr'>Chaldaeis</span> <span class='ocrx_word' id='word_1_208' title='bbox 721 3011 823 3075; x_wconf 90' lang='lat' dir='ltr'>supra</span> <span class='ocrx_word' id='word_1_209' title='bbox 845 3011 936 3055; x_wconf 89' lang='lat' dir='ltr'>mare</span> <span class='ocrx_word' id='word_1_210' title='bbox 956 2993 1108 3058; x_wconf 92' lang='lat' dir='ltr'>Rubrum</span> <span class='ocrx_word' id='word_1_211' title='bbox 1131 3014 1236 3076; x_wconf 86' lang='lat' dir='ltr'>usque</span> <span class='ocrx_word' id='word_1_212' title='bbox 1257 2994 1302 3057; x_wconf 93' lang='lat' dir='ltr'>ad</span> <span class='ocrx_word' id='word_1_213' title='bbox 1320 2992 1419 3057; x_wconf 89' lang='lat' dir='ltr'>Elam</span> 
     </span>
     <span class='ocr_line' id='line_1_24' title="bbox 271 3092 554 3157; baseline 0.004 -1"><span class='ocrx_word' id='word_1_214' title='bbox 271 3092 389 3157; x_wconf 89' lang='lat' dir='ltr'>dicitur</span> <span class='ocrx_word' id='word_1_215' title='bbox 414 3092 554 3157; x_wconf 89' lang='lat' dir='ltr'>Sabaea.</span> 
     </span>
    </p>

    <p class='ocr_par' dir='ltr' id='par_1_3' title="bbox 265 3197 1553 4743">
     <span class='ocr_line' id='line_1_25' title="bbox 314 3197 1553 3285; baseline 0.003 -24"><span class='ocrx_word' id='word_1_216' title='bbox 314 3197 361 3261; x_wconf 91' lang='lat' dir='ltr'>Et</span> <span class='ocrx_word' id='word_1_217' title='bbox 383 3200 658 3264; x_wconf 91' lang='lat' dir='ltr'>considerandum</span> <span class='ocrx_word' id='word_1_218' title='bbox 683 3210 734 3264; x_wconf 89' lang='lat' dir='ltr'>est</span> <span class='ocrx_word' id='word_1_219' title='bbox 760 3199 813 3265; x_wconf 88' lang='lat' dir='ltr'>hic</span> <span class='ocrx_word' id='word_1_220' title='bbox 843 3212 979 3285; x_wconf 91' lang='lat' dir='ltr'>propter</span> <span class='ocrx_word' id='word_1_221' title='bbox 1004 3199 1133 3283; x_wconf 91' lang='lat' dir='ltr'>aliquas</span> <span class='ocrx_word' id='word_1_222' title='bbox 1162 3202 1420 3281; x_wconf 87' lang='lat' dir='ltr'>contrarietates,</span> <span class='ocrx_word' id='word_1_223' title='bbox 1432 3215 1553 3267; x_wconf 67' lang='lat' dir='ltr'>Differor</span> 
     </span>
     <span class='ocr_line' id='line_1_26' title="bbox 271 3291 1545 3397; baseline 0.005 -32"><span class='ocrx_word' id='word_1_224' title='bbox 271 3303 362 3383; x_wconf 92' lang='lat' dir='ltr'>quod</span> <span class='ocrx_word' id='word_1_225' title='bbox 384 3301 513 3366; x_wconf 88' lang='lat' dir='ltr'>Arabia</span> <span class='ocrx_word' id='word_1_226' title='bbox 534 3303 625 3387; x_wconf 91' lang='lat' dir='ltr'>large</span> <span class='ocrx_word' id='word_1_227' title='bbox 648 3315 782 3387; x_wconf 88' lang='lat' dir='ltr'>sumpta</span> <span class='ocrx_word' id='word_1_228' title='bbox 804 3305 907 3370; x_wconf 89' lang='lat' dir='ltr'>habet</span> <span class='ocrx_word' id='word_1_229' title='bbox 929 3326 1047 3369; x_wconf 90' lang='lat' dir='ltr'>omnes</span> <span class='ocrx_word' id='word_1_230' title='bbox 1071 3306 1221 3390; x_wconf 85' lang='lat' dir='ltr'>regiones</span> <span class='ocrx_word' id='word_1_231' title='bbox 1246 3306 1353 3370; x_wconf 92' lang='lat' dir='ltr'>dictas</span> <span class='ocrx_word' id='word_1_232' title='bbox 1375 3328 1420 3370; x_wconf 90' lang='lat' dir='ltr'>ex</span> <span class='ocrx_word' id='word_1_233' title='bbox 1431 3291 1545 3397; x_wconf 50' lang='lat' dir='ltr'>{ff}</span> 
     </span>
     <span class='ocr_line' id='line_1_27' title="bbox 269 3409 1535 3492; baseline 0.006 -25"><span class='ocrx_word' id='word_1_234' title='bbox 269 3415 408 3487; x_wconf 90' lang='lat' dir='ltr'>utraque</span> <span class='ocrx_word' id='word_1_235' title='bbox 429 3417 524 3489; x_wconf 92' lang='lat' dir='ltr'>parte</span> <span class='ocrx_word' id='word_1_236' title='bbox 545 3410 643 3471; x_wconf 90' lang='lat' dir='ltr'>maris</span> <span class='ocrx_word' id='word_1_237' title='bbox 659 3409 766 3472; x_wconf 91' lang='lat' dir='ltr'>Rubri</span> <span class='ocrx_word' id='word_1_238' title='bbox 785 3412 965 3473; x_wconf 92' lang='lat' dir='ltr'>secundum</span> <span class='ocrx_word' id='word_1_239' title='bbox 985 3409 1126 3472; x_wconf 90' lang='lat' dir='ltr'>Plinium</span> <span class='ocrx_word' id='word_1_240' title='bbox 1145 3419 1179 3473; x_wconf 89' lang='lat' dir='ltr'>et</span> <span class='ocrx_word' id='word_1_241' title='bbox 1197 3409 1418 3492; x_wconf 83' lang='lat' dir='ltr'>Alsraganum</span> <span class='ocrx_word' id='word_1_242' title='bbox 1432 3413 1535 3463; x_wconf 72' lang='lat' dir='ltr'>Arabia.</span> 
     </span>
     <span class='ocr_line' id='line_1_28' title="bbox 269 3508 1419 3597; baseline 0.005 -25"><span class='ocrx_word' id='word_1_243' title='bbox 269 3522 302 3573; x_wconf 89' lang='lat' dir='ltr'>et</span> <span class='ocrx_word' id='word_1_244' title='bbox 318 3508 536 3592; x_wconf 89' lang='lat' dir='ltr'>philosophos</span> <span class='ocrx_word' id='word_1_245' title='bbox 558 3512 723 3594; x_wconf 86' lang='lat' dir='ltr'>antiquos.</span> <span class='ocrx_word' id='word_1_246' title='bbox 770 3513 954 3596; x_wconf 90' lang='lat' dir='ltr'>Specialius</span> <span class='ocrx_word' id='word_1_247' title='bbox 976 3524 1089 3577; x_wconf 91' lang='lat' dir='ltr'>tamen</span> <span class='ocrx_word' id='word_1_248' title='bbox 1112 3524 1247 3597; x_wconf 91' lang='lat' dir='ltr'>sumpta</span> <span class='ocrx_word' id='word_1_249' title='bbox 1261 3515 1419 3596; x_wconf 87' lang='lat' dir='ltr'>accipitur</span> 
     </span>
     <span class='ocr_line' id='line_1_29' title="bbox 267 3613 1418 3700; baseline 0.005 -23"><span class='ocrx_word' id='word_1_250' title='bbox 267 3613 373 3677; x_wconf 91' lang='lat' dir='ltr'>solum</span> <span class='ocrx_word' id='word_1_251' title='bbox 399 3634 460 3696; x_wconf 93' lang='lat' dir='ltr'>pro</span> <span class='ocrx_word' id='word_1_252' title='bbox 483 3616 617 3696; x_wconf 85' lang='lat' dir='ltr'>regione</span> <span class='ocrx_word' id='word_1_253' title='bbox 639 3635 726 3698; x_wconf 91' lang='lat' dir='ltr'>quae</span> <span class='ocrx_word' id='word_1_254' title='bbox 748 3627 798 3679; x_wconf 94' lang='lat' dir='ltr'>est</span> <span class='ocrx_word' id='word_1_255' title='bbox 821 3638 841 3680; x_wconf 92' lang='lat' dir='ltr'>a</span> <span class='ocrx_word' id='word_1_256' title='bbox 864 3616 975 3699; x_wconf 88' lang='lat' dir='ltr'>lingua</span> <span class='ocrx_word' id='word_1_257' title='bbox 999 3617 1097 3681; x_wconf 90' lang='lat' dir='ltr'>maris</span> <span class='ocrx_word' id='word_1_258' title='bbox 1120 3618 1226 3681; x_wconf 93' lang='lat' dir='ltr'>Rubri</span> <span class='ocrx_word' id='word_1_259' title='bbox 1249 3619 1418 3700; x_wconf 89' lang='lat' dir='ltr'>usquead</span> 
     </span>
     <span class='ocr_line' id='line_1_30' title="bbox 268 3716 1417 3804; baseline 0.005 -24"><span class='ocrx_word' id='word_1_260' title='bbox 268 3716 474 3801; x_wconf 88' lang='lat' dir='ltr'>Euphratem</span> <span class='ocrx_word' id='word_1_261' title='bbox 496 3728 530 3781; x_wconf 89' lang='lat' dir='ltr'>et</span> <span class='ocrx_word' id='word_1_262' title='bbox 552 3720 660 3782; x_wconf 91' lang='lat' dir='ltr'>sinum</span> <span class='ocrx_word' id='word_1_263' title='bbox 685 3720 852 3783; x_wconf 90' lang='lat' dir='ltr'>Persicum</span> <span class='ocrx_word' id='word_1_264' title='bbox 868 3741 982 3785; x_wconf 90' lang='lat' dir='ltr'>versus</span> <span class='ocrx_word' id='word_1_265' title='bbox 1003 3722 1175 3797; x_wconf 89' lang='lat' dir='ltr'>orientem,</span> <span class='ocrx_word' id='word_1_266' title='bbox 1192 3732 1226 3785; x_wconf 90' lang='lat' dir='ltr'>et</span> <span class='ocrx_word' id='word_1_267' title='bbox 1248 3742 1352 3804; x_wconf 91' lang='lat' dir='ltr'>usque</span> <span class='ocrx_word' id='word_1_268' title='bbox 1373 3724 1417 3787; x_wconf 88' lang='lat' dir='ltr'>ad</span> 
     </span>
     <span class='ocr_line' id='line_1_31' title="bbox 269 3822 1418 3911; baseline 0.005 -26"><span class='ocrx_word' id='word_1_269' title='bbox 269 3822 490 3886; x_wconf 87' lang='lat' dir='ltr'>Palaestinam</span> <span class='ocrx_word' id='word_1_270' title='bbox 505 3822 699 3887; x_wconf 89' lang='lat' dir='ltr'>Idumaeam</span> <span class='ocrx_word' id='word_1_271' title='bbox 711 3844 825 3889; x_wconf 91' lang='lat' dir='ltr'>versus</span> <span class='ocrx_word' id='word_1_272' title='bbox 836 3826 1094 3909; x_wconf 89' lang='lat' dir='ltr'>septentrionem</span> <span class='ocrx_word' id='word_1_273' title='bbox 1109 3847 1154 3889; x_wconf 90' lang='lat' dir='ltr'>ex</span> <span class='ocrx_word' id='word_1_274' title='bbox 1169 3848 1235 3891; x_wconf 90' lang='lat' dir='ltr'>una</span> <span class='ocrx_word' id='word_1_275' title='bbox 1249 3829 1299 3891; x_wconf 91' lang='lat' dir='ltr'>sui</span> <span class='ocrx_word' id='word_1_276' title='bbox 1315 3839 1418 3911; x_wconf 89' lang='lat' dir='ltr'>parte,</span> 
     </span>
     <span class='ocr_line' id='line_1_32' title="bbox 267 3927 1418 4014; baseline 0.006 -25"><span class='ocrx_word' id='word_1_277' title='bbox 267 3927 361 4009; x_wconf 90' lang='lat' dir='ltr'>cujus</span> <span class='ocrx_word' id='word_1_278' title='bbox 378 3927 442 3989; x_wconf 93' lang='lat' dir='ltr'>alia</span> <span class='ocrx_word' id='word_1_279' title='bbox 465 3948 542 4011; x_wconf 91' lang='lat' dir='ltr'>pars</span> <span class='ocrx_word' id='word_1_280' title='bbox 564 3928 828 4011; x_wconf 89' lang='lat' dir='ltr'>septentrionalis</span> <span class='ocrx_word' id='word_1_281' title='bbox 849 3940 884 3994; x_wconf 92' lang='lat' dir='ltr'>et</span> <span class='ocrx_word' id='word_1_282' title='bbox 907 3932 1013 4014; x_wconf 91' lang='lat' dir='ltr'>magis</span> <span class='ocrx_word' id='word_1_283' title='bbox 1036 3931 1203 3995; x_wconf 91' lang='lat' dir='ltr'>orientalis</span> <span class='ocrx_word' id='word_1_284' title='bbox 1226 3932 1418 3997; x_wconf 86' lang='lat' dir='ltr'>extenditur</span> 
     </span>
     <span class='ocr_line' id='line_1_33' title="bbox 267 4030 1417 4119; baseline 0.006 -26"><span class='ocrx_word' id='word_1_285' title='bbox 267 4032 310 4096; x_wconf 91' lang='lat' dir='ltr'>ad</span> <span class='ocrx_word' id='word_1_286' title='bbox 327 4041 474 4095; x_wconf 91' lang='lat' dir='ltr'>montem</span> <span class='ocrx_word' id='word_1_287' title='bbox 492 4030 621 4107; x_wconf 86' lang='lat' dir='ltr'>LibanI,</span> <span class='ocrx_word' id='word_1_288' title='bbox 637 4043 671 4097; x_wconf 87' lang='lat' dir='ltr'>et</span> <span class='ocrx_word' id='word_1_289' title='bbox 686 4034 939 4116; x_wconf 90' lang='lat' dir='ltr'>comprehendit</span> <span class='ocrx_word' id='word_1_290' title='bbox 954 4045 1062 4099; x_wconf 91' lang='lat' dir='ltr'>totam</span> <span class='ocrx_word' id='word_1_291' title='bbox 1077 4037 1247 4119; x_wconf 89' lang='lat' dir='ltr'>regionem</span> <span class='ocrx_word' id='word_1_292' title='bbox 1265 4036 1368 4101; x_wconf 93' lang='lat' dir='ltr'>Moab</span> <span class='ocrx_word' id='word_1_293' title='bbox 1383 4047 1417 4101; x_wconf 91' lang='lat' dir='ltr'>et</span> 
     </span>
     <span class='ocr_line' id='line_1_34' title="bbox 267 4134 1417 4225; baseline 0.007 -28"><span class='ocrx_word' id='word_1_294' title='bbox 267 4134 409 4200; x_wconf 88' lang='lat' dir='ltr'>filiorum</span> <span class='ocrx_word' id='word_1_295' title='bbox 425 4135 576 4200; x_wconf 91' lang='lat' dir='ltr'>Ammon</span> <span class='ocrx_word' id='word_1_296' title='bbox 597 4147 632 4201; x_wconf 89' lang='lat' dir='ltr'>et</span> <span class='ocrx_word' id='word_1_297' title='bbox 653 4158 753 4221; x_wconf 84' lang='lat' dir='ltr'>regna</span> <span class='ocrx_word' id='word_1_298' title='bbox 774 4137 866 4202; x_wconf 93' lang='lat' dir='ltr'>Seon</span> <span class='ocrx_word' id='word_1_299' title='bbox 887 4149 922 4203; x_wconf 91' lang='lat' dir='ltr'>et</span> <span class='ocrx_word' id='word_1_300' title='bbox 938 4140 993 4223; x_wconf 89' lang='lat' dir='ltr'>Og</span> <span class='ocrx_word' id='word_1_301' title='bbox 1011 4141 1098 4224; x_wconf 87' lang='lat' dir='ltr'>regis</span> <span class='ocrx_word' id='word_1_302' title='bbox 1119 4140 1238 4215; x_wconf 87' lang='lat' dir='ltr'>Basan,</span> <span class='ocrx_word' id='word_1_303' title='bbox 1253 4150 1287 4205; x_wconf 89' lang='lat' dir='ltr'>et</span> <span class='ocrx_word' id='word_1_304' title='bbox 1305 4141 1417 4225; x_wconf 92' lang='lat' dir='ltr'>aliqua</span> 
     </span>
     <span class='ocr_line' id='line_1_35' title="bbox 265 4241 1415 4328; baseline 0.003 -24"><span class='ocrx_word' id='word_1_305' title='bbox 265 4241 314 4304; x_wconf 89' lang='lat' dir='ltr'>eis</span> <span class='ocrx_word' id='word_1_306' title='bbox 336 4241 524 4324; x_wconf 89' lang='lat' dir='ltr'>conjuncta.</span> <span class='ocrx_word' id='word_1_307' title='bbox 570 4242 616 4305; x_wconf 91' lang='lat' dir='ltr'>Et</span> <span class='ocrx_word' id='word_1_308' title='bbox 634 4243 681 4306; x_wconf 94' lang='lat' dir='ltr'>sic</span> <span class='ocrx_word' id='word_1_309' title='bbox 700 4245 802 4306; x_wconf 90' lang='lat' dir='ltr'>utitur</span> <span class='ocrx_word' id='word_1_310' title='bbox 821 4243 992 4328; x_wconf 91' lang='lat' dir='ltr'>Scriptura</span> <span class='ocrx_word' id='word_1_311' title='bbox 1011 4255 1048 4309; x_wconf 92' lang='lat' dir='ltr'>ut</span> <span class='ocrx_word' id='word_1_312' title='bbox 1066 4245 1100 4308; x_wconf 94' lang='lat' dir='ltr'>in</span> <span class='ocrx_word' id='word_1_313' title='bbox 1123 4245 1209 4310; x_wconf 91' lang='lat' dir='ltr'>Isaia</span> <span class='ocrx_word' id='word_1_314' title='bbox 1231 4266 1307 4309; x_wconf 90' lang='lat' dir='ltr'>cum</span> <span class='ocrx_word' id='word_1_315' title='bbox 1326 4247 1415 4324; x_wconf 92' lang='lat' dir='ltr'>dicit,</span> 
     </span>
     <span class='ocr_line' id='line_1_36' title="bbox 268 4345 1416 4431; baseline 0.004 -21"><span class='ocrx_word' id='word_1_316' title='bbox 268 4345 361 4410; x_wconf 92' lang='lat' dir='ltr'>Onus</span> <span class='ocrx_word' id='word_1_317' title='bbox 384 4348 417 4408; x_wconf 91' lang='lat' dir='ltr'>in</span> <span class='ocrx_word' id='word_1_318' title='bbox 438 4346 570 4423; x_wconf 84' lang='lat' dir='ltr'>Arabia,</span> <span class='ocrx_word' id='word_1_319' title='bbox 588 4346 644 4410; x_wconf 93' lang='lat' dir='ltr'>ubi</span> <span class='ocrx_word' id='word_1_320' title='bbox 670 4345 777 4410; x_wconf 91' lang='lat' dir='ltr'>Cedar</span> <span class='ocrx_word' id='word_1_321' title='bbox 794 4348 1086 4431; x_wconf 89' lang='lat' dir='ltr'>comprehenditur</span> <span class='ocrx_word' id='word_1_322' title='bbox 1103 4350 1166 4413; x_wconf 88' lang='lat' dir='ltr'>sub</span> <span class='ocrx_word' id='word_1_323' title='bbox 1188 4370 1248 4429; x_wconf 86' lang='lat' dir='ltr'>ea;</span> <span class='ocrx_word' id='word_1_324' title='bbox 1270 4360 1303 4414; x_wconf 92' lang='lat' dir='ltr'>et</span> <span class='ocrx_word' id='word_1_325' title='bbox 1322 4370 1416 4415; x_wconf 88' lang='lat' dir='ltr'>mons</span> 
     </span>
     <span class='ocr_line' id='line_1_37' title="bbox 267 4449 1414 4537; baseline 0.005 -24"><span class='ocrx_word' id='word_1_326' title='bbox 267 4449 348 4513; x_wconf 91' lang='lat' dir='ltr'>Sina</span> <span class='ocrx_word' id='word_1_327' title='bbox 377 4450 425 4513; x_wconf 91' lang='lat' dir='ltr'>sic</span> <span class='ocrx_word' id='word_1_328' title='bbox 455 4460 505 4513; x_wconf 89' lang='lat' dir='ltr'>est</span> <span class='ocrx_word' id='word_1_329' title='bbox 537 4451 569 4512; x_wconf 94' lang='lat' dir='ltr'>in</span> <span class='ocrx_word' id='word_1_330' title='bbox 592 4449 730 4527; x_wconf 90' lang='lat' dir='ltr'>Arabia,</span> <span class='ocrx_word' id='word_1_331' title='bbox 753 4453 931 4516; x_wconf 89' lang='lat' dir='ltr'>secundum</span> <span class='ocrx_word' id='word_1_332' title='bbox 959 4454 1049 4535; x_wconf 94' lang='lat' dir='ltr'>quod</span> <span class='ocrx_word' id='word_1_333' title='bbox 1072 4456 1243 4537; x_wconf 87' lang='lat' dir='ltr'>apostolus</span> <span class='ocrx_word' id='word_1_334' title='bbox 1269 4456 1349 4519; x_wconf 91' lang='lat' dir='ltr'>dicit</span> <span class='ocrx_word' id='word_1_335' title='bbox 1372 4456 1414 4519; x_wconf 93' lang='lat' dir='ltr'>ad</span> 
     </span>
     <span class='ocr_line' id='line_1_38' title="bbox 267 4551 1416 4641; baseline 0.006 -25"><span class='ocrx_word' id='word_1_336' title='bbox 267 4551 405 4617; x_wconf 91' lang='lat' dir='ltr'>Galatas</span> <span class='ocrx_word' id='word_1_337' title='bbox 420 4554 461 4617; x_wconf 89' lang='lat' dir='ltr'>iv.</span> <span class='ocrx_word' id='word_1_338' title='bbox 506 4554 620 4619; x_wconf 88' lang='lat' dir='ltr'>Tertio</span> <span class='ocrx_word' id='word_1_339' title='bbox 633 4557 733 4619; x_wconf 90' lang='lat' dir='ltr'>modo</span> <span class='ocrx_word' id='word_1_340' title='bbox 748 4558 852 4639; x_wconf 88' lang='lat' dir='ltr'>magis</span> <span class='ocrx_word' id='word_1_341' title='bbox 865 4558 979 4621; x_wconf 91' lang='lat' dir='ltr'>stricte</span> <span class='ocrx_word' id='word_1_342' title='bbox 991 4559 1160 4641; x_wconf 91' lang='lat' dir='ltr'>accipitur,</span> <span class='ocrx_word' id='word_1_343' title='bbox 1171 4568 1208 4623; x_wconf 92' lang='lat' dir='ltr'>ut</span> <span class='ocrx_word' id='word_1_344' title='bbox 1219 4560 1416 4624; x_wconf 89' lang='lat' dir='ltr'>excludatur</span> 
     </span>
     <span class='ocr_line' id='line_1_39' title="bbox 267 4656 1413 4743; baseline 0.007 -23"><span class='ocrx_word' id='word_1_345' title='bbox 267 4656 396 4721; x_wconf 91' lang='lat' dir='ltr'>Pharan</span> <span class='ocrx_word' id='word_1_346' title='bbox 420 4667 454 4721; x_wconf 92' lang='lat' dir='ltr'>et</span> <span class='ocrx_word' id='word_1_347' title='bbox 479 4658 588 4724; x_wconf 89' lang='lat' dir='ltr'>Cedar</span> <span class='ocrx_word' id='word_1_348' title='bbox 611 4669 646 4725; x_wconf 86' lang='lat' dir='ltr'>et</span> <span class='ocrx_word' id='word_1_349' title='bbox 673 4659 809 4725; x_wconf 90' lang='lat' dir='ltr'>Madian</span> <span class='ocrx_word' id='word_1_350' title='bbox 839 4670 872 4725; x_wconf 90' lang='lat' dir='ltr'>et</span> <span class='ocrx_word' id='word_1_351' title='bbox 898 4660 997 4743; x_wconf 88' lang='lat' dir='ltr'>Epha</span> <span class='ocrx_word' id='word_1_352' title='bbox 1026 4671 1061 4725; x_wconf 91' lang='lat' dir='ltr'>et</span> <span class='ocrx_word' id='word_1_353' title='bbox 1088 4661 1179 4727; x_wconf 86' lang='lat' dir='ltr'>Saba</span> <span class='ocrx_word' id='word_1_354' title='bbox 1208 4664 1413 4729; x_wconf 91' lang='lat' dir='ltr'>Eudaemon.</span> 
     </span>
    </p>
   </div>
   <div class='ocr_carea' id='block_1_3' title="bbox 0 0 1792 5375">
    <p class='ocr_par' dir='ltr' id='par_1_4' title="bbox 0 0 1792 5375">
     <span class='ocr_line' id='line_1_40' title="bbox 0 0 1792 5375; baseline 0 3"><span class='ocrx_word' id='word_1_355' title='bbox 0 0 1792 5375; x_wconf 95' lang='lat' dir='ltr'> </span> 
     </span>
    </p>
   </div>
  </div>
 </body>
</html>
