3575 5375
376 650 741 741 'MATHEMAYICAE
765 650 817 708 IN
838 650 1043 710 PHYSICIS
1071 650 1275 710 UTILITAS.
1368 668 1409 727 99

250 818 315 882 sint
346 818 436 881 modi
466 826 533 879 tres
563 813 792 901 philosophiae
818 813 1016 891 essentiales,
1040 824 1076 878 ut
1104 815 1181 879 dicit
1207 813 1408 879 Aristoteles

250 922 283 987 in
294 932 394 987 sexto
407 920 667 1003 Metaphysicae,
680 919 942 993 mathematicus,
953 919 1122 998 naturalis,
1137 928 1171 982 et
1187 919 1324 997 divinus,
1339 940 1405 983 non

250 1047 368 1110 parum
388 1024 477 1090 valet
499 1025 753 1089 mathematicus
772 1024 815 1087 ad
840 1023 1039 1107 reliquorum
1065 1023 1205 1087 duorum
1230 1025 1402 1089 modorum

251 1130 406 1194 scientiae
425 1128 761 1215 comprehensionem,
786 1138 823 1191 ut
845 1128 945 1193 docet
969 1126 1179 1192 Ptolemaeus
1202 1128 1235 1191 in
1259 1127 1539 1211 capitulol’tolemy.

252 1234 361 1317 primo
373 1234 562 1317 Almagesti
572 1234 662 1317 quod
673 1244 706 1297 et
716 1234 786 1315 ipse
797 1233 918 1297 ibidem
937 1232 1091 1296 ostendit.
1134 1232 1404 1297 Etcumdivinus

251 1339 296 1403 sit
311 1337 493 1420 dupliciter,
503 1350 541 1402 ut
555 1346 649 1419 patet
660 1358 705 1401 ex
720 1337 828 1418 primo
844 1336 1106 1419 Metaphysicae,
1116 1336 1240 1402 scilicet
1256 1338 1404 1402 Philoso-

251 1443 331 1526 phia
340 1443 454 1525 prima,
464 1463 549 1525 quae
560 1442 668 1506 Deum
681 1462 753 1505 esse
762 1441 917 1519 ostendit,
926 1440 1019 1522 cujus
1031 1442 1250 1524 proprietates
1256 1442 1405 1506 excelsas

252 1546 437 1629 investigat,
464 1555 499 1609 et
528 1546 629 1608 civilis
659 1546 798 1608 scientia
827 1565 912 1626 quae
942 1546 1069 1608 cultum
1100 1546 1246 1608 divinum
1277 1546 1404 1623 statuit,

252 1650 424 1733 multaque
439 1651 482 1714 de
496 1670 537 1713 eo
552 1650 735 1713 secundum
755 1647 1012 1731 possibilitatem
1033 1649 1176 1712 hominis
1196 1650 1346 1731 exponit,
1362 1651 1405 1715 ad

252 1764 428 1837 utramque
448 1755 584 1819 istarum
602 1753 746 1817 multum
767 1752 876 1817 valere
897 1752 1168 1817 mathematicam
1187 1754 1274 1817 idem
1296 1755 1406 1819 Ptole·

253 1879 348 1923 meus
365 1859 481 1923 asserit
503 1866 537 1922 et
559 1857 715 1922 declarat
761 1857 863 1921 Unde
881 1856 1019 1921 Boetius
1039 1857 1071 1919 in
1096 1856 1161 1921 fine
1179 1858 1406 1925 arithmeticae

254 1963 505 2027 mathematicas
535 1961 729 2026 medietates
755 1962 870 2025 asserit
896 1961 928 2025 in
955 1963 1052 2025 rebus
1075 1956 1232 2026 'civilibus
1261 1964 1405 2028 inveniri.

254 2066 346 2131 Dicit
361 2067 446 2130 enim
462 2066 552 2149 quod
568 2066 796 2130 ‘arithmetica
810 2067 972 2129 medietas
984 2067 1183 2149 reipublicae
1195 2078 1408 2150 comparatur

254 2191 340 2253 quae
354 2192 376 2233 a
389 2172 503 2253 paucis
518 2170 650 2253 regitur,
664 2171 784 2235 idcirco
798 2170 890 2252 quod
910 2170 941 2232 in
964 2172 1144 2234 minoribus
1165 2170 1237 2254 ejus
1256 2173 1407 2237 terminis

254 2273 362 2355 major
390 2275 562 2357 proportio
588 2274 636 2354 fit,
665 2275 825 2338 musicam
855 2294 933 2336 vero
964 2274 1177 2339 medietatem
1208 2276 1405 2358 optimatum

253 2379 335 2444 dicit
348 2400 422 2444 esse
439 2379 687 2462 rempublicam.
703 2399 744 2442 eo
760 2379 851 2461 quod
872 2378 904 2440 in
926 2377 1108 2459 majoribus
1128 2380 1278 2442 terminis
1299 2380 1407 2461 major

254 2483 545 2565 proportionalitas
573 2483 747 2546 invenitur.
807 2481 1017 2545 Geometrica
1047 2485 1208 2547 medietas
1237 2484 1406 2566 popularis

254 2587 504 2669 quodammodo
512 2596 721 2669 exaequatae
729 2586 869 2650 civitatis
881 2597 951 2651 est:
967 2606 1112 2669 namque
1119 2585 1171 2652 vel
1181 2588 1213 2651 in
1226 2589 1407 2653 minoribus

256 2693 309 2755 vel
326 2693 359 2755 in
375 2692 555 2774 majoribus
569 2692 700 2775 aequali
712 2692 862 2754 omnium
878 2691 1189 2774 proportionalitate
1200 2712 1406 2777 componun·

256 2805 318 2859 tur.
353 2797 414 2860 Est
427 2797 514 2861 enim
527 2797 611 2860 inter
622 2817 737 2861 omnes
749 2796 874 2878 paritas
885 2797 1050 2879 quaedam
1064 2797 1252 2861 medietatis
1263 2817 1406 2880 aequum

254 2900 310 2983 jus
320 2900 352 2964 in
363 2901 632 2986 proportionibus
644 2899 886 2966 conservantis'
927 2899 972 2964 Et
983 2901 1073 2983 quod
1084 2901 1155 2963 sine
1166 2901 1407 2985 hisrespublica

257 3007 325 3088 regi
341 3026 409 3070 non
426 3015 545 3088 potest,
556 3005 756 3070 Aristoteles
771 3016 806 3070 et
817 3005 889 3088 ejus
902 3005 1111 3088 expositores
1128 3005 1160 3067 in
1178 3006 1357 3071 moralibus
1373 3007 1407 3070 in

256 3109 406 3193 pluribus
424 3109 506 3174 locis
527 3110 658 3174 docent.
704 3110 758 3173 De
780 3109 832 3173 his
850 3130 929 3173 vero
953 3109 1189 3173 medietatibus
1212 3122 1408 3194 exponetur,

257 3215 391 3297 quando
407 3214 449 3278 ad
465 3213 592 3277 divinas
606 3214 762 3278 veritates
780 3211 1044 3296 applicabuntur.
1091 3211 1177 3276 Cum
1192 3234 1269 3277 vero
1291 3234 1407 3279 omnes

257 3320 349 3381 modi
368 3316 600 3399 Philosophiae
621 3317 821 3398 essentiales,
842 3317 996 3401 quisunt
1017 3315 1126 3398 plures
1146 3336 1245 3398 quam
1266 3318 1408 3401 quadra-

256 3422 348 3506 ginta
365 3421 521 3486 scientiae
540 3424 582 3486 ad
602 3423 740 3486 invicem
764 3422 949 3498 distinctae,
965 3422 1161 3484 reducantur
1183 3421 1225 3485 ad
1249 3421 1310 3485 hos
1332 3434 1409 3502 tres,

256 3526 375 3590 sufficit
398 3545 486 3590 nunc
507 3546 566 3609 per
584 3527 797 3591 auctoritates
820 3527 927 3590 dictas
952 3544 1145 3607 persuasum
1170 3546 1242 3590 esse
1263 3525 1408 3590 valorem

257 3630 511 3694 mathematicae
538 3641 687 3714 respectu
716 3631 891 3694 modorum
916 3628 1148 3712 philosophiae
1171 3630 1407 3695 essentialium.

300 3735 396 3798 Modi
412 3744 523 3798 autem
547 3734 778 3819 philosophiae
799 3733 1018 3798 accidentales
1033 3743 1111 3796 sunt
1135 3737 1351 3816 grammatica
1373 3745 1408 3800 et
1419 3744 1531 3822 Alphar-

1435 3813 1491 3861 brus

255 3836 372 3922 logica.
418 3837 464 3901 Et
479 3839 569 3920 quod
584 3839 655 3902 sine
669 3839 903 3903 mathematica
918 3858 984 3901 non
1001 3847 1139 3920 possunt
1158 3838 1232 3902 sciri
1251 3841 1407 3904 scientiae
1418 3827 1509 3942 {mm

256 3942 340 4007 istae
360 3952 453 4024 patet
474 3963 533 4025 per
552 3941 796 4024 Alpharabium
818 3944 852 4006 in
868 3943 953 4006 libro
973 3944 1016 4006 de
1035 3943 1188 4008 scientiis.
1235 3943 1323 4009 Nam
1345 3945 1406 4008 etsi
1419 3942 1577 4007 dependeres

1419 4008 1578 4072 olgrummur
1664 4036 1671 4045 ·

255 4046 474 4130 grammatica
488 4046 598 4129 pueris
614 4046 778 4111 ministrat
793 4066 833 4110 ea
847 4067 933 4128 quae
945 4047 1034 4111 vocis
1050 4057 1128 4111 sunt
1143 4057 1178 4111 et
1190 4049 1405 4130 proprietates
1419 4075 1467 4123 and
1475 4073 1578 4138 oslogic

1419 4156 1452 4190 on
1463 4139 1558 4191 marhe-

255 4227 400 4291 Theology‚
418 4230 470 4278 and
486 4230 532 4278 the
549 4229 660 4289 shilting
678 4230 843 4292 phenomenn
857 4228 888 4278 ol
901 4237 999 4278 nature.
1033 4229 1068 4278 nl
1084 4231 1131 4290 plu
1146 4229 1214 4280 rihho
1231 4228 1273 4280 tto
1287 4229 1348 4296 γένη
1362 4233 1407 4282 τοῦ
1418 4214 1503 4256 '⁰²³⁶‘

255 4307 401 4369 prpruoori
418 4307 517 4367 μᾶλλον
533 4304 564 4355 dv
583 4323 619 4357 τις
639 4305 748 4357 ἀνοσίαν
767 4305 783 4369 ἢ
801 4305 939 4372 κατάληψιν
960 4305 1030 4356 εἴποι·
1051 4305 1082 4356 τὸ
1098 4308 1144 4368 μὲν
1163 4311 1306 4374 θεολογυνόν
1319 4309 1358 4360 &d
1377 4310 1408 4360 τὸ

255 4385 379 4434 raum&
394 4384 488 4449 apert:
503 4385 580 4435 stret
596 4385 636 4436 nol
653 4385 829 4449 ἀνεπίληπτον,
840 4383 871 4434 τὸ
883 4385 909 4434 δὲ
920 4385 1023 4448 φυσικὸν
1035 4385 1073 4434 διὰ
1083 4385 1113 4436 τὸ
1125 4389 1169 4447 τῆς
1180 4387 1238 4451 ὕλης
1248 4389 1358 4438 ἄσνοτον
1369 4389 1409 4440 nol

254 4462 356 4526 maor
374 4463 406 4513 rin
416 4462 456 4513 td
466 4463 542 4513 τοῦτο
552 4463 673 4528 μηδέποτε
687 4463 718 4514 ἃν
730 4463 826 4513 ihelon«
839 4463 893 4525 περὶ
903 4463 985 4514 αὐτῶν
995 4465 1126 4527 ὁμονοῆσαι
1138 4465 1194 4516 τοὺς
1205 4465 1409 4530 φιλοσοφοῦντος·

254 4541 331 4604 μόνον
347 4540 374 4592 δὲ
391 4539 421 4590 τὸ
436 4542 615 4605 μαθηματικόν,
633 4543 655 4592 el
671 4561 706 4593 ru
722 4542 882 4606 Ιξενοστιώο
898 4543 964 4606 αὐτῷ
982 4541 1145 4608 προσέρχοιτο
1156 4543 1260 4599 βοβοίον
1271 4543 1309 4594 ml
1320 4543 1409 4606 apert·

254 4637 345 4670 ιιστον
360 4619 410 4671 reis
423 4620 637 4683 perexnpoplmr
652 4623 698 4682 mlv
715 4621 806 4684 elopem
821 4619 954 4685 παράσχοι.
1002 4621 1045 4672 lle
1062 4623 1187 4671 indicates
1203 4624 1258 4673 also
1275 4624 1319 4674 the
1336 4625 1410 4674 value

256 4701 288 4749 ol
300 4700 491 4750 mthemntical
502 4701 582 4764 study
594 4699 621 4749 in
633 4699 763 4763 elevating
773 4701 824 4749 and
835 4699 1028 4762 consolidating
1039 4700 1180 4778 character.

800 4793 865 4846 112
