3575 5375
695 652 985 713 crocnnprrrn.
1352 667 1414 730 329

262 817 391 896 Arnon,
400 839 498 902 super
507 816 601 900 cujus
613 817 719 901 ripam
730 815 1051 900 situaturoppidum,
1060 816 1150 899 quod
1160 823 1298 880 vocatur
1306 813 1414 878 Aroer

262 943 366 1006 prope
381 922 511 986 Arnon.
558 921 652 986 Haec
672 930 788 1004 patent
808 942 853 984 ex
873 920 957 985 libro
973 920 1139 985 Locorum
1157 918 1363 1000 Hieronymi,
1379 927 1413 982 et

262 1047 306 1089 ex
327 1034 424 1091 textu
444 1027 477 1089 in
497 1026 582 1090 libro
598 1025 820 1090 Numerorum
843 1025 906 1088 xxi
927 1035 960 1089 et
974 1023 1256 1088 Deuteronomiae
1278 1023 1301 1084 ii
1323 1032 1358 1086 et
1378 1022 1412 1085 iii

262 1141 296 1195 et
310 1131 412 1212 Josue
427 1130 486 1194 xiii
502 1140 536 1194 et
550 1128 708 1211 Judicum
723 1130 759 1193 xi
775 1141 809 1193 et
824 1128 939 1194 multis
953 1129 1027 1192 aliis
1041 1127 1122 1191 locis
1138 1125 1336 1210 Scripturae.

306 1234 411 1298 Terra
426 1233 525 1316 igitur
541 1233 646 1298 Moab
661 1234 811 1298 ascendit
832 1234 876 1297 ab
891 1233 1011 1297 Arnon
1031 1232 1065 1294 in
1086 1232 1292 1295 occidentem
1308 1250 1412 1312 usque
1425 1232 1530 1289 Midian.

262 1339 304 1402 ad
322 1337 433 1402 Edom
449 1349 483 1402 et
498 1358 602 1420 usque
617 1340 660 1402 ad
677 1358 767 1402 mare
787 1346 963 1414 mortuum,
978 1346 1012 1400 et
1030 1335 1088 1400 ubi
1109 1335 1240 1400 suerunt
1261 1334 1412 1398 civitates
1424 1301 1545 1416 3,Ἢο“’

261 1443 461 1517 submersae,
481 1453 515 1505 et
537 1462 642 1525 usque
663 1443 705 1506 ad
726 1441 906 1524 Jordanem
927 1451 1042 1504 contra
1056 1439 1197 1521 Jericho,
1212 1439 1298 1503 sicut
1318 1448 1412 1521 patet

262 1566 305 1609 ex
322 1546 403 1610 locis
421 1546 599 1629 praedictis
616 1541 804 1628 Scripturae
824 1554 858 1608 et
875 1544 1081 1626 Hieronymi.
1127 1543 1173 1608 Et
1191 1542 1276 1607 insra
1290 1553 1412 1607 terram

263 1650 366 1715 Moab
382 1671 484 1734 prope
499 1651 674 1714 Amonem
690 1660 724 1714 et
740 1649 927 1733 Ariopolim
944 1660 995 1714 est
1010 1649 1147 1713 Madian
1167 1650 1282 1713 civitas
1296 1648 1413 1729 Jetbro

261 1755 366 1818 soceri
397 1754 521 1839 Moysi,
546 1755 631 1820 sicut
660 1755 739 1818 dicit
770 1754 999 1837 Hieronymus
1028 1754 1114 1818 libro
1144 1753 1321 1818 Locorum.
1365 1753 1413 1817 Et

261 1877 394 1923 necesse
425 1868 475 1923 est
505 1868 543 1922 ut
568 1859 613 1922 ibi
643 1858 710 1923 sint
742 1857 958 1923 Madianitae.
1005 1859 1094 1922 Nam
1118 1867 1156 1921 ut
1180 1867 1274 1940 patet
1299 1856 1412 1921 Exodi

260 1964 334 2025 xxii
353 1972 387 2026 et
410 1963 632 2027 Numeronrm
647 1961 732 2025 xxiii
755 1970 790 2025 et
811 1962 897 2025 xxiv
917 1973 953 2028 et
975 1982 1058 2039 xxv,
1074 1961 1175 2024 Baiae
1198 1982 1259 2024 rex
1280 1961 1412 2025 Moabi-

261 2076 370 2130 tarum
394 2067 526 2131 vocavit
553 2065 690 2129 Balaam
715 2065 880 2129 hariolum
906 2076 943 2129 ut
967 2065 1179 2129 malediceret
1205 2064 1329 2142 Israeli,
1353 2065 1411 2146 qui

260 2172 355 2235 dedit
376 2172 423 2234 eis
450 2169 621 2234 consilium
648 2180 686 2232 ut
711 2168 867 2232 offerrent
893 2170 942 2233 eis
968 2167 1052 2232 filias
1083 2169 1353 2247 Madianitarum,
1375 2179 1411 2234 et

261 2271 934 2359 peccaveruntcumeisetintersectisunt
947 2273 1041 2336 multi
1052 2273 1238 2337 chsraele.
1270 2272 1410 2357 Insuper

263 2379 467 2443 Madianitae
489 2377 648 2442 destructi
672 2387 749 2440 sunt
772 2386 806 2440 et
827 2376 928 2441 deleti
954 2385 1073 2459 postea
1095 2397 1155 2460 per
1184 2374 1271 2441 filios
1298 2376 1410 2442 Israel.

262 2481 318 2544 Ex
348 2480 452 2545 altera
482 2491 577 2564 parte
605 2480 762 2544 torrentis
791 2479 912 2545 Arnon
941 2480 1122 2563 incipiebat
1151 2488 1237 2544 terra
1266 2478 1408 2544 liliorum

260 2586 410 2650 Ammon
438 2605 551 2649 versus
583 2585 843 2668 septentrionem
874 2595 909 2649 et
938 2585 1100 2649 orientem
1129 2584 1268 2648 tendens
1296 2603 1410 2649 versus

261 2690 476 2772 Euphratem,
501 2698 535 2753 et
560 2688 603 2753 ad
634 2688 842 2754 occidentem
874 2691 1001 2755 accedit
1032 2689 1104 2771 ejus
1132 2688 1271 2773 angulus
1296 2708 1410 2755 versus

259 2794 437 2876 Jordanem
458 2814 561 2877 usque
582 2795 627 2859 ad
641 2794 764 2857 vadum
779 2813 837 2857 seu
853 2804 1033 2859 torrentem
1052 2792 1168 2875 Jaboc,
1183 2814 1282 2876 quem
1302 2803 1410 2858 trans-

260 2898 319 2961 ivit
338 2898 444 2981 Jacob
465 2898 600 2980 quando
618 2897 709 2962 venit
731 2899 774 2963 de
797 2897 1045 2981 Mesopotamia
1067 2896 1193 2981 Syriae,
1215 2908 1293 2980 post
1315 2896 1410 2980 cujus

258 3003 435 3067 transitum
466 3000 653 3066 luctabatur
682 3001 820 3083 angelus
850 3022 926 3065 cum
957 3023 998 3067 eo
1028 3002 1115 3067 sicut
1145 3002 1243 3064 xxxii
1270 3000 1411 3067 Genesis

259 3107 425 3172 recitatur.
481 3106 528 3171 Et
554 3109 644 3188 quod
670 3106 824 3170 adhunc
850 3115 1030 3172 torrentem
1052 3106 1159 3187 Jaboc
1182 3106 1226 3169 sit
1250 3106 1410 3169 terminus

259 3208 400 3275 filiorum
424 3208 574 3273 Ammon
597 3219 690 3293 patet
712 3230 771 3293 per
787 3209 1082 3274 Deuteronomiam
1105 3208 1138 3271 iii
1160 3206 1317 3290 capitulo.
1364 3208 1411 3275 Et

259 3313 313 3379 hic
343 3326 394 3378 est
423 3316 583 3380 terminus
614 3314 763 3377 Ammon
794 3324 828 3378 et
853 3313 944 3379 Seon
974 3313 1060 3396 regis
1084 3311 1345 3376 Amorraeorum
1375 3322 1410 3377 et

188 3471 194 3484 .
260 3417 317 3503 og
340 3420 426 3501 regis
449 3418 567 3498 Basan,
589 3418 675 3483 sicut
698 3427 793 3502 patet
815 3439 859 3482 ex
879 3418 1037 3499 Judicum
1059 3415 1106 3480 xi.
1150 3415 1240 3478 Nam
1262 3436 1283 3479 a
1304 3414 1410 3496 Jaboc

259 3522 437 3605 incipiebat
455 3532 543 3586 terra
565 3521 664 3602 Seon,
681 3532 718 3586 ut
741 3522 787 3586 ibi
809 3521 968 3602 habetur;
995 3533 1028 3585 et
1051 3521 1107 3585 ubi
1129 3519 1322 3583 terminatur
1337 3518 1409 3602 ejus

259 3636 353 3705 terra,
369 3626 486 3709 incipit
508 3637 595 3690 terra
615 3626 672 3709 Og
693 3628 779 3711 regis
800 3625 918 3704 Basan,
934 3637 967 3692 et
988 3625 1161 3689 descendit
1180 3624 1282 3689 etiam
1304 3642 1410 3705 usque

259 3750 364 3814 prope
378 3740 557 3794 torrentem
571 3730 691 3795 Arnon
707 3750 811 3813 usque
825 3731 868 3794 ad
884 3728 1026 3794 confinia
1042 3729 1176 3794 Esebon
1193 3728 1307 3793 urbem
1325 3728 1411 3811 regis

259 3833 348 3900 Seon
363 3834 633 3900 Amorraeorum.
681 3835 726 3899 Et
752 3836 829 3898 ideo
854 3842 940 3899 terra
962 3855 1049 3917 quae
1075 3832 1138 3899 luit
1162 3833 1296 3916 propria
1320 3831 1410 3897 Seon

258 3949 309 4004 est
331 3938 456 4002 inclusa
478 3959 500 4002 a
522 3938 658 4003 meridie
681 3939 841 4003 Moabitis
863 3947 897 4002 et
922 3940 967 4003 ab
989 3938 1115 4003 oriente
1136 3936 1354 4010 Ammonitis,
1375 3945 1410 4001 et

258 4044 301 4108 ab
316 4042 488 4107 occidente
502 4042 604 4107 habet
618 4042 799 4125 Jordanem
818 4040 964 4120 fluvium,
979 4053 1013 4107 et
1027 4062 1048 4105 a
1062 4041 1287 4124 septentrione
1306 4041 1409 4105 habet

256 4160 378 4213 terram
394 4147 450 4231 Og
466 4148 552 4231 regis
562 4147 682 4212 Basan.
730 4145 797 4212 Sed
813 4145 876 4211 iste
888 4145 976 4210 Seon
989 4145 1158 4228 potentior
1173 4144 1279 4211 lactus
1292 4145 1410 4227 irrupit

258 4252 291 4316 in
308 4254 459 4335 regiones
476 4251 581 4317 Moab
597 4262 631 4315 et
646 4250 808 4328 Ammon,
824 4260 858 4314 et
872 4248 1011 4314 abstulit
1026 4260 1130 4315 terras
1148 4268 1272 4313 eorum
1317 4248 1409 4312 Nam

257 4357 349 4438 quod
373 4355 511 4421 abstulit
534 4366 656 4420 terram
679 4354 821 4419 filiorum
844 4353 996 4418 Ammon
1018 4354 1160 4419 habetur
1181 4352 1336 4434 Judicum
1358 4352 1408 4415 xi.

258 4459 304 4524 Et
334 4462 425 4544 quod
457 4461 671 4525 medietatem
705 4470 812 4525 terrae
844 4478 924 4523 suae
957 4459 1140 4524 amiserunt
1169 4456 1227 4520 filii
1256 4457 1409 4522 Ammon

256 4564 398 4628 habetur
418 4563 520 4646 Josue
542 4565 613 4627 xiii.
660 4563 765 4629 Moab
785 4562 886 4628 etiam
910 4563 1053 4627 multum
1074 4562 1187 4628 amisit
1208 4561 1293 4627 sicut
1315 4572 1408 4646 patet

257 4688 301 4735 ex
323 4667 385 4732 xxi
405 4666 637 4734 Numerorum.
