3575 5375
365 630 404 672 10
601 614 756 673 OPERIS
780 613 969 684 MAJORIS
993 613 1108 672 PARS
1132 611 1279 671 PRIMA.

362 786 480 870 vulgus
502 788 597 852 divisi
620 797 707 863 sunt,
730 796 764 850 et
786 806 908 850 arcana
930 786 1112 868 sapientiae
1135 776 1201 849 non
1224 784 1286 849 toti
1311 782 1437 847 mundo
1455 780 1514 845 sed

363 890 452 973 plebi
498 890 803 975 philosophantium
857 888 1090 953 revelaverunt.
1137 888 1305 972 Quoniam
1350 887 1514 969 sapientes

365 994 482 1059 Graeci
512 997 679 1061 nocturnis
713 995 833 1079 vigiliis
873 995 1066 1077 congregati
1102 994 1267 1057 vacabant
1304 992 1376 1055 sine
1412 990 1514 1074 vulgo

363 1098 595 1164 collationibus
609 1100 801 1183 sapientiae,
819 1100 862 1162 de
876 1100 999 1181 quibus
1019 1098 1065 1161 A.
1089 1097 1215 1162 Gellius
1238 1096 1351 1161 scribit
1370 1095 1404 1157 in
1429 1092 1514 1158 libro

363 1202 522 1268 Noctium
539 1204 740 1282 Atticarum,
758 1204 778 1265 i.
789 1224 818 1268 e.
833 1202 1046 1267 collationum
1062 1202 1245 1286 sapientiae
1260 1198 1515 1275 nocturnalium,

362 1326 445 1389 quas
461 1310 627 1391 sapientes
641 1309 759 1387 Attici,
779 1309 800 1371 i.
813 1329 841 1373 e.
859 1308 1085 1372 Athenienses
1108 1306 1319 1371 celebrabant
1343 1314 1381 1367 ut
1404 1303 1516 1365 multi-

362 1414 528 1477 tudinem·
545 1415 692 1477 vitarent.
739 1414 778 1477 ln
809 1432 876 1495 quo
907 1412 1009 1476 etiam
1040 1412 1121 1476 dicit
1151 1410 1310 1475 ‘stultum
1341 1418 1392 1472 est
1421 1410 1515 1472 asino

363 1519 521 1600 praebere
536 1518 691 1595 lactucas
706 1538 781 1583 cum
803 1516 833 1579 ei
849 1516 1014 1580 sufficiant
1034 1514 1165 1595 cardui‚'
1182 1513 1325 1597 loquens
1344 1515 1386 1576 de
1401 1512 1514 1593 vulgo,

363 1621 415 1685 cui
432 1622 526 1685 rudia
541 1634 575 1685 et
590 1622 669 1684 vilia
685 1631 718 1685 et
739 1621 933 1703 imperfecta
951 1621 1136 1702 sapientiae
1158 1617 1328 1683 sufficiurit
1343 1600 1514 1680 alimenta.

365 1726 437 1791 Nec
467 1715 600 1809 oportet
631 1727 826 1808 margaritas
855 1725 967 1807 spargi
997 1726 1083 1788 inter
1112 1742 1251 1807 porc0s;
1295 1742 1374 1785 nam
1405 1741 1514 1783 rerum

364 1831 572 1915 majestatem
593 1831 719 1909 minuit,
738 1831 795 1913 qui
818 1830 932 1911 vulgat
955 1829 1114 1911 mystica:
1137 1848 1197 1891 nec
1220 1836 1355 1890 manent
1377 1834 1514 1897 secreta,

362 1956 502 2017 quorum
519 1936 616 1999 turba
630 1946 681 1998 est
695 1936 838 2014 conscia,
853 1936 938 1998 sicut
953 1936 986 1997 in
1008 1935 1090 1998 libro
1110 1931 1325 1996 Gemmarum
1346 1930 1514 1993 edocetur.

362 2040 479 2122 Atque
490 2038 690 2132 Aristoteles
706 2039 739 2101 in
754 2038 838 2102 libro
850 2049 1050 2103 secretorum
1062 2034 1073 2073 ¹
1086 2036 1178 2114 dicit,
1192 2040 1246 2099 ‘se
1257 2035 1326 2098 lore
1339 2033 1512 2097 fractorem

362 2144 459 2226 sigilli
474 2143 635 2216 coelestis,
656 2143 684 2206 si
707 2153 835 2207 secreta
859 2152 996 2205 naturae
1015 2138 1183 2223 vulgaret!
1230 2139 1276 2202 Et
1299 2146 1435 2223 propter
1448 2136 1513 2200 hoc

362 2250 527 2332 sapientes
543 2247 621 2312 licet
636 2249 754 2311 darem
770 2246 949 2329 inscriptis
969 2246 1095 2309 radices
1113 2264 1308 2309 arcanorum
1324 2242 1514 2326 sapientiae,
1622 2266 1630 2279 ·

362 2362 475 2416 tamen
491 2372 600 2416 ramos
617 2361 650 2415 et
669 2350 794 2416 lructus
810 2351 914 2435 vulgo
935 2349 1238 2433 philosophantium
1259 2369 1325 2412 non
1341 2348 1512 2411 dederunt.

363 2457 451 2521 Nam
474 2457 528 2520 vel
549 2457 730 2520 omiserunt
753 2456 904 2531 scribere,
920 2454 972 2518 vel
995 2474 1054 2538 per
1075 2472 1242 2518 sermones
1264 2450 1457 2536 figurativos
1479 2460 1512 2515 et

363 2561 476 2626 multis
506 2561 625 2638 modis,
654 2562 698 2623 de
730 2560 851 2643 quibus
880 2580 948 2622 non
983 2568 1035 2623 est
1063 2559 1106 2621 ad
1137 2577 1291 2640 praesens
1320 2557 1513 2633 dicendum,

362 2663 620 2730 occultaverunt.
666 2663 836 2746 Quoniam
873 2663 1057 2727 secundum
1094 2663 1291 2726 sententiam
1323 2658 1515 2725 Aristotelis

363 2769 449 2834 libro
470 2779 671 2833 secretorum
688 2780 722 2831 et
746 2767 893 2832 Socratis
910 2769 1059 2851 magistri
1081 2769 1142 2844 sui,
1158 2777 1285 2831 secreta
1300 2767 1510 2830 scientiarum

363 2895 428 2938 non
444 2874 617 2937 scribimus
633 2874 666 2936 in
682 2872 825 2955 pellibus
840 2892 1013 2955 caprarum
1030 2884 1064 2937 et
1076 2872 1198 2950 ovium,
1209 2872 1256 2934 ita
1272 2871 1360 2954 quod
1377 2891 1397 2933 a
1413 2870 1514 2952 vulgo
1603 2936 1610 2948 ,

362 2977 496 3041 valeant
534 2977 662 3060 aperiri.
722 2975 965 3059 sapientissimi
998 2977 1087 3039 enim
1124 2986 1159 3039 et
1195 2976 1343 3058 maxime
1384 2975 1514 3056 experti

363 3082 556 3146 multotiens
578 3081 762 3144 maximam
792 3079 1021 3145 difficultatem
1047 3081 1080 3143 in
1112 3079 1202 3144 libris
1233 3078 1399 3163 reperiunt
1429 3078 1513 3141 anti-

362 3208 514 3272 quorum.
560 3185 607 3250 Et
623 3207 698 3250 cum
714 3184 932 3269 philosophus
946 3185 1077 3249 dividat
1092 3182 1264 3267 probabile
1280 3183 1388 3266 primo
1406 3177 1515 3245 libro²

361 3293 575 3377 Topicorum,
589 3302 721 3375 separat
732 3290 850 3375 vulgus
865 3290 1123 3372 asapientibus:
1148 3287 1236 3351 Nam
1248 3288 1329 3351 dicit
1342 3285 1515 3369 probabile

325 3410 329 3417 '
361 3419 434 3461 esse
449 3399 540 3480 quod
555 3397 696 3473 videtur,
710 3395 764 3459 vel
780 3394 937 3478 pluribus,
954 3394 1007 3457 vel
1028 3392 1233 3475 sapientibus
1247 3414 1254 3469 ;
1276 3393 1339 3455 sub
1360 3391 1514 3454 omnibus

361 3502 450 3566 enim
468 3500 795 3583 comprehenduntur
808 3498 927 3581 vulgus
947 3509 981 3562 et
1002 3498 1168 3580 sapientes
1191 3495 1419 3572 communiter,
1434 3514 1524 3576 ergo·

361 3627 421 3690 per
442 3605 554 3688 plures
576 3604 695 3687 vulgus
717 3603 930 3686 designatum
960 3603 1039 3685 quia
1061 3603 1104 3665 de
1130 3600 1297 3666 consortio
1327 3599 1514 3682 sapientum

360 3731 427 3774 non
443 3719 493 3772 est
510 3709 618 3790 ipsum
629 3707 749 3790 vulgus
758 3708 973 3770 insensatum.
1020 3706 1064 3770 Et
1080 3706 1144 3769 hoc
1154 3704 1315 3770 acciditei
1329 3723 1395 3767 non
1406 3702 1512 3766 solum

361 3821 498 3897 propter
518 3812 567 3875 sui
592 3813 761 3894 propriam
783 3809 970 3886 stultitiam,
992 3810 1051 3874 sed
1075 3810 1154 3892 quia
1177 3809 1210 3872 in
1233 3807 1382 3890 pluribus
1412 3816 1515 3888 caput

394 3965 403 3994 ¹
419 3965 483 4014 'lhis
494 3963 569 4012 work
580 3979 635 4012 was
646 3964 759 4027 perhaps
771 3964 815 4012 the
827 3971 895 4011 most
905 3962 1002 4025 widely
1014 3963 1123 4012 diffused
1135 3962 1165 4011 ol
1171 3962 1216 4010 the
1227 3959 1387 4023 apocrypha}
1398 3959 1516 4020 writings

362 4051 465 4094 current
476 4044 503 4092 in
515 4043 560 4091 the
573 4043 667 4091 middle
678 4059 742 4105 ages
753 4058 788 4092 on
799 4042 926 4092 Aristotle
938 4043 989 4090 and
1002 4041 1158 4090 Alexander.
1197 4040 1220 4088 lt
1230 4055 1285 4088 was
1297 4038 1438 4088 translated
1450 4036 1515 4086 from

362 4126 407 4174 the
424 4123 522 4171 Arabic
539 4123 574 4183 by
591 4137 606 4170 a
624 4122 722 4170 certain
740 4121 833 4184 Philip,
851 4122 914 4169 who
937 4121 1071 4170 dedicates
1092 4120 1137 4169 the
1157 4118 1310 4168 translation
1333 4123 1359 4165 to
1380 4117 1466 4166 Guido
1490 4116 1520 4165 ol

359 4203 485 4261 Valence,
496 4201 653 4263 archbishop
664 4201 695 4249 ol
703 4201 808 4263 Tripoli,
822 4200 886 4248 with
899 4199 943 4248 the
956 4199 1057 4247 remark
1068 4199 1123 4247 that
1135 4199 1179 4246 the
1191 4197 1295 4245 trectise
1307 4211 1362 4244 was
1373 4197 1515 4245 addressed

359 4283 396 4343 by
406 4279 531 4328 Aristotle
547 4286 574 4327 to
591 4278 748 4340 Alexander,
760 4281 822 4329 who
833 4279 935 4329 wished
951 4278 995 4327 the
1014 4277 1183 4341 philosopher
1199 4282 1227 4324 to
1243 4290 1402 4337 accompauy
1412 4274 1464 4324 him
1481 4291 1515 4324 on

360 4362 402 4409 his
415 4359 525 4407 Eastem
536 4358 691 4420 expedition.
729 4359 752 4408 lt
759 4360 782 4408 is
791 4359 940 4409 sometimes
948 4357 1048 4420 spoken
1058 4357 1088 4404 os
1096 4370 1125 4404 as
1134 4355 1194 4402 liber
1202 4353 1515 4417 eugenianorum,

360 4440 416 4489 also
435 4453 464 4486 as
481 4438 543 4485 liber
559 4435 639 4486 decem
661 4438 828 4487 suranorum
872 4439 960 4486 Bacon
984 4436 1065 4484 refers
1088 4443 1115 4482 to
1137 4434 1157 4482 it
1180 4432 1335 4495 frequently,
1358 4420 1409 4482 and
1431 4440 1517 4482 wrote

360 4535 376 4567 a
394 4518 500 4579 copious
517 4523 693 4578 commentary
709 4532 743 4565 on
760 4517 789 4580 it,
806 4517 892 4567 which
909 4517 931 4565 is
948 4514 1086 4578 preserved
1103 4527 1198 4573 among
1215 4511 1260 4559 the
1276 4510 1383 4586 Tanrrer
1399 4511 1474 4561 MSS.
1490 4513 1516 4559 in

359 4597 404 4645 the
418 4595 541 4644 Bodleian
553 4595 632 4655 (116).

393 4677 403 4702 ²
424 4674 482 4737 Top.
496 4675 538 4722 lib.
552 4675 567 4721 i.
582 4687 636 4734 cap.
650 4689 673 4736 a,
690 4679 700 4732 ξ
715 4689 737 4734 ¹1.
