3575 5375
348 630 699 691 MATHEMATICAE
723 631 775 688 IN
797 630 1002 691 PHYSICIS
1030 631 1236 691 UTILITAS.
1340 646 1396 708 141

244 793 333 859 calor
344 796 502 860 naturalis
514 795 547 857 in
560 793 721 877 principio
731 804 808 876 post
818 794 930 858 cibum
942 804 977 858 et
986 805 1103 877 potum
1114 794 1249 859 resolvit
1258 814 1399 877 vapores

244 899 373 963 fortiter
402 909 437 963 et
467 897 546 962 facit
569 918 733 961 somnum.
788 897 856 962 Sed
881 901 1018 980 quando
1045 899 1183 963 invaluit
1212 901 1268 962 diu
1299 917 1399 979 super

245 1003 357 1066 cibum
372 1003 537 1067 consumit
553 1024 619 1076 eos
634 1013 667 1066 et
682 1003 784 1066 homo
804 1002 951 1085 evigilat.
995 1003 1085 1066 Nam
1100 1023 1240 1085 vapores
1259 1003 1397 1067 resoluti

246 1107 421 1170 obstruunt
443 1107 515 1170 vias
541 1107 716 1188 spirituum
748 1117 783 1170 et
808 1106 956 1169 calorum
982 1107 1186 1170 venientium
1212 1109 1257 1170 ad
1284 1128 1400 1172 sensus

246 1232 267 1275 a
278 1211 377 1274 corde
389 1219 423 1274 et
435 1212 553 1293 capite,
564 1224 597 1275 et
610 1212 687 1275 ideo
701 1220 833 1292 oportet
849 1221 885 1274 ut
901 1212 1070 1293 quiescant
1085 1231 1211 1290 sensus,
1220 1221 1255 1274 et
1269 1211 1333 1275 hoc
1348 1222 1401 1275 est

246 1316 400 1380 dormire.
447 1315 492 1379 Et
512 1316 559 1379 sic
580 1317 622 1380 de
643 1315 734 1378 omni
751 1315 872 1378 virtute
894 1325 1023 1398 agente,
1038 1315 1132 1396 cujus
1154 1325 1205 1378 est
1229 1316 1399 1399 proprium

248 1419 410 1483 resolvere
432 1429 466 1483 et
489 1439 690 1483 consumere.
738 1419 849 1483 Primo
873 1419 1007 1483 resolvit
1030 1419 1111 1482 dum
1139 1420 1259 1484 debilis
1285 1432 1345 1497 est,
1367 1429 1401 1482 et

249 1534 367 1606 postea
381 1522 556 1588 fortificata
571 1525 745 1587 consumit.

293 1627 340 1692 Et
369 1628 451 1692 dicit
474 1628 679 1692 Albumazar
708 1637 743 1691 et
770 1627 824 1691 alii
856 1629 1067 1707 concordant,
1096 1629 1188 1711 quod
1217 1627 1296 1691 luna
1324 1627 1539 1708 facitnxplana-

249 1732 403 1797 effectum
419 1733 622 1797 consimilem
642 1733 676 1796 in
693 1733 819 1814 quartis
835 1733 1008 1816 oppositis.
1054 1733 1144 1796 Nam
1163 1735 1243 1796 dum
1258 1731 1336 1795 luna
1351 1743 1402 1795 est
1414 1711 1547 1825 ggffide

249 1837 284 1899 in
299 1848 419 1919 quarta
434 1837 520 1900 inter
534 1837 643 1901 oriens
658 1849 692 1900 et
707 1837 878 1900 meridiem
894 1836 932 1900 fit
943 1837 1055 1901 fluxus
1070 1837 1103 1900 in
1118 1837 1175 1900 illa
1189 1848 1308 1920 quarta
1322 1847 1356 1900 et
1367 1836 1402 1900 in
1414 1842 1486 1920 ylen
1493 1857 1570 1891 moon

251 1952 369 2024 quarta
383 1943 546 2025 opposita,
562 1962 649 2022 quae
663 1952 714 2005 est
728 1941 814 2006 inter
833 1941 987 2006 occidens
1004 1951 1039 2005 et
1059 1942 1216 2025 angulum
1236 1953 1352 2021 terrae,
1368 1950 1402 2006 et
1415 1923 1531 2039 :rspiiosire

251 2047 332 2110 dum
354 2046 489 2110 resolvit
508 2047 643 2127 quando
663 2055 714 2109 est
733 2047 766 2107 in
786 2056 905 2126 quarta
920 2046 1007 2110 inter
1021 2045 1178 2128 angulum
1200 2046 1302 2109 medii
1318 2047 1402 2110 coeli
1414 2048 1518 2106 quarter.

251 2159 285 2215 et
301 2150 458 2233 angulum
475 2149 665 2214 occidentis
710 2148 871 2214 Similiter
885 2150 994 2214 refluit
1009 2160 1088 2214 tunc
1111 2171 1202 2215 mare
1221 2151 1265 2214 ab
1280 2151 1402 2233 angulo

251 2263 358 2319 terrae
384 2275 488 2336 usque
514 2255 557 2318 ad
582 2254 742 2337 angulum
772 2254 916 2318 orientis.
972 2253 1041 2319 Sed
1069 2275 1134 2317 non
1161 2256 1244 2318 dant
1270 2273 1402 2319 causam

252 2358 350 2441 hujus
381 2358 445 2433 rei3
482 2359 590 2422 solum
620 2359 769 2423 dicentes
800 2359 889 2440 quod
922 2360 1000 2422 luna
1029 2359 1183 2423 effectum
1214 2360 1248 2422 in
1277 2359 1403 2440 quartis

253 2463 416 2546 oppositis
437 2462 538 2527 habet
561 2463 779 2527 consimilem.
825 2461 893 2527 Sed
917 2464 1087 2544 quomodo
1112 2463 1303 2545 operabitur
1326 2463 1404 2526 luna

255 2567 309 2630 ubi
340 2588 407 2630 non
434 2573 507 2632 est?
539 2578 573 2630 et
598 2577 739 2646 constat,
759 2588 818 2649 per
842 2567 989 2632 medium
1016 2576 1123 2632 terrae
1148 2588 1214 2631 non
1234 2577 1414 2666 transeunt,

253 2670 325 2753 ejus
351 2671 445 2736 radii.
491 2670 548 2735 Ad
575 2672 639 2735 hoc
664 2683 775 2735 autem
804 2671 899 2753 juvat
923 2692 984 2736 nos
1009 2671 1245 2755 multiplicatio
1272 2671 1406 2735 reflexa

254 2778 344 2839 Nam
356 2776 573 2859 proculdubio
588 2777 718 2841 coelum
733 2776 903 2841 stellatum
918 2786 977 2841 aut
988 2796 1112 2840 nonum
1128 2787 1178 2841 est
1193 2779 1333 2841 densum
1347 2797 1408 2860 per

254 2890 373 2960 totum,
400 2901 476 2945 narn
501 2883 589 2945 visus
616 2892 729 2945 noster
758 2892 826 2947 stat
852 2882 895 2945 ad
921 2881 1062 2945 alterum
1088 2881 1229 2958 illorum,
1255 2884 1313 2946 sed
1337 2901 1407 2944 non

255 2986 450 3049 terminatur
471 2986 560 3050 visus
582 2986 642 3049 nisi
663 3007 722 3068 per
739 2988 888 3064 densum,
904 2987 946 3049 ad
968 3006 1108 3068 quorum
1129 2986 1271 3049 alterum
1295 2986 1406 3049 multi-

256 3090 368 3173 plicati
396 3090 478 3154 radii
506 3091 603 3154 lunae
628 3092 809 3154 existentes
834 3092 867 3154 in
893 3101 1013 3173 quarta
1039 3111 1105 3154 una
1129 3089 1341 3155 reflectuntur
1361 3092 1407 3153 ad

255 3206 408 3276 quartam
431 3198 630 3278 oppositam,
646 3208 679 3260 et
701 3194 750 3258 sic
767 3196 871 3258 virtus
888 3194 987 3258 lunae
1009 3205 1060 3258 est
1081 3194 1208 3258 directa
1230 3195 1264 3257 in
1286 3205 1409 3275 quarta

255 3320 330 3378 una,
348 3310 382 3362 et
404 3299 477 3381 ejus
500 3298 637 3362 reflexio
664 3299 697 3362 in
722 3299 838 3363 eodem
866 3308 1017 3379 tempore
1043 3298 1078 3360 in
1101 3309 1220 3381 quarta
1241 3297 1407 3380 opposita.

256 3401 344 3467 Solis
366 3414 478 3467 autem
494 3403 598 3467 virtus
619 3414 671 3467 est
695 3403 793 3467 nimis
820 3411 947 3485 potens,
964 3413 998 3466 et
1022 3402 1100 3466 ideo
1123 3403 1167 3465 ad
1192 3421 1408 3484 quoscunque

256 3507 396 3588 angulos
423 3508 521 3571 cadat
543 3516 654 3590 potest
676 3527 871 3572 consumere
893 3527 1033 3588 vapores
1055 3507 1133 3584 cito,
1155 3527 1239 3588 quos
1261 3505 1407 3568 resolvit.

255 3612 411 3676 Aliarum
426 3632 504 3675 vero
519 3611 688 3675 stellarum
703 3614 807 3675 virtus
827 3621 879 3676 est
897 3609 1019 3675 debilis
1040 3621 1174 3693 propter
1188 3630 1302 3673 earum
1316 3608 1408 3672 elon·

256 3716 427 3800 gationem
442 3736 463 3779 a
477 3726 573 3789 terra,
589 3716 741 3799 quamvis
757 3716 864 3779 multo
885 3716 951 3780 sint
974 3715 1115 3797 majores
1133 3734 1235 3797 quarn
1258 3713 1337 3778 luna
1355 3714 1408 3792 sit,

256 3831 290 3884 et
319 3831 456 3904 propter
482 3820 689 3884 debilitatem
714 3841 781 3884 non
808 3820 935 3885 faciunt
957 3819 1149 3903 hujusmodi
1172 3819 1408 3901 operationem,

257 3922 408 4007 quamvis
436 3924 480 3988 ad
504 3926 643 4007 angulos
673 3926 821 3989 diversos
845 3927 966 3990 cadant
991 3944 1104 3989 earum
1129 3924 1213 3988 radii
1240 3934 1278 3988 ut
1302 3923 1409 3986 lunae.

260 4028 331 4093 Nec
348 4038 458 4093 tamen
475 4028 528 4093 hic
543 4029 701 4111 intelligo,
716 4030 807 4110 quod
823 4031 866 4093 sit
881 4029 1032 4094 ebullitio
1050 4050 1126 4094 cum
1150 4027 1277 4092 fervore
1294 4027 1411 4092 caloris

258 4144 295 4197 ut
322 4134 355 4197 in
381 4132 508 4216 liquore
531 4152 631 4215 super
657 4134 780 4216 ignem,
806 4135 864 4198 sed
892 4134 1076 4198 similitudo
1105 4144 1157 4197 est
1181 4144 1343 4215 quantum
1366 4132 1410 4194 ad

259 4237 494 4302 resolutionem
511 4257 672 4321 vaporum
688 4256 789 4319 quam
812 4236 889 4301 facit
904 4239 1010 4302 virtus
1024 4239 1132 4316 lunae,
1147 4247 1205 4300 aut
1220 4257 1280 4320 per
1300 4236 1411 4299 radios

259 4341 349 4420 lucis,
378 4354 438 4406 aut
467 4362 527 4423 per
559 4342 670 4406 radios
707 4361 788 4405 suae
824 4351 961 4405 naturae
997 4341 1233 4421 substantialis,
1263 4351 1322 4405 aut
1351 4359 1412 4422 per

259 4456 427 4527 utrosque.
472 4446 616 4528 Quando
632 4445 721 4509 enim
736 4446 779 4509 de
799 4457 897 4511 nocte
917 4467 977 4528 per
997 4446 1109 4510 radios
1129 4444 1308 4521 stellarum,
1323 4454 1357 4506 et
1377 4442 1412 4505 in

259 4569 357 4614 mane
379 4560 413 4613 et
434 4550 468 4613 in
485 4570 620 4632 vespere
641 4570 700 4633 per
719 4549 823 4614 solem
845 4550 883 4615 fit
905 4549 1060 4615 resolutio
1074 4569 1234 4632 vaporum
1257 4549 1301 4611 de
1323 4556 1413 4609 terra

260 4664 294 4717 et
309 4673 406 4737 aqua,
421 4674 488 4717 non
506 4665 643 4736 propter
660 4654 724 4719 hoc
746 4653 910 4720 ebulliunt
933 4674 1009 4718 cum
1031 4653 1167 4729 fervore,
1183 4661 1218 4717 et
1239 4662 1354 4715 tamen
1376 4650 1412 4713 in
