3575 5375
379 607 436 685 198
599 609 755 670 OPERIS
778 609 967 681 MAJORIS
991 609 1105 668 PARS
1129 607 1314 682 QUARTA.

376 774 445 851 viri,
470 773 526 856 qui
550 785 674 857 negant
704 774 878 840 Hebraeos
908 796 986 840 usos
1015 775 1113 839 fuisse
1142 774 1248 856 cyclo.
1293 772 1338 836 Et
1368 769 1528 851 colligunt

379 877 526 943 Hebraei
557 880 716 944 tredecim
752 880 864 962 cyclos
902 879 1034 944 lunares
1070 891 1105 944 et
1146 879 1269 944 faciunt
1306 876 1455 942 tabulam
1496 880 1530 934 et

378 1003 540 1047 canonem
570 984 613 1048 ad
644 983 727 1062 hoc3
758 985 816 1067 qui
846 985 1006 1049 tredecim
1036 984 1120 1067 cycli
1157 983 1331 1047 continent
1367 981 1532 1043 ducentos

376 1087 597 1169 quadraginta
618 1097 746 1170 septem
769 1109 882 1164 annos,
906 1089 985 1171 quia
1019 1088 1053 1153 in
1084 1098 1179 1152 tanto
1209 1097 1360 1169 tempore
1392 1083 1533 1147 redeunt

378 1210 494 1254 omnes
525 1191 772 1255 observationes
802 1191 961 1257 festorum
992 1190 1144 1276 legalium
1175 1191 1218 1256 ad
1252 1190 1341 1253 idem
1371 1184 1533 1268 temporis

379 1295 586 1379 principium.
647 1295 755 1360 Currit
793 1297 894 1380 igitur
930 1297 1140 1361 observantia
1178 1293 1294 1378 legalis
1330 1311 1432 1377 penes
1467 1289 1534 1351 hoc

380 1399 613 1481 multipliciter,
644 1420 773 1465 necnon
804 1401 871 1464 alia
902 1401 1108 1484 quamplura.
1155 1399 1244 1462 Nam
1275 1396 1470 1461 neomeniae
1499 1403 1535 1456 et

379 1503 548 1580 calendae,
579 1503 611 1567 in
641 1505 763 1587 quibus
792 1515 842 1569 est
875 1505 995 1568 festum
1026 1502 1272 1578 sacrificiorum,
1296 1513 1331 1565 et
1359 1498 1534 1583 epularum

380 1608 587 1686 solemnium,
599 1608 641 1673 de
656 1610 776 1692 quibus
791 1610 911 1674 dicitur
925 1610 1034 1692 primo
1049 1611 1182 1692 Regum
1198 1630 1249 1671 xx
1264 1605 1362 1671 ‘Cras
1377 1604 1537 1670 calendae

381 1720 486 1789 erunt,
516 1722 551 1775 et
580 1713 763 1795 requiretur
790 1714 893 1779 sessio
925 1711 1002 1789 tua,'
1033 1713 1175 1795 exigunt
1205 1722 1241 1775 ut
1271 1712 1413 1775 sciamus
1442 1705 1537 1788 quod

383 1817 505 1879 mensis
526 1815 648 1880 lunaris
663 1816 808 1899 vulgaris
828 1818 965 1900 incipiat
985 1817 1028 1881 ab
1048 1836 1166 1881 occasu
1187 1816 1276 1880 solis.
1323 1813 1391 1878 Sed
1407 1811 1537 1874 lunatio

381 1922 454 2003 ipsa
470 1939 535 1983 non
551 1919 653 1985 habet
669 1921 865 2003 principium
878 1921 1145 1986 determinatum.
1191 1919 1305 2002 Quare
1320 1921 1346 1982 si
1363 1916 1538 1996 contingat

382 2024 460 2087 luna
482 2023 589 2105 prima
611 2025 644 2086 in
668 2045 787 2089 occasu
809 2025 862 2089 vel
886 2036 966 2089 ante
988 2027 1020 2089 in
1043 2026 1155 2108 aliqua
1184 2025 1266 2089 hora
1288 2024 1354 2087 diei
1377 2019 1539 2084 naturalis

382 2128 611 2211 praecedentis
627 2130 873 2211 computabitur
889 2130 923 2192 in
939 2149 1076 2212 vespera
1093 2138 1253 2212 sequente
1270 2125 1485 2199 novilunium,
1502 2133 1538 2186 et

383 2232 556 2296 neomenia
582 2242 616 2297 et
646 2234 803 2298 calendae
833 2245 866 2299 et
897 2254 1002 2297 novus
1032 2235 1163 2307 mensis,
1185 2233 1265 2314 quia
1283 2232 1354 2314 jam
1381 2238 1432 2294 est
1459 2228 1540 2291 luna

382 2337 497 2418 prima
544 2336 580 2402 Si
603 2358 682 2402 vero
711 2348 788 2419 post
817 2358 972 2403 occasum
1001 2337 1082 2401 solis
1103 2338 1238 2413 venerit,
1261 2346 1298 2399 ut
1328 2335 1361 2398 in
1392 2332 1541 2397 secunda

382 2443 465 2506 hora
487 2441 553 2505 diei
575 2451 610 2505 et
631 2443 727 2516 ultra,
751 2462 818 2506 non
841 2443 969 2506 dicetur
994 2441 1049 2504 illa
1079 2443 1134 2506 die
1155 2440 1298 2504 naturali
1331 2437 1541 2502 novilunium

384 2565 444 2608 nec
467 2547 642 2609 neomenia
665 2566 725 2609 nec
752 2546 919 2624 calendae,
941 2554 1103 2627 quantum
1133 2545 1176 2610 ad
1208 2545 1338 2609 initium
1369 2541 1540 2606 calendae.

386 2647 670 2713 Considerandum
691 2659 803 2714 tamen
828 2652 917 2734 quod
940 2651 1062 2714 mensis
1086 2650 1211 2733 primus
1235 2648 1333 2713 durat
1351 2646 1395 2712 ab
1419 2664 1542 2711 occasu

385 2752 465 2817 solis
487 2753 613 2835 primae
636 2753 701 2815 diei
725 2774 829 2835 usque
850 2756 893 2819 ad
914 2775 1067 2819 occasum
1092 2754 1171 2817 solis
1194 2754 1382 2817 tricesimae
1404 2751 1484 2829 diei,
1507 2760 1543 2812 et

386 2866 500 2919 tamen
513 2853 655 2920 lunatio¹
667 2877 733 2920 non
745 2860 843 2922 durat
858 2860 919 2922 nisi
935 2881 955 2922 a
966 2860 1129 2943 principio
1142 2859 1249 2921 noctis
1265 2878 1371 2941 usque
1387 2856 1429 2919 ad
1442 2874 1544 2917 mane

386 2958 572 3023 tricesimae
594 2959 660 3023 diei
684 2970 845 3041 quantum
869 2964 912 3025 ad
931 2964 1002 3025 dies
1025 2963 1182 3044 integros,
1203 2962 1279 3026 licet
1302 2960 1434 3042 aliquae
1457 2958 1543 3021 irac-

388 3062 494 3126 tiones
520 3063 586 3126 sint
615 3062 710 3127 ultra.
755 3064 833 3128 Non
857 3066 958 3149 igitur
981 3066 1094 3147 incipit
1119 3067 1284 3129 secundus
1311 3064 1436 3128 mensis
1462 3072 1544 3126 ante

387 3184 543 3230 occasum
557 3166 635 3230 solis
651 3167 833 3231 tricesimae
848 3170 924 3244 diei,
939 3171 998 3233 sed
1015 3169 1139 3233 lunatio
1159 3169 1230 3251 ejus
1251 3168 1369 3249 incipit
1389 3168 1422 3230 in
1443 3185 1545 3229 mane

387 3270 571 3334 tricesimae
593 3270 669 3346 diei,
692 3281 725 3335 et
748 3272 823 3337 ideo
848 3273 935 3335 duae
960 3273 1117 3337 calendae
1143 3273 1370 3336 attribuuntur
1395 3269 1546 3334 secundo

389 3372 501 3447 mensi,
525 3375 559 3437 in
586 3375 704 3456 quibus
731 3372 854 3439 fiebant
878 3374 996 3457 epulae
1021 3386 1054 3440 et
1084 3375 1253 3452 sacrificia,
1277 3375 1404 3440 scilicet
1430 3375 1464 3437 in
1490 3374 1547 3436 die

388 3475 549 3541 artificiali
565 3478 749 3541 tricesimae
765 3479 830 3542 diei
847 3482 968 3543 mensis
983 3480 1079 3562 primi
1095 3480 1178 3544 etin
1197 3481 1252 3543 die
1275 3479 1420 3543 naturali
1437 3478 1548 3561 prima

390 3590 424 3643 et
450 3581 626 3659 tricesima,
648 3583 726 3663 quia
756 3583 809 3647 isti
839 3584 908 3648 duo
937 3583 1008 3646 dies
1033 3594 1111 3647 sunt
1140 3585 1183 3647 de
1211 3584 1380 3648 lunatione
1407 3581 1555 3650 secundi.

392 3684 519 3756 mensis,
538 3682 616 3747 licet
630 3686 794 3749 secundus
814 3706 930 3750 eorum
952 3696 1082 3749 tantum
1103 3687 1145 3750 sit
1162 3707 1239 3769 pars
1258 3688 1381 3751 mensis
1397 3686 1549 3751 secundi.

393 3782 531 3865 Propter
545 3787 635 3867 quod
654 3788 761 3868 primo
778 3789 910 3872 Regum
926 3810 977 3852 xx
992 3789 1120 3863 dicitur,
1137 3791 1227 3871 quod
1247 3792 1343 3855 sedes
1360 3789 1474 3853 David
1492 3789 1550 3852 die

392 3887 537 3949 secunda
559 3898 635 3967 post
657 3891 811 3953 calendas
833 3913 937 3956 vacua
959 3894 1122 3973 apparuit.
1170 3894 1270 3957 Unde
1299 3894 1424 3957 accidit
1454 3893 1550 3974 quod

395 4008 522 4051 menses
537 4009 632 4070 pares
648 3990 772 4056 habent
786 4014 916 4075 semper
935 3997 1020 4058 duos
1037 3996 1109 4058 dies
1130 3998 1316 4080 epularum,
1331 3999 1392 4061 sed
1414 4016 1552 4060 menses

394 4092 536 4172 impares
551 4092 674 4158 habent
690 4116 788 4158 unum
805 4108 946 4161 tanturn.
987 4098 1033 4162 Et
1048 4119 1092 4161 ex
1107 4098 1158 4163 his
1174 4111 1275 4181 patet,
1290 4102 1383 4183 quod
1402 4100 1553 4165 Ecclesi-

394 4194 516 4257 asticus
546 4196 634 4275 dicit,
665 4197 717 4259 ‘A
747 4200 825 4261 luna
853 4201 984 4282 signum
1015 4202 1080 4264 diei
1109 4202 1183 4266 sesti
1214 4206 1339 4267 mensis
1363 4207 1554 4269 secundum

396 4316 517 4361 nomen
531 4299 603 4379 ejus
619 4299 687 4364 est!
734 4302 780 4364 Et
795 4322 839 4365 ex
861 4303 913 4366 his
931 4315 1044 4384 posset
1065 4306 1169 4368 videri
1189 4327 1232 4370 an
1253 4307 1333 4371 luna
1353 4308 1418 4372 suit
1442 4309 1557 4392 prima

396 4400 429 4461 in
445 4401 603 4484 principio
619 4405 741 4480 mundi,
756 4404 808 4469 vel
826 4406 933 4487 plena,
946 4417 983 4470 ut
1000 4409 1095 4470 multi
1110 4410 1278 4473 dixerunt
1325 4410 1418 4474 Nam
1429 4411 1556 4493 Judaei

396 4511 429 4564 et
450 4504 609 4585 scriptura
639 4515 773 4569 utuntur
806 4509 975 4572 mensibus
1005 4509 1182 4575 lunaribus.
1230 4513 1323 4597 Ergo
1346 4515 1556 4600 principium

720 4640 727 4667 ¹
746 4640 812 4702 luna,
825 4641 841 4700 J
844 4678 859 4701 .‚
871 4656 904 4690 an
917 4657 1058 4693 erroneous
1069 4647 1183 4708 reading.
