3575 5375
334 546 396 626 3⁸4
557 551 713 610 opums
737 551 927 623 MAJORJS
952 553 1067 614 Pares
1092 554 1278 628 Qunam.

335 711 368 775 in
385 713 469 779 libro
484 716 761 800 Dynamidiarum
772 714 793 796 ¹,
809 725 843 781 et
858 717 912 781 alii
926 717 1137 782 considerant
1152 718 1184 782 in
1204 717 1365 800 superiori
1385 737 1489 800 expe-

335 817 461 896 rientia,
491 830 529 885 ut
560 822 593 885 in
627 821 781 900 maribus
813 822 1023 904 cerebrisque
1053 822 1234 898 hominum,
1264 822 1426 899 medullis,
1455 832 1490 886 et

333 925 512 1008 conchyliis
542 937 576 992 et
605 928 766 992 omnibus.
813 927 902 992 Nam
933 937 1192 1012 augmentantur
1220 937 1254 991 et
1284 925 1383 1011 plena
1413 935 1490 991 sunt

333 1047 408 1092 cum
432 1030 548 1096 Lunae
574 1031 790 1115 plenitudine,
813 1042 847 1097 et
869 1030 1045 1096 deficiente
1067 1031 1163 1095 Luna
1185 1030 1353 1096 deficiunt
1399 1031 1490 1094 Nam

332 1142 367 1197 et
396 1134 481 1218 lapis
512 1137 637 1216 Lunae,
666 1139 723 1222 qui
749 1143 891 1202 vocatur
918 1135 1083 1215 Selenitis,
1112 1136 1231 1201 crescit
1263 1145 1298 1200 et
1327 1135 1489 1200 decrescit

332 1241 513 1305 secundum
542 1242 681 1321 Lunam,
707 1263 774 1326 quo
804 1242 981 1307 varietates
1012 1240 1190 1305 lunationis
1216 1239 1383 1323 paschalis
1412 1239 1488 1306 sesti

315 1345 438 1422 ,sancti
465 1345 645 1429 antiquitus
671 1346 906 1430 probaverunt,
929 1355 966 1409 ut
996 1365 1057 1409 suo
1086 1344 1160 1410 loco
1191 1345 1225 1408 in
1255 1365 1356 1427 opere
1386 1359 1486 1410 recto.

331 1446 420 1512 Nam
443 1451 608 1533 quaedam
634 1450 743 1516 malva
766 1451 799 1514 in
825 1451 931 1534 prima
954 1449 1051 1514 Luna
1075 1449 1225 1514 ascendit
1247 1469 1347 1531 super
1371 1449 1486 1531 ipsam,

331 1562 365 1617 et
397 1557 512 1619 crescit
543 1575 647 1638 usque
676 1558 719 1620 ad
746 1555 877 1638 plenam
906 1555 1047 1634 Lunam,
1071 1566 1105 1618 et
1135 1554 1257 1618 deinde
1285 1572 1361 1618 curn
1389 1553 1486 1616 Luna

330 1657 497 1724 decrescit.
544 1659 589 1724 Et
612 1669 661 1724 est
685 1659 787 1724 herba
810 1659 964 1724 mirificae
983 1659 1135 1737 virtutis3
1165 1678 1240 1722 curn
1262 1657 1369 1741 prima
1388 1657 1486 1722 Luna

331 1761 399 1824 duo
421 1761 498 1827 solia
522 1776 699 1828 nascuntur
721 1785 764 1828 ex
789 1773 930 1846 utroque
953 1764 1056 1827 latere
1077 1763 1210 1846 stipitis,
1225 1773 1259 1826 et
1282 1762 1316 1826 in
1338 1763 1486 1826 secunda

331 1865 427 1930 Luna
448 1867 516 1932 duo
536 1866 611 1947 alia,
627 1878 661 1933 et
682 1867 857 1958 sicuusque
872 1869 916 1932 ad
935 1866 1160 1951 plenilunium,
1176 1877 1211 1931 et
1229 1867 1349 1930 deinde
1368 1866 1487 1930 ordine

329 1970 490 2035 consimili
511 1971 634 2037 cadunt
657 1973 838 2036 secundum
861 1974 952 2054 quod
976 1971 1073 2036 Luna
1094 1971 1262 2035 decrescit
1307 1970 1485 2035 Caeterum

329 2085 366 2139 ut
382 2075 590 2142 Ptolemaeus
606 2077 662 2152 ait,
679 2089 713 2142 et
731 2077 824 2160 Haly
839 2076 981 2160 exponit
996 2077 1040 2140 lvi
1056 2077 1283 2158 propositione
1298 2074 1486 2160 Centilogii‚

328 2178 482 2244 humores
517 2181 549 2244 in
585 2181 779 2264 corporibus
808 2181 915 2263 prima
945 2181 1129 2262 septimana
1162 2180 1285 2257 Lunae,
1313 2189 1349 2244 et
1378 2166 1485 2257 tertiat,

328 2285 486 2351 recedunt
514 2285 559 2351 ab
588 2285 797 2350 interioribus
827 2285 870 2348 ad
901 2285 1077 2362 exteriora,
1100 2284 1185 2349 sicut
1211 2282 1347 2348 flumina
1376 2283 1485 2349 fluunt

328 2407 348 2451 a
374 2390 440 2453 suis
468 2390 644 2454 canalibus.
692 2390 730 2453 In
757 2388 903 2454 secunda
927 2408 1008 2452 vero
1034 2389 1220 2472 septimana
1244 2397 1279 2453 et
1305 2387 1339 2451 in
1364 2399 1484 2470 quarta

328 2495 539 2558 retrocedunt
561 2494 604 2558 ab
624 2494 844 2558 exterioribus
866 2493 909 2556 ad
931 2493 1076 2568 interius,
1092 2501 1126 2557 et
1147 2493 1180 2555 in
1200 2494 1264 2557 hoc
1286 2501 1337 2557 est
1360 2511 1483 2576 magna

328 2617 435 2661 rerum
469 2597 702 2684 transmutatio
737 2607 771 2663 et
807 2597 975 2662 mirabilis.
1030 2597 1086 2661 Ex
1121 2617 1188 2680 quo
1223 2583 1372 2680 sequitur
1401 2597 1483 2661 satis

325 2702 475 2782 veridice,
495 2704 586 2787 quod
609 2704 641 2767 in
667 2702 771 2785 prima
796 2704 984 2785 septimana
1008 2713 1043 2767 et
1066 2702 1098 2765 in
1121 2702 1217 2767 tertia
1242 2703 1406 2767 utendum
1430 2711 1483 2767 est

324 2807 592 2872 evacuationibus
610 2807 839 2885 exterioribus,
855 2820 893 2872 ut
908 2818 959 2873 est
974 2806 1210 2891 phlebotomia,
1228 2817 1261 2872 et
1283 2807 1316 2870 in
1336 2808 1481 2871 secunda

323 2908 412 2974 etin
435 2920 553 2994 quarta
575 2913 760 2994 septimana
782 2912 947 2976 medicina
970 2912 1137 2991 laxativa;
1160 2912 1238 2994 quia
1257 2911 1479 2995 Hippocrates

325 3015 358 3078 in
382 3016 489 3099 prima
513 3016 674 3098 particula
696 3016 962 3098 aphorismorum
989 3016 1077 3095 dicit,
1102 3018 1334 3099 undecumque
1355 3016 1478 3099 reperit

324 3130 450 3198 natura,
473 3122 549 3185 inde
574 3122 695 3185 ducere
721 3142 780 3205 per
804 3121 1056 3186 convenientem
1083 3119 1262 3203 regionem,
1283 3121 1316 3184 id
1343 3131 1392 3183 ost
1418 3138 1478 3202 per

324 3232 452 3307 partem
471 3226 615 3309 corporis
635 3228 794 3309 adquam
815 3225 972 3290 humores
991 3224 1158 3311 naturales
1180 3226 1364 3289 decurrunt.
1409 3221 1478 3288 Sed

322 3326 386 3392 hoc
403 3329 522 3392 medici
537 3330 774 3413 astronomiam
795 3330 984 3413 ignorantes
1005 3350 1072 3393 non
1092 3329 1280 3401 attendunt,
1297 3326 1428 3411 saepius
1446 3327 1479 3391 in

322 3432 561 3515 praejudicium
580 3435 775 3518 patientum.

152 3534 207 3585 'rue
220 3536 292 3615 lunar
367 3534 413 3601 Et
439 3537 541 3602 etiam
572 3547 623 3601 est
648 3535 713 3601 alia
738 3535 891 3602 alteratio
922 3555 1045 3620 magna
1070 3556 1179 3600 rerum
1207 3556 1266 3620 per
1291 3535 1481 3600 mansiones

154 3617 286 3653 mmm
324 3639 449 3711 Lunae,
466 3651 644 3723 quaesunt
660 3642 778 3705 xxviii.
818 3640 951 3704 Mansio
966 3641 1102 3724 quidem
1118 3650 1170 3705 est
1185 3641 1333 3724 spatium
1352 3638 1481 3704 zodiaci

322 3744 411 3825 quod
439 3745 614 3826 pertransit
642 3744 739 3811 Luna
765 3746 796 3808 in
825 3745 888 3808 die.
935 3744 1024 3809 Istae
1055 3756 1167 3810 autem
1199 3743 1388 3808 mansiones
1414 3744 1480 3808 dis·

321 3848 526 3929 tinguuntur,
542 3849 620 3931 quia
640 3850 805 3931 quaedam
825 3858 905 3913 sunt
925 3858 1139 3932 temperatae,
1158 3848 1324 3931 quaedam
1345 3848 1480 3912 distem·

321 3958 457 4034 peratae
482 3950 514 4013 in
542 3950 640 4030 sicco,
662 3950 791 4033 frigido,
814 3952 924 4015 calido
949 3951 1001 4015 vel
1029 3952 1178 4016 humido.
1225 3950 1271 4015 Et
1297 3951 1479 4015 secundum

321 4054 385 4121 hoc
405 4054 555 4138 quolibet
576 4054 630 4118 die
651 4056 677 4117 si
700 4055 802 4119 homo
822 4056 963 4139 aspiciat
984 4076 1081 4120 mane
1105 4057 1138 4120 in
1159 4076 1225 4139 qua
1246 4056 1416 4119 mansione
1435 4055 1479 4119 sit

323 4158 427 4236 Luna,
443 4159 566 4243 poterit
586 4159 629 4222 de
651 4159 764 4244 pluvia
786 4170 820 4223 et
842 4158 1096 4225 alterationibus
1117 4161 1203 4224 aeris
1220 4157 1379 4241 judicare,
1394 4159 1480 4223 sicut

320 4264 418 4326 docet
445 4262 649 4327 Albumazar
676 4265 709 4326 in
741 4264 857 4347 majori
882 4265 1132 4341 introductorio,
1155 4274 1189 4327 et
1213 4273 1307 4348 patet
1332 4284 1392 4348 per
1418 4283 1479 4327 ex-

320 4368 524 4449 perientiam.
571 4368 617 4432 Et
632 4370 808 4453 praecipue
828 4369 1106 4433 considerandum
1127 4378 1177 4432 est
1196 4369 1240 4432 de
1259 4366 1479 4451 dispositione

319 4540 358 4668 G¹
376 4541 433 4590 The
445 4548 498 4592 two
510 4542 601 4603 books,
613 4540 653 4591 De
663 4540 833 4605 Quamdiu,
845 4558 890 4591 are
902 4556 998 4605 among
1008 4542 1053 4591 the
1064 4542 1184 4604 spurious
1196 4541 1284 4591 works
1295 4540 1434 4590 attributed
1451 4547 1479 4588 to

343 4619 410 4669 alen.
