3575 5375
715 624 999 687 ASTROLOGIA.
1371 632 1431 696 377

279 794 437 879 perficere
466 791 721 876 descriptionem
755 790 906 854 locorum
944 787 978 850 in
1015 784 1120 868 figura
1149 782 1332 847 secundum
1362 781 1433 846 vias

280 898 485 977 naturalium,
516 906 550 960 et
580 897 662 960 haec
691 905 833 977 quatuor
857 900 1047 975 sequuntur,
1069 889 1218 971 oportuit
1241 888 1285 950 ab
1315 887 1432 951 horum

280 1013 422 1069 tractatu
439 1022 586 1077 cessare;
608 999 685 1065 volo
697 1009 808 1063 tamen
820 998 873 1062 hic
885 999 919 1060 in
930 1014 1060 1060 summa
1071 1004 1206 1075 tangere
1216 990 1433 1055 intentionem

279 1117 440 1173 tractatus
462 1107 579 1171 horum
602 1115 753 1188 quatuor,
767 1123 807 1167 ac
826 1103 853 1166 si
874 1101 980 1166 factus
1000 1109 1096 1172 esset,
1115 1099 1199 1162 sicut
1214 1097 1256 1160 de
1274 1095 1349 1159 aliis
1370 1094 1432 1158 leci

281 1213 323 1276 de
350 1211 472 1294 quibus
495 1208 655 1285 tractavi;
687 1219 849 1291 quatenus
871 1206 983 1269 videat
1006 1201 1128 1267 Vestra
1151 1202 1323 1284 Sapientia
1352 1199 1434 1281 quid

281 1316 512 1398 requirendum
548 1315 591 1377 sit
621 1334 682 1398 pro
712 1312 855 1376 utilitate
888 1311 934 1372 rei
964 1307 1115 1391 publicae
1151 1304 1367 1391 procuranda,
1399 1314 1434 1368 et

280 1421 423 1502 qualiter
438 1421 615 1504 scripturas
631 1427 665 1482 et
680 1438 782 1500 opera
797 1415 980 1499 sapientiae
995 1414 1118 1496 petatis
1132 1434 1154 1478 a
1167 1429 1374 1494 quocunque.

326 1524 484 1606 Superius
507 1523 642 1607 quidem
663 1524 789 1586 dictum
814 1531 864 1584 est
884 1519 974 1602 quod
990 1528 1068 1582 sunt
1091 1534 1182 1595 r,022
1201 1516 1318 1580 stellae
1336 1513 1435 1592 fixae,
1448 1520 1607 1600 Quauriesor

282 1648 420 1709 quarum
436 1629 602 1710 quantitas
621 1635 731 1710 potest
752 1624 956 1708 deprehendi
970 1643 1030 1708 per
1046 1624 1264 1687 instrumenta
1281 1630 1433 1685 astrono·
1447 1587 1605 1718 {ifflw'

282 1734 376 1813 miae,
395 1753 482 1817 quae
502 1731 625 1796 habent
645 1733 785 1795 virtutes
806 1731 914 1795 varias
932 1729 966 1792 in
985 1728 1093 1794 calore
1107 1727 1228 1810 frigore
1242 1727 1382 1790 humore
1401 1734 1436 1789 et

216 1914 219 1920 Ι
282 1838 426 1903 siccitate
442 1847 476 1902 et
491 1837 645 1901 omnibus
660 1835 733 1899 aliis
745 1834 953 1918 passionibus
969 1844 1003 1897 et
1017 1832 1268 1897 alterationibus
1279 1830 1436 1895 naturali·

282 1942 353 2006 bus.
401 1942 492 2007 Inter
507 1962 590 2025 quas
611 1951 688 2004 sunt
704 1937 900 2023 principales
920 1938 1035 2002 stellae
1056 1937 1233 2001 duodecim
1253 1937 1435 2017 signorum,

281 2067 341 2130 per
356 2066 439 2128 quas
462 2044 574 2109 omnia
596 2044 662 2108 alia
684 2042 869 2125 specialiter
886 2042 1077 2106 alterantur.
1123 2040 1227 2123 Signa
1245 2061 1324 2104 vero
1345 2048 1435 2117 sunt,

282 2149 393 2229 Aries,
424 2149 561 2226 Taurus,
584 2148 729 2222 Gemini,
752 2146 891 2223 Cancer,
913 2145 994 2223 Leo,
1014 2144 1129 2228 Virgo,
1152 2145 1263 2220 Libra,
1286 2143 1437 2226 Scorpio,

283 2252 491 2335 Sagittarius,
516 2251 745 2334 Capricornus,
768 2250 945 2333 Aquarius,
969 2249 1099 2328 Pisces3
1131 2269 1219 2332 quae
1250 2249 1298 2312 sic
1328 2248 1434 2313 nomi·

282 2368 412 2432 nantur,
435 2357 513 2438 quia
533 2354 648 2420 stellae
669 2357 701 2418 in
719 2355 814 2418 coelo
837 2354 961 2418 habent
985 2354 1238 2436 dispositionem
1259 2373 1366 2418 rerum
1388 2353 1435 2418 sic

283 2464 538 2528 nominatarum.
593 2463 641 2527 Et
674 2462 756 2527 baec
793 2462 889 2543 signa
918 2459 1028 2539 Aries,
1060 2461 1140 2535 Leo,
1170 2471 1204 2524 et
1235 2459 1435 2542 Sagittarius

282 2578 360 2632 sunt
390 2566 541 2632 effective
572 2567 691 2649 ignea3
723 2564 863 2642 Taurus,
894 2565 1007 2648 Virgo,
1037 2576 1073 2630 et
1103 2564 1326 2648 Capricornus
1359 2571 1435 2627 sunt

283 2683 412 2750 terrea;
450 2670 590 2748 Gemini,
622 2671 732 2751 Libra,
761 2679 797 2736 et
828 2669 1007 2755 Aquarius,
1038 2679 1114 2735 sunt
1144 2689 1259 2747 aerea;
1299 2668 1435 2749 Cancer,

285 2776 427 2859 Scorpio
440 2789 475 2842 et
496 2776 607 2841 Pisces
623 2788 700 2841 sunt
722 2777 886 2859 aquatica
931 2776 978 2840 Et
1000 2775 1111 2854 Aries,
1127 2774 1262 2849 Cancer,
1280 2774 1382 2840 Libra
1401 2786 1435 2839 et

287 2880 505 2964 Capricornus
534 2890 611 2945 sunt
642 2882 788 2960 mobilia,
817 2882 897 2964 quia
925 2893 1126 2947 renovantur
1155 2881 1188 2945 in
1218 2880 1266 2945 eis
1294 2892 1437 2963 quatuor

284 2985 533 3070 complexiones
562 2986 758 3070 principales
787 2986 936 3049 omnium
958 3006 1078 3064 rerum,
1105 2986 1231 3051 scilicet
1259 2986 1367 3051 calida
1402 2996 1437 3050 et

284 3091 423 3156 humida
439 3090 471 3154 in
488 3088 626 3166 Ariete;
648 3090 756 3155 calida
770 3101 804 3155 et
821 3092 910 3154 sicca
929 3091 962 3153 in
984 3090 1135 3168 Cancro;
1159 3089 1279 3171 frigida
1298 3098 1332 3155 et
1349 3090 1436 3154 sicca

284 3195 318 3259 in
346 3195 447 3258 Libra
459 3219 469 3272 3
492 3195 613 3276 srigida
639 3204 673 3257 et
696 3194 834 3257 humida
857 3194 890 3257 in
914 3192 1124 3277 Capricorno.
1176 3193 1307 3258 Taurus
1328 3204 1363 3258 et
1385 3193 1436 3257 sui

284 3318 442 3379 sequaces
459 3308 535 3362 sunt
550 3298 645 3380 signa
661 3296 740 3373 fixa,
752 3297 830 3379 quia
848 3297 956 3361 dictae
970 3297 1221 3381 complexiones
1236 3296 1383 3380 figuntur
1402 3298 1436 3361 in

285 3402 333 3465 eis
360 3411 393 3465 et
419 3399 642 3483 perficiuntur.
699 3399 830 3464 Gemini
854 3412 888 3466 et
915 3402 965 3465 sui
988 3422 1144 3485 sequaces
1166 3402 1320 3466 dicuntur
1341 3402 1437 3483 signa

285 3505 484 3585 communia,
507 3503 676 3587 quiajam
704 3504 847 3569 declinat
873 3506 1065 3587 complexio
1092 3507 1126 3569 in
1154 3506 1202 3569 eis
1232 3506 1276 3569 ad
1305 3526 1435 3582 novam,

285 3630 371 3693 quae
387 3618 563 3673 renovatur
577 3609 610 3671 in
629 3608 725 3693 signo
739 3620 906 3691 sequente.
965 3610 1103 3674 Habent
1116 3623 1229 3675 autem
1244 3612 1340 3694 signa
1355 3610 1438 3675 haec

286 3711 499 3798 quamplures
535 3714 617 3777 alias
654 3712 827 3777 varietates
860 3724 895 3779 et
932 3716 1161 3799 proprietates,
1200 3736 1283 3798 quas
1315 3716 1437 3782 meteri

286 3828 447 3883 tractatus
465 3817 591 3883 habent
605 3819 833 3883 determinare.

331 3922 541 3987 Planetarum
578 3923 686 4006 prima
722 3922 894 3987 diversitas
924 3934 975 3989 est
1005 3924 1038 3988 in
1072 3924 1250 3990 virtutibus
1284 3926 1435 4010 propriis
1449 3931 1572 3996 Quinte·
1580 3934 1609 3982 oi

287 4028 376 4091 Nam
403 4025 566 4091 Saturnus
590 4036 638 4091 est
666 4026 803 4109 frigidus
829 4038 863 4092 et
886 4028 1002 4104 siccus,
1029 4038 1064 4093 et
1092 4030 1200 4094 omnis
1225 4032 1380 4114 pigritiae
1402 3998 1607 4094 ettheptanets

287 4131 548 4197 mortificationis
563 4142 597 4195 et
613 4132 844 4197 destructionis
860 4153 967 4198 rerum
983 4135 1172 4199 causativus
1189 4156 1249 4219 per
1268 4156 1436 4219 egressum

286 4237 445 4302 siccitatis
460 4248 493 4300 et
508 4236 645 4320 frigoris.
691 4237 783 4301 Mars
793 4256 873 4301 vero
888 4248 941 4303 est
955 4240 1160 4322 corruptivas
1174 4249 1313 4323 propter
1326 4261 1436 4324 egres·

286 4360 360 4405 sum
381 4340 560 4405 caliditatis
582 4350 617 4405 et
638 4340 806 4405 siccitatis.
854 4342 900 4406 Et
922 4344 976 4407 isti
999 4345 1068 4409 duo
1090 4343 1243 4428 planetae
1265 4364 1436 4428 nunquam

287 4446 411 4510 iaciunt
436 4445 559 4509 bonum
584 4446 647 4509 nisi
672 4466 732 4528 per
758 4446 913 4511 accidens
925 4468 934 4525 ;
962 4449 1048 4513 sicut
1070 4449 1251 4532 aliquando
1272 4470 1436 4514 venenum

286 4558 338 4613 est
353 4550 478 4613 bonum
494 4569 554 4631 per
567 4549 730 4628 accidens,
740 4562 778 4617 ut
791 4550 1022 4630 Scammonea,
1037 4573 1124 4636 quae
1134 4564 1254 4637 purgat
1266 4556 1436 4619 materiam

288 4653 403 4731 morbi,
435 4655 494 4719 sed
533 4664 644 4720 tamen
677 4675 738 4738 per
774 4676 811 4720 se
848 4655 949 4723 laedit
979 4667 1141 4722 naturam.
1202 4660 1248 4723 Et
1277 4670 1437 4725 vocantur
