3575 5375
655 641 828 701 CAUSAE
851 641 1051 701 ERRORIS.
1383 656 1422 720 25

268 813 435 897 sapientes
450 814 678 896 neglexerunt,
696 834 763 877 non
777 814 926 878 volentes
943 814 1152 878 considerare
1170 815 1260 896 quod
1278 814 1310 877 in
1332 815 1421 878 omni

268 918 403 981 homine
417 928 468 981 est
484 919 589 982 multa
607 917 814 1000 imperfectio
831 918 1022 1001 sapientiae,
1038 928 1107 982 tam
1127 917 1160 980 in
1180 919 1303 981 sanctis
1319 938 1419 1001 quam

269 1024 301 1085 in
327 1022 541 1106 sapientibus,
564 1033 599 1087 ut
627 1024 719 1105 prius
744 1023 914 1087 evidenter
936 1034 971 1087 et
994 1022 1221 1104 multipliciter
1242 1024 1419 1105 probatum

268 1137 319 1191 est
334 1137 403 1190 tam
417 1147 476 1211 per
490 1147 604 1190 eorum
616 1126 773 1211 exempla
788 1137 822 1191 et
837 1127 1062 1200 auctoritates,
1074 1147 1174 1209 quam
1187 1148 1246 1209 per
1258 1127 1419 1191 rationem

268 1240 302 1293 et
321 1232 546 1315 experientiae
567 1231 808 1295 certitudinem.
854 1231 1027 1295 Praeterea
1051 1251 1117 1295 non
1139 1231 1246 1295 solum
1269 1231 1422 1295 volumus

268 1334 449 1399 humanam
472 1335 684 1418 fragilitatem
712 1335 931 1413 considerare,
952 1336 1011 1399 sed
1035 1332 1160 1398 etiam¹
1182 1356 1298 1399 causas
1321 1337 1421 1400 ratio·

269 1439 404 1516 nabiles,
422 1460 506 1521 quas
528 1440 631 1503 sancti
655 1450 689 1503 et
712 1439 878 1521 sapientes
901 1438 996 1503 multi
1019 1439 1215 1517 babuerunt,
1235 1460 1337 1522 quare
1360 1460 1423 1522 pro

269 1543 342 1608 loco
359 1549 393 1606 et
406 1553 558 1628 tempore
574 1544 680 1608 multa
695 1544 788 1607 utilia
802 1544 990 1608 vitaverunt
1005 1553 1142 1627 propter
1156 1544 1295 1608 abusum
1313 1544 1421 1608 homi·

269 1667 348 1710 num
375 1647 407 1711 in
435 1647 491 1724 eis,
518 1648 597 1729 quia
622 1669 661 1712 ea
688 1648 925 1713 convertebant
951 1648 993 1711 ad
1024 1647 1158 1729 majoris
1185 1649 1423 1732 impedimenta

269 1752 421 1815 utilitatis
442 1762 476 1816 et
496 1753 621 1817 salutis.
668 1752 721 1816 Ne
742 1751 842 1835 igitur
862 1773 922 1817 nos
943 1752 1046 1816 simus
1066 1773 1164 1816 causa
1184 1756 1303 1817 erroris
1320 1755 1421 1817 nostri

268 1865 303 1918 et
326 1854 385 1919 fiat
408 1877 566 1940 magnum
589 1858 771 1940 sapientiae
794 1857 1072 1942 impedimentum
1096 1878 1140 1921 ex
1166 1877 1207 1922 eo
1233 1858 1324 1941 quod
1352 1858 1422 1921 vias

269 1970 459 2024 sanctorum
487 1971 522 2025 et
547 1962 735 2043 sapientum
761 1981 829 2025 non
857 1962 1080 2045 intelligimus,
1107 1972 1144 2026 ut
1170 1962 1319 2045 expedit,
1345 1983 1422 2045 pos·

269 2084 384 2128 sumus
402 2064 599 2129 auctoritate
617 2074 805 2128 sanctorum
823 2074 857 2128 et
874 2065 1061 2146 sapientum
1082 2066 1292 2149 antiquorum
1310 2066 1421 2129 multi-

269 2168 398 2250 pliciter
434 2170 524 2251 prius
557 2169 726 2251 assignata
759 2169 968 2234 considerare
1000 2172 1054 2251 pia
1092 2179 1203 2233 mente
1241 2181 1275 2234 et
1310 2170 1421 2234 animo

270 2274 438 2347 reverenti,
465 2282 602 2356 propter
627 2272 773 2335 veritatis
799 2273 999 2354 dignitatem
1026 2293 1111 2355 quae
1143 2272 1297 2337 omnibus
1328 2284 1422 2337 ante·

269 2374 380 2453 fertur,
402 2378 429 2439 si
456 2378 563 2441 sancti
590 2387 625 2440 et
651 2376 818 2460 sapientes
844 2376 956 2459 aliqua
982 2397 1068 2458 quae
1093 2376 1272 2440 humanam
1301 2376 1421 2457 imper·

269 2479 444 2545 lectionem
464 2483 646 2563 important
669 2479 879 2563 protulerunt
897 2480 1068 2564 inquibus
1087 2500 1144 2544 seu
1168 2479 1340 2545 affirmatis
1363 2500 1420 2543 seu

270 2586 399 2667 negatis
414 2606 481 2648 non
497 2596 630 2668 oportet
646 2586 736 2666 quod
756 2606 816 2648 nos
832 2585 1002 2649 imitemur
1016 2606 1061 2649 ex
1077 2584 1193 2650 fronte.

314 2689 444 2754 Scimus
463 2691 598 2772 quidem
616 2690 707 2772 quod
726 2711 792 2754 non
815 2690 922 2754 solum
944 2691 1108 2755 dederunt
1128 2689 1224 2754 nobis
1247 2688 1418 2754 consilium
1434 2698 1503 2748 wtse
1515 2714 1571 2747 men

270 2803 305 2858 et
326 2791 491 2858 licentiam
518 2795 580 2857 hoc
606 2793 754 2872 faciendi,
778 2796 838 2858 sed
863 2796 1084 2880 conspicimus
1110 2795 1200 2877 quod
1224 2793 1287 2878 ipsi
1314 2792 1419 2857 multa
1432 2765 1523 2895 ξξξὲξῑ
1536 2839 1563 2878 ,0

271 2907 449 2979 posuerunt
473 2916 594 2980 magna
616 2898 822 2972 auctoritate,
845 2919 933 2981 quae
955 2907 1070 2982 postea
1092 2898 1209 2982 majori
1232 2898 1420 2962 humilitate
1432 2897 1527 3012 ἓξὲξ
1535 2895 1582 2944 anu

270 3011 548 3078 retractaverunt3
570 3010 605 3065 et
623 3002 697 3065 ideo
713 3002 809 3067 latuit
825 3003 858 3065 in
879 3002 926 3066 eis
942 3024 1063 3085 magna
1079 3004 1284 3087 imperiectio
1304 3002 1420 3087 priori·
1432 3044 1508 3080 m,

270 3106 333 3169 bus
352 3106 565 3189 temporibus.
612 3103 713 3188 Quod
733 3105 761 3168 si
783 3107 944 3170 vixissent
964 3127 1069 3190 usque
1088 3127 1185 3183 nunc,
1202 3106 1308 3171 multo
1327 3106 1422 3191 plura

270 3210 490 3274 correxissent
511 3222 546 3275 et
568 3220 760 3274 mutassent.
807 3210 910 3292 Cujus
933 3211 1064 3293 signum
1088 3221 1140 3275 est
1161 3213 1246 3276 sicut
1268 3220 1303 3275 et
1325 3231 1423 3292 argu·

270 3325 421 3377 mentum
441 3314 632 3398 principalis
646 3315 781 3392 intenti,
796 3316 886 3396 quod
908 3315 1063 3378 doctores
1083 3317 1283 3398 posteriores
1305 3334 1422 3397 quam-

270 3418 413 3500 plurima
435 3419 478 3483 de
500 3421 672 3484 sententiis
695 3428 884 3484 sanctorum
909 3429 1131 3493 mutaverunt,
1145 3427 1180 3482 et
1202 3419 1255 3500 pie
1275 3428 1309 3481 et
1330 3439 1421 3482 reve-

270 3533 380 3588 renter
404 3523 611 3608 interpretati
637 3532 715 3587 sunt
741 3523 775 3586 in
805 3543 939 3587 sensum
965 3542 1064 3606 quem
1092 3541 1207 3585 eorum
1235 3521 1329 3586 litera
1355 3543 1422 3586 non

270 3627 466 3709 praetendit.
512 3627 684 3691 Praeterea
698 3629 803 3692 sancti
819 3628 863 3691 ad
883 3627 1022 3692 invicem
1036 3624 1163 3690 fortiter
1174 3627 1423 3690 contendebant

270 3740 305 3794 et
330 3741 464 3796 mutuas
494 3732 675 3815 positiones
699 3735 819 3798 acriter
848 3733 1055 3810 mordebant,
1078 3742 1111 3796 et
1138 3733 1359 3815 reprobabant
1386 3742 1422 3797 ut

271 3836 406 3900 taedeat
434 3856 496 3900 nos
525 3837 722 3920 conspicere,
752 3847 786 3901 et
815 3858 917 3920 supra
949 3839 1086 3901 modurn
1118 3837 1293 3915 miremur;
1331 3835 1422 3920 quod

272 3941 407 4004 evidens
432 3949 483 4003 est
510 3941 543 4004 in
569 3940 719 4023 epistolis
742 3941 917 4005 beatorum
943 3941 1125 4023 Augustini
1153 3953 1187 4006 et
1212 3940 1423 4022 Hieronymi,

153 4069 157 4077 ·
270 4056 304 4110 et
327 4045 441 4109 multis
462 4045 543 4110 aliis.
589 4044 674 4109 Cum
698 4047 785 4109 enim
809 4045 1038 4128 Hieronymus
1060 4046 1265 4127 comparavit
1286 4065 1323 4109 se
1346 4044 1422 4109 bovi

269 4147 368 4228 lasso,
383 4149 441 4231 qui
456 4149 573 4214 lortius
591 4151 712 4231 pedem
734 4147 817 4231 figit,
833 4160 970 4232 propter
987 4150 1050 4213 hoc
1069 4150 1159 4232 quod
1171 4149 1242 4232 jam
1262 4150 1296 4213 in
1311 4150 1423 4212 studio

271 4273 365 4318 sacro
380 4255 534 4328 senuerit,
546 4263 579 4316 et
591 4251 802 4336 Augustinus
818 4251 881 4317 suit
888 4252 1001 4336 junior
1012 4274 1061 4327 eo,
1073 4255 1224 4336 quamvis
1235 4253 1423 4335 episcopus,

270 4359 443 4441 respondit
459 4357 623 4422 monacho
634 4357 786 4439 pontifex
802 4359 893 4440 quod
908 4358 970 4422 bos
986 4378 1089 4423 senex
1101 4358 1217 4420 lortius
1232 4354 1304 4438 figit
1319 4356 1422 4438 pedes

271 4483 338 4527 non
354 4463 455 4527 animi
469 4461 584 4543 vigore
599 4463 659 4526 sed
675 4461 820 4545 corporis
835 4472 1014 4526 senectute.
1061 4462 1197 4526 Etcum
1212 4460 1423 4544 Augustinus
1518 4507 1526 4525 .

271 4566 379 4632 multa
400 4575 573 4649 quaereret
593 4565 636 4629 ab
654 4566 872 4652 Hieronymo,
894 4567 973 4631 dicit
991 4565 1226 4648 Hieronymus,
1246 4565 1423 4628 ‘Diversas

528 4683 537 4717 ¹
555 4684 632 4736 MSS.
643 4685 708 4736 bave
720 4701 776 4744 nec,
787 4685 834 4736 but
845 4685 923 4735 etiam
935 4699 1021 4735 seems
1032 4683 1158 4747 required.
1169 4713 1172 4724 ·
