3575 5375
222 4010 343 4061 Samaria.

224 4554 314 4603 lixient

220 4618 249 4667 oi
263 4619 305 4669 the

383 598 446 678 348
605 603 760 662 opums
785 605 848 661 MA
847 603 975 673 Joxrs
1000 604 1114 663 Pras
1140 604 1324 676 Quam.

385 764 574 844 Jordanem,
591 765 741 831 Galilaea
763 763 933 850 gentium’
979 765 1046 830 Sed
1070 767 1183 850 glossa
1205 787 1304 848 super
1326 765 1537 831 Matthaeum

385 870 464 933 dicit
495 868 645 934 Galilaea
674 873 822 953 gentium
847 880 1009 954 quaeest
1034 871 1066 933 in
1095 872 1183 935 tribu
1210 870 1405 954 Nepthalim
1430 870 1538 934 vicina

387 973 496 1056 Tyriis
509 999 516 1050 ;
538 985 572 1038 et
588 975 662 1040 ideo
679 996 754 1038 cum
768 976 873 1040 tribus
887 974 1083 1058 Nepthalim
1100 976 1143 1040 sit
1159 977 1241 1039 citra
1255 976 1446 1057 Jordanem,
1459 986 1539 1038 tunc

386 1078 469 1142 haec
502 1077 649 1144 Galilaea
679 1081 837 1154 similiter,
868 1092 902 1144 et
932 1080 995 1144 hoc
1025 1080 1104 1143 dicit
1124 1080 1365 1161 Hieronymus
1392 1080 1425 1142 in
1451 1079 1538 1142 libro

388 1183 577 1262 Locorum;
601 1193 633 1246 et
655 1183 830 1268 josephus,
849 1193 883 1247 et
906 1184 1129 1267 Hegesippus,
1146 1196 1178 1249 et
1194 1205 1311 1248 omnes
1330 1183 1448 1248 volunt
1463 1184 1537 1247 hoc.

388 1285 455 1350 Sed
485 1288 740 1352 considerandus
764 1298 816 1352 est
841 1289 960 1351 modus
980 1288 1138 1371 loquendi
1161 1291 1195 1351 in
1214 1289 1276 1353 hac
1297 1299 1399 1372 parte.
1446 1286 1537 1350 Nam

388 1390 510 1473 pluries
526 1393 709 1456 invenimus
726 1393 812 1456 hunc
830 1395 967 1456 modum
984 1393 1140 1477 loquendi
1158 1393 1189 1454 in
1207 1393 1395 1474 evangeliis.
1442 1391 1537 1474 Quo·

387 1496 476 1558 niam
497 1507 595 1560 sexto
612 1497 717 1583 Marci
734 1498 862 1576 dicitur,
880 1501 936 1561 ‘et
951 1498 1169 1560 ascendentes
1194 1498 1226 1559 in
1248 1497 1359 1560 navim
1383 1496 1538 1559 abierunt

387 1601 419 1662 in
443 1600 553 1666 locum
575 1603 752 1678 desertum,
770 1611 804 1667 et
824 1604 978 1666 viderunt
999 1623 1056 1666 cos
1077 1603 1237 1665 abeuntes
1257 1612 1291 1665 et
1311 1609 1538 1685 cognoverunt

387 1704 491 1781 multi,
511 1716 544 1768 et
566 1709 735 1788 pedestres
755 1707 798 1770 de
820 1708 974 1770 omnibus
997 1707 1186 1770 civitatibus
1207 1715 1443 1770 concurrerunt
1458 1705 1536 1768 illuc

388 1818 421 1872 et
442 1821 683 1894 praevenerunt
703 1809 780 1875 eos’
826 1812 894 1877 Ubi
912 1812 992 1875 dicit
1015 1811 1134 1894 glossa,
1151 1832 1216 1874 non
1242 1812 1286 1874 ad
1310 1809 1409 1873 aliam
1437 1811 1537 1873 maris

387 1915 493 1997 ripam
507 1917 576 1978 sive
591 1915 746 2006 jordanis
768 1926 993 1998 pervenerunt,
1008 1917 1067 1979 sed
1088 1916 1228 1979 transito
1249 1915 1363 1997 aliquo
1385 1913 1469 1978 freto
1484 1913 1537 1977 vel

387 2030 506 2102 stagno
522 2041 541 2082 a
554 2021 700 2084 Domino
717 2030 750 2084 et
765 2020 935 2103 discipulis
950 2019 1031 2102 ejus
1044 2020 1217 2102 proximos
1232 2018 1382 2101 ejusdem
1395 2017 1537 2100 regionis

387 2123 479 2188 locos
504 2124 678 2207 indigenae
700 2126 853 2189 adierunt
873 2145 942 2206 quo
966 2126 1134 2206 pedestres
1158 2125 1328 2207 pervenire
1352 2133 1536 2206 potuerunt.

389 2228 445 2291 Ex
469 2249 536 2311 quo
556 2229 744 2311 accepimus
768 2231 859 2311 quod
885 2239 975 2293 trans
995 2227 1176 2309 jordanem
1201 2228 1255 2292 hic
1276 2227 1441 2312 significat
1466 2227 1535 2291 fieri

387 2341 477 2395 trans
514 2333 586 2415 ejus
623 2333 769 2414 aliquam
815 2341 954 2416 partem,
991 2353 1059 2395 non
1096 2342 1216 2397 totum.
1262 2331 1423 2396 Similiter
1459 2353 1536 2395 cum

388 2438 516 2502 dicatur
537 2447 637 2501 sexto
663 2437 834 2520 Johannis‚
861 2437 963 2501 ‘Post
991 2436 1073 2501 haec
1092 2436 1175 2501 abiit
1203 2437 1301 2518 Jesus
1330 2447 1421 2500 trans
1445 2457 1537 2499 mare

389 2539 557 2604 Galilaeae
573 2543 663 2623 quod
686 2552 735 2605 est
758 2539 967 2616 ‘tiberiadis’
984 2560 1050 2604 non
1078 2542 1231 2605 transivit
1254 2561 1357 2624 usque
1377 2542 1420 2604 ad
1445 2540 1537 2605 aliud

388 2644 490 2724 littus,
507 2646 562 2709 ubi
580 2656 631 2711 est
645 2645 737 2731 regio
754 2644 1007 2726 Gerasenorum,
1023 2645 1082 2710 sed
1098 2644 1257 2729 angulum
1269 2645 1368 2709 maris
1384 2645 1536 2709 transivit

386 2770 430 2812 ex
460 2752 576 2813 eadem
605 2762 706 2832 parte,
733 2750 856 2813 scilicet
887 2750 968 2815 citra
992 2750 1184 2831 jordanem,
1210 2759 1244 2813 et
1268 2751 1344 2814 ideo
1372 2751 1426 2814 hic
1452 2751 1536 2813 sicut

388 2854 478 2937 prius
502 2856 634 2937 ponitur
661 2875 735 2936 pars
754 2876 814 2938 pro
834 2865 916 2919 toto.
963 2854 1105 2919 Etcum
1129 2856 1248 2918 eodem
1270 2855 1415 2937 capitulo
1434 2855 1537 2931 dicat,

388 2958 582 3021 ‘Venerunt
613 2969 703 3022 trans
738 2979 827 3021 mare
858 2961 890 3022 in
930 2957 1181 3040 Caphamaum,'
1211 2957 1320 3022 adhuc
1354 2959 1387 3022 in
1418 2959 1537 3023 eadem

389 3064 524 3147 regione
555 3072 587 3126 et
617 3064 700 3128 citra
730 3064 911 3144 Jordanem
945 3084 1077 3145 semper
1107 3062 1247 3127 fuerunt.
1294 3063 1341 3128 Et
1365 3064 1441 3126 ideo
1471 3083 1539 3128 non

388 3178 496 3232 totum
513 3189 603 3232 mare
618 3169 784 3251 accipitur,
800 3188 861 3232 nec
886 3169 923 3231 fit
947 3167 1172 3232 transfretatio
1193 3169 1235 3231 ad
1256 3166 1344 3231 aliud
1361 3168 1464 3246 littus,
1479 3170 1538 3232 sed

389 3294 464 3355 pars
481 3294 541 3355 pro
564 3282 636 3337 tota
659 3273 819 3356 accipitur
842 3294 885 3335 ex
905 3275 1022 3337 eadem
1045 3283 1137 3355 parte
1152 3272 1325 3352 iordanis:
1349 3282 1383 3336 et
1405 3274 1451 3336 ita
1476 3272 1540 3350 hic,

387 3398 463 3441 curn
489 3378 609 3441 dicitur
632 3388 724 3443 trans
747 3378 930 3459 Jordanem
956 3375 1105 3441 Galilaea
1123 3377 1282 3460 gentium,
1297 3378 1440 3440 sumitur
1464 3398 1541 3460 pars

389 3502 449 3564 pro
479 3491 561 3546 toto.
607 3482 641 3545 A
673 3483 747 3546 loco
778 3483 865 3546 enim
898 3482 1014 3558 Isaiae,
1035 3482 1068 3544 in
1103 3501 1171 3563 quo
1199 3480 1282 3545 llaec
1310 3482 1455 3554 dicebat,
1478 3481 1540 3544 fuit

390 3606 510 3670 magna
534 3608 611 3670 pars
630 3586 784 3668 Jordanis
806 3586 971 3670 usquead
992 3584 1180 3650 Galilaeam
1202 3587 1360 3666 gentium,
1384 3606 1485 3666 quam
1507 3586 1540 3649 in

389 3693 500 3755 eundo
515 3694 558 3755 de
574 3712 640 3754 uno
656 3692 729 3757 loco
745 3693 787 3756 ad
803 3691 905 3754 aliurn
927 3700 1060 3774 oportet
1081 3700 1293 3764 transmeare,
1309 3700 1342 3754 et
1364 3691 1440 3755 ideo
1460 3692 1540 3754 dicit

389 3804 478 3857 trans
494 3794 684 3873 Jordanem,
701 3796 734 3857 id
757 3806 816 3872 est,
833 3806 926 3858 trans
949 3814 1105 3879 magnam
1126 3805 1255 3877 partem
1271 3794 1439 3875 Jordanis‚
1454 3815 1540 3877 quae

390 3897 634 3963 extendebatur
655 3918 674 3961 a
696 3899 769 3963 loco
795 3900 901 3962 Isaiae
924 3919 1028 3982 usque
1051 3901 1093 3963 ad
1119 3898 1301 3963 Galilaeam
1326 3900 1541 3981 superiorem.

392 4002 524 4067 Deinde
541 4002 584 4064 ad
607 4004 779 4067 meridiem
805 4002 973 4068 Galilaeae
988 4004 1190 4083 ludaeorum
1210 4013 1261 4068 est
1279 4002 1439 4077 Samaria,
1454 4024 1542 4086 quae

391 4127 457 4171 non
479 4116 530 4170 est
552 4106 659 4171 solum
682 4108 822 4171 civitatis
844 4128 977 4185 nomen,
1000 4110 1058 4172 sed
1086 4108 1237 4189 regionis,
1259 4127 1346 4189 quae
1370 4108 1486 4190 incipit
1508 4110 1541 4171 in

389 4232 509 4293 campo
530 4232 652 4295 magno
669 4223 702 4276 et
719 4213 912 4277 extenditur
926 4233 1029 4296 usque
1043 4214 1085 4276 ad
1102 4212 1274 4293 Judaeam,
1290 4212 1382 4294 cujus
1396 4213 1543 4294 Judaeae

391 4316 533 4380 latitudo
542 4326 594 4382 est
606 4338 625 4379 a
637 4317 782 4400 Jordane
794 4337 898 4398 usque
912 4319 955 4380 ad
967 4317 1101 4399 Joppen
1114 4318 1296 4380 secundum
1312 4317 1496 4400 Josephum
1507 4329 1542 4381 et

394 4421 634 4506 Hegesippum,
644 4421 736 4505 cujus
753 4421 925 4506 longitudo
940 4442 1043 4504 usque
1059 4423 1101 4485 ad
1116 4421 1280 4485 Bersaben
1296 4421 1498 4487 extenditur.

438 4526 483 4590 Et
500 4546 585 4590 nunc
604 4527 635 4589 in
654 4526 719 4591 fine
741 4526 899 4591 solvenda
921 4537 972 4590 est
993 4527 1146 4610 quaestio
1169 4528 1323 4601 notanda,
1341 4536 1377 4591 ut
1398 4528 1543 4592 sciamus

392 4640 554 4715 quantum
572 4640 624 4695 est
647 4642 734 4697 terra
757 4631 1020 4714 repromissionis
1038 4639 1072 4694 et
1094 4641 1255 4713 quantum
1279 4641 1329 4697 est
1352 4652 1542 4715 possessum
