3575 5375
377 631 437 694 224
598 616 754 675 OPERIS
778 617 967 687 MAIORIS
991 616 1106 675 PARS
1131 614 1315 690 QUARTA.

378 781 584 858 medietates,
607 799 810 863 quamquam
838 790 872 844 et
897 780 994 846 aliter
1019 802 1040 845 a
1064 779 1176 844 multis
1203 780 1420 863 assignentur,
1441 798 1528 862 quos

377 904 442 948 non
463 904 599 968 possum
620 883 821 968 intelligere3
844 887 924 968 quia
943 884 1073 949 videtur
1092 883 1172 946 mihi
1192 883 1283 967 quod
1304 905 1371 950 non
1389 891 1530 967 possunt

375 988 558 1052 secundum
581 987 809 1054 arithmeticae
827 989 989 1072 judicium
1012 988 1139 1053 salvari.
1185 988 1254 1053 Sed
1277 1009 1345 1052 non
1368 998 1420 1053 est
1444 998 1528 1053 tem·

376 1092 465 1175 poris
480 1094 662 1174 praesentis
678 1094 849 1175 opiniones
865 1094 1068 1176 singulorum
1085 1091 1262 1177 explicare.

210 1205 314 1284 pimen-
421 1195 467 1260 Et
497 1207 594 1262 sexta
625 1199 709 1263 ratio
739 1199 782 1263 de
811 1198 954 1263 utilitate
986 1198 1216 1263 arithmeticae
1244 1207 1356 1281 potest
1381 1197 1467 1262 sumi
1493 1197 1528 1260 in

208 1271 328 1400 {ffisslsy
375 1301 537 1382 scriptura
564 1323 665 1385 penes
692 1323 742 1366 res
769 1303 867 1385 hujus
894 1303 1018 1379 mundi,
1040 1302 1161 1386 quibus
1182 1303 1256 1385 ipsa
1281 1304 1393 1366 utitur.
1440 1301 1529 1365 Nam

209 1403 304 1454 bodies.
375 1404 587 1469 altitudinem
615 1416 648 1470 et
675 1406 938 1491 magnitudinem
959 1417 994 1470 et
1020 1407 1266 1489 spissitudinem
1293 1416 1327 1471 et
1351 1427 1526 1471 numerum

377 1509 545 1573 coelorum
582 1521 617 1574 et
652 1509 820 1575 stellarum
858 1510 966 1594 tangit
1009 1521 1043 1575 et
1080 1512 1218 1594 requirit
1258 1511 1529 1576 certificationem

378 1612 515 1678 istomm
572 1613 618 1679 Et
640 1616 745 1679 sancti
769 1615 801 1679 in
824 1616 1087 1700 expositionibus
1114 1616 1184 1679 suis
1206 1615 1311 1680 multa
1336 1615 1529 1699 loquuntur.

379 1716 467 1780 Nam
490 1717 718 1802 Hieronymus
739 1719 819 1784 dicit
839 1740 940 1803 super
957 1720 1088 1794 isaiam,
1105 1722 1196 1802 quod
1216 1720 1321 1785 Orion
1338 1719 1439 1784 habet
1453 1719 1528 1782 xxii

344 1877 351 1888 ,
377 1821 500 1900 stellas,
522 1843 660 1906 quarum
685 1824 721 1886 ix
744 1823 870 1908 primae
897 1833 973 1888 sunt
996 1825 1030 1888 in
1053 1825 1152 1888 tertia
1175 1825 1412 1907 magnitudine,
1433 1835 1468 1889 et
1490 1825 1529 1886 ix

376 1927 527 1990 residuae
548 1929 581 1991 in
603 1938 728 2010 quarta,
752 1938 785 1993 et
807 1928 839 1991 iv
863 1928 1001 1993 ultimae
1024 1929 1058 1992 in
1082 1930 1199 2011 quinta
1227 1929 1468 2011 magnitudine,
1490 1938 1527 1992 et

376 2050 444 2093 non
460 2033 600 2115 exponit
613 2053 657 2096 se.
703 2033 847 2117 Oportet
862 2053 943 2116 ergo
958 2033 1152 2116 theologum
1175 2034 1257 2099 haec
1277 2055 1344 2099 non
1365 2034 1529 2116 ignorare.

378 2132 446 2199 Sed
467 2137 652 2220 specialiter
669 2138 877 2203 arithmetica
901 2138 1058 2203 rectificat
1080 2139 1112 2201 in
1136 2138 1198 2217 his,
1217 2148 1251 2203 et
1275 2140 1350 2203 ideo
1372 2138 1450 2203 volo
1471 2136 1526 2200 hic

377 2239 436 2303 has
473 2242 628 2306 veritates
665 2240 858 2325 magnificas
895 2244 1023 2326 aperire
1060 2263 1119 2326 per
1159 2263 1324 2316 numeros,
1360 2252 1525 2326 quatenus

376 2343 513 2427 pulchre
535 2356 570 2409 et
592 2346 716 2411 utiliter
730 2356 868 2430 apparet
891 2348 1098 2430 comparatio
1114 2367 1337 2411 numerorum.
1381 2346 1438 2410 Ad
1461 2345 1525 2409 hoc

376 2457 487 2513 autem
511 2451 787 2516 considerandum
815 2471 949 2515 necesse
975 2462 1026 2516 est
1055 2472 1179 2534 ponere
1207 2451 1353 2534 aliquam
1380 2451 1526 2514 radicem

209 2587 355 2637 Terrestrial
376 2563 500 2617 notam.
547 2554 641 2620 Haec
671 2565 784 2620 autem
814 2565 864 2619 est
893 2556 1062 2638 quantitas
1092 2577 1188 2620 arcus
1218 2566 1333 2632 terrae,
1362 2575 1448 2637 quae
1475 2575 1526 2618 re·

208 2671 250 2705 ⁸¹0
262 2669 341 2731 eone-
377 2659 519 2742 spondet
535 2659 592 2722 uni
607 2660 723 2743 gradui
739 2661 771 2724 in
787 2659 889 2740 coelo,
905 2661 1086 2725 secundum
1105 2661 1196 2744 quod
1211 2662 1310 2726 docet
1324 2657 1527 2742 Alfraganus

207 2720 333 2836 {82¹²de
376 2762 523 2844 capitulo
537 2763 604 2828 viii.

208 2852 305 2917 degree.
422 2866 467 2928 Et
488 2865 654 2931 Averroes
669 2868 833 2932 consentit
854 2870 886 2932 in
904 2868 969 2933 fine
989 2870 1124 2933 secundi
1140 2868 1233 2934 Coeli
1250 2877 1283 2933 et
1301 2868 1430 2931 Mundi.
1465 2866 1526 2932 lsti

376 2989 454 3032 vero
472 2970 553 3033 dant
576 2972 711 3036 modum
732 2972 934 3037 certificandi
952 2974 1015 3039 hoc
1036 2975 1070 3037 in
1091 2994 1230 3037 numero
1250 2973 1477 3037 milliariorum
1491 2981 1526 3036 et

376 3074 520 3156 partium
544 3075 623 3158 ejus.
669 3075 878 3141 Ptolemaeus
900 3088 1012 3141 autem
1035 3079 1151 3160 quinta
1170 3078 1360 3163 Almagesti
1381 3076 1527 3140 dictione

376 3179 524 3260 procedit
547 3200 606 3263 per
622 3180 712 3243 viam
734 3182 1030 3247 demonstrationis
1050 3182 1170 3247 diffuse
1191 3184 1224 3245 in
1244 3182 1430 3264 quantitate
1451 3178 1525 3243 alti-

375 3283 527 3345 tudinum
552 3282 632 3347 solis
655 3294 688 3348 et
711 3284 809 3349 lunae
832 3294 866 3349 et
887 3287 921 3349 in
944 3307 1059 3350 eorum
1083 3286 1321 3370 magnitudine.
1368 3282 1435 3349 Sed
1458 3301 1526 3347 non

375 3387 433 3449 dat
456 3388 677 3469 quantitatem
700 3400 822 3453 certam
845 3410 906 3474 per
928 3410 1101 3453 numerum
1125 3388 1371 3466 milliariorum3
1399 3408 1460 3451 nec
1482 3387 1527 3449 de

374 3490 448 3555 aliis
462 3493 656 3573 corporibus
672 3493 868 3557 coelestibus
884 3494 1085 3557 determinat
1104 3494 1336 3577 quantitatem.
1382 3491 1527 3576 Oportet

375 3594 475 3676 igitur
497 3616 690 3677 supponere,
713 3598 804 3679 quod
828 3598 958 3662 cubitus
979 3598 1127 3680 aequalis
1150 3609 1183 3662 et
1205 3596 1425 3680 geometricus
1448 3615 1528 3659 con-

375 3699 480 3763 tineat
503 3701 623 3781 pedem
650 3710 684 3763 et
710 3702 893 3777 dimidium,
917 3712 951 3766 et
975 3702 1113 3766 milliare
1144 3703 1292 3766 continet
1315 3718 1411 3781 4,000
1437 3700 1528 3765 cubi-

375 3812 495 3879 torum,
511 3812 544 3865 et
560 3804 606 3866 sic
621 3804 742 3886 accipit
757 3803 961 3889 Alfraganus
978 3808 1010 3868 in
1025 3828 1085 3871 sua
1100 3806 1373 3871 consideratione.
1407 3804 1530 3869 Omnis

375 4010 499 4091 gradus
520 4020 689 4074 vocantur.
739 4012 969 4095 Intelligamus
990 4014 1090 4097 igitur
1113 4014 1299 4077 maximum
1317 4011 1474 4077 circulum
1494 4012 1528 4073 in

376 4112 517 4195 sphaera
530 4112 676 4188 coelesti,
687 4116 743 4198 qui
760 4126 906 4181 transeat
918 4138 977 4199 per
992 4128 1142 4181 centrum
1159 4128 1194 4182 et
1208 4118 1337 4181 dividat
1352 4115 1530 4197 sphaeram

375 4217 511 4281 induas
532 4226 643 4301 partes
664 4220 829 4302 aequales.
876 4221 962 4285 Dico
984 4240 1064 4304 ergo
1084 4222 1174 4303 quod
1196 4222 1252 4284 uni
1275 4218 1415 4302 gradui¹
1433 4220 1529 4283 istius

410 4396 418 4424 ¹
434 4396 490 4444 The
498 4396 667 4459 firstattempt
674 4406 700 4447 to
708 4414 828 4461 compare
837 4399 945 4460 angular
952 4400 1132 4448 astronomical
1140 4401 1305 4462 magnitudes
1313 4401 1377 4449 with
1386 4400 1529 4448 terrestria]

376 4474 505 4522 distances
520 4490 576 4523 was
592 4476 647 4523 that
662 4477 692 4524 of
706 4476 894 4525 Eratosthenes
914 4477 980 4539 (rac
994 4479 1129 4539 276-196),
1141 4479 1202 4525 who
1219 4478 1300 4526 found
1314 4478 1370 4527 that
1385 4478 1466 4525 when
1483 4478 1529 4525 the

375 4566 423 4599 sun
435 4568 492 4601 was
503 4553 606 4602 vertical
618 4561 645 4603 at
657 4554 752 4616 Syene,
767 4555 787 4602 it
799 4570 854 4603 was
871 4554 1026 4603 one-fiftietb
1037 4564 1095 4618 part
1108 4556 1137 4604 of
1147 4572 1163 4605 a
1180 4563 1252 4618 grem
1269 4556 1346 4605 circle
1359 4557 1419 4617 (ie.
1434 4554 1461 4616 7⁰
1474 4554 1528 4618 η’)

374 4629 439 4677 from
461 4631 505 4679 the
523 4631 609 4681 zenith
629 4641 656 4681 at
676 4633 841 4683 Alexandria.
874 4632 931 4682 The
951 4633 1068 4682 distance
1088 4634 1209 4683 between
1229 4635 1275 4684 the
1294 4642 1347 4683 two
1367 4635 1455 4697 places
1472 4648 1529 4682 was
