3575 5375
381 657 440 718 214
603 638 759 697 OPERIS
783 636 972 707 MAJORIS
996 636 1110 695 PARS
1135 635 1319 709 QUARTA.

380 810 517 884 propter
543 801 724 885 scripturae
751 800 982 884 ignorantiam.
1029 797 1118 863 Nam
1145 799 1180 862 in
1206 801 1346 864 veritate
1368 797 1536 882 quaelibet

381 915 529 970 creatura
562 907 609 970 ibi
642 905 801 989 accipitur
834 905 1016 969 secundum
1052 903 1205 969 ultimam
1239 906 1290 967 sui
1327 903 1535 987 dignitatem,

382 1009 506 1075 scilicet
528 1012 710 1075 secundum
732 1030 845 1074 veram
869 1007 1093 1074 definitionem
1116 1018 1151 1072 et
1173 1009 1432 1091 descriptionem
1454 1006 1537 1089 ejus,

382 1115 460 1198 quia
484 1114 577 1178 Deus
599 1114 677 1179 fecit
703 1125 871 1179 creaturas
898 1134 981 1197 quas
1007 1113 1118 1196 posuit
1141 1113 1175 1176 in
1197 1112 1367 1195 scriptura,
1389 1121 1424 1176 et
1446 1111 1536 1175 solus

384 1220 455 1302 ipse
476 1219 543 1282 scit
572 1239 628 1282 eas
654 1220 740 1282 sicut
773 1229 860 1284 sunt.
907 1218 993 1283 Cum
1027 1217 1126 1301 igitur
1155 1217 1358 1300 geometrica
1387 1225 1536 1299 potestas

384 1324 567 1406 requiratur
592 1325 634 1388 ad
668 1324 891 1407 cognitionem
919 1324 1030 1388 omnis
1056 1332 1226 1388 creaturae
1255 1320 1444 1405 corporalis,
1470 1340 1538 1384 non

384 1437 435 1491 cst
465 1428 603 1492 dubium
630 1429 710 1511 quin
738 1425 896 1491 ineffabili
929 1429 1031 1491 modo
1059 1427 1170 1490 valeat
1195 1425 1376 1510 sapientiae
1405 1425 1538 1487 divinae

386 1542 521 1614 propter
537 1553 644 1595 rerum
661 1532 894 1615 cognitionem.

218 1661 342 1725 Explana—
431 1635 498 1700 Sed
516 1636 643 1699 rediens
658 1635 871 1717 spiritualiter
884 1636 928 1700 ad
950 1635 1157 1719 propositum
1173 1655 1263 1718 pono
1280 1633 1473 1718 exemplum
1493 1634 1538 1697 de

216 1725 314 1843 {2¹21ss
315 1791 373 1841 asti-
386 1739 556 1822 scriptura,
570 1760 657 1822 quae
672 1740 763 1817 dicit,
777 1738 842 1804 ‘sol
858 1738 1031 1823 tripliciter
1045 1739 1155 1803 exurit
1172 1737 1339 1814 montes¹,'
1354 1738 1413 1803 &c
1448 1738 1538 1801 Nam

217 1870 373 1921 cuneum.
387 1853 421 1907 et
445 1843 595 1908 incidunt
619 1844 700 1907 radii
724 1843 841 1907 infiniti
867 1845 911 1907 ad
940 1865 1039 1908 omne
1062 1856 1221 1927 punctum
1246 1843 1378 1918 montis,
1403 1851 1539 1928 propter

220 1941 243 1974 ν·
255 1940 279 1987 ⁴·
387 1948 478 2030 quod
503 1945 620 2012 infiniti
641 1957 766 2011 exeunt
782 1969 802 2010 a
824 1947 974 2031 quolibet
989 1956 1114 2030 puncto
1128 1948 1217 2026 soliS,
1232 1958 1265 2012 et
1288 1947 1348 2010 lux
1367 1956 1419 2010 est
1440 1967 1541 2010 causa

388 2052 505 2116 caloris
533 2052 680 2116 maxime
706 2072 783 2116 cum
810 2063 1039 2136 congregatur,
1066 2062 1103 2116 ut
1128 2053 1326 2117 sensibiliter
1350 2051 1481 2126 scimus,
1504 2061 1540 2114 et

388 2155 504 2220 infiniti
518 2155 757 2220 reflectuntura
772 2155 947 2237 superficie
959 2158 1090 2232 montis,
1101 2157 1180 2240 quia
1194 2178 1214 2220 a
1226 2159 1331 2221 denso
1342 2155 1381 2221 fit
1392 2154 1542 2231 reflexio,

388 2268 422 2324 et
448 2271 693 2343 congregantur
720 2261 752 2324 in
780 2262 871 2324 omni
900 2270 1024 2344 puncto
1049 2263 1144 2341 aeris,
1166 2271 1201 2325 et
1226 2260 1414 2325 distrahunt
1439 2279 1541 2322 omne

389 2374 548 2449 punctum
581 2366 674 2439 aeris,
707 2363 938 2429 rarefacientes
967 2385 1078 2429 aerem
1113 2385 1218 2449 prope
1251 2375 1389 2442 montes,
1425 2374 1458 2427 et
1493 2364 1542 2426 sic

388 2471 533 2534 secundo
559 2467 756 2532 calefaciunt
783 2481 924 2534 montes
972 2470 1017 2534 Et
1040 2491 1100 2554 per
1121 2471 1267 2534 medium
1290 2469 1427 2532 nubium
1451 2467 1541 2531 fran-

390 2583 512 2657 guntur
545 2574 625 2637 radii
656 2574 780 2656 duplici
811 2572 981 2653 fractione,
1008 2575 1115 2656 primo
1145 2575 1178 2638 in
1206 2572 1378 2657 superficie
1404 2573 1542 2637 nubium

390 2698 503 2742 versus
525 2675 640 2753 solem,
664 2679 741 2742 dein
769 2679 803 2741 in
829 2700 905 2744 aere
931 2680 1015 2744 iuter
1042 2680 1147 2745 nubes
1169 2688 1204 2744 et
1227 2691 1366 2747 montes.
1413 2678 1459 2742 Et
1483 2699 1543 2762 per

391 2781 478 2845 hanc
508 2781 676 2862 duplicem
707 2783 902 2847 fractionem
935 2794 986 2848 est
1018 2804 1152 2849 necesse
1181 2805 1297 2848 omnes
1326 2785 1434 2848 radios
1463 2783 1543 2847 solis

390 2888 561 2949 venientes
583 2887 626 2950 ab
650 2907 717 2950 uno
739 2897 863 2969 puncto
886 2908 1081 2954 concurrere
1101 2890 1145 2952 ad
1167 2890 1306 2953 invicem
1328 2890 1361 2952 in
1382 2898 1543 2971 punctum

392 3010 493 3053 unum
509 2990 542 3052 in
560 2999 672 3053 monte
687 2990 740 3055 vel
755 3011 830 3056 aere
845 3013 949 3076 prope
964 3002 1103 3072 montes,
1122 2993 1297 3077 praecipue
1312 2993 1345 3056 in
1366 2993 1451 3056 bene
1466 2993 1543 3056 altis

393 3094 560 3158 montibus
576 3105 610 3158 et
625 3094 771 3177 Alpibus
781 3092 801 3159 ².
841 3097 886 3160 Et
901 3098 948 3162 sic
963 3097 1021 3161 fiet
1036 3096 1126 3161 calor
1140 3098 1173 3160 in
1190 3097 1368 3171 montibus,
1384 3096 1461 3162 licet
1477 3117 1542 3160 non

394 3198 427 3261 in
443 3198 635 3277 altissimis;
657 3200 815 3283 quoniam
833 3211 963 3266 montes
980 3203 1037 3284 qui
1059 3204 1241 3267 ascendunt
1256 3221 1360 3283 usque
1379 3202 1424 3265 ad
1439 3201 1544 3264 nubes

391 3301 444 3366 vel
466 3322 570 3385 prope
596 3302 682 3367 sicut
704 3312 781 3367 sunt
809 3316 939 3370 montes
967 3305 1084 3370 Italiae
1109 3295 1143 3370 et
1172 3305 1362 3387 Hispaniae,
1385 3315 1419 3367 et
1449 3324 1545 3367 mons

394 3405 534 3471 Caucasi
546 3418 581 3472 et
594 3406 736 3490 Caspiae
747 3418 781 3473 et
796 3409 850 3472 alii
861 3409 1121 3486 innumerabiles,
1131 3408 1256 3474 habent
1271 3408 1373 3492 frigus
1386 3428 1544 3492 magnum

393 3520 426 3574 et
448 3511 539 3574 nives
560 3511 654 3593 quasi
677 3524 877 3595 perpetuas;
911 3513 990 3597 quia
1012 3513 1111 3576 nimis
1136 3514 1298 3578 accedunt
1328 3514 1370 3576 ad
1398 3513 1545 3576 medium

393 3613 605 3677 interstitium
629 3616 725 3695 aeris,
741 3619 796 3699 qui
820 3626 873 3681 est
896 3617 988 3682 locus
1011 3616 1241 3700 frigidissimus
1265 3617 1297 3679 in
1322 3616 1386 3680 hoc
1409 3617 1545 3681 mundo.

396 3717 440 3779 Et
468 3718 515 3781 sic
541 3737 562 3779 a
586 3717 725 3801 singulis
752 3722 883 3803 punctis
909 3721 988 3785 solis
1014 3722 1097 3785 radii
1119 3723 1287 3784 venientes
1309 3742 1349 3784 ac
1372 3722 1547 3804 dupliciter

395 3818 490 3885 fracti
512 3822 669 3886 incedunt
691 3836 725 3888 et
752 3836 970 3909 augmentant
1000 3825 1252 3891 calefactionem
1281 3828 1453 3891 montium.
1500 3826 1547 3890 Et

395 3924 477 3988 haec
502 3926 615 3990 omnia
641 3938 757 4009 patent
783 3949 841 4012 per
863 3930 1078 4014 figurationes
1102 3930 1362 4007 mathematicas,
1383 3932 1468 3994 sicut
1492 3951 1548 3995 ac·

395 4028 476 4092 cidit
501 4030 545 4092 de
572 4028 700 4113 beryllo
727 4036 870 4098 rotundo
900 4035 952 4098 vel
976 4034 1142 4117 crystallo,
1164 4035 1217 4099 vel
1242 4035 1368 4113 urinali‚
1389 4034 1442 4099 vel
1464 4055 1550 4117 quo·

395 4152 525 4214 cunque
542 4136 716 4219 perspicuo
727 4139 891 4221 ¹grossiori
910 4160 995 4204 aere.
1041 4138 1186 4223 Quando
1207 4140 1295 4203 enim
1311 4138 1393 4203 haec
1409 4159 1549 4221 corpora

429 4278 438 4307 ¹
454 4277 517 4327 This
534 4294 642 4342 passage
660 4283 686 4330 in
705 4284 749 4333 the
770 4284 884 4335 Revised
902 4286 1013 4334 Version
1030 4288 1053 4335 is
1070 4287 1147 4348 given
1168 4286 1245 4336 thus:
1270 4287 1309 4335 ‘A
1325 4302 1384 4335 man
1401 4286 1518 4347 hlowing
1534 4303 1552 4336 a

398 4357 502 4407 fornace
519 4359 541 4406 is
557 4359 585 4407 in
602 4362 689 4409 works
706 4362 735 4410 of
749 4362 827 4424 heat;
849 4365 895 4413 but
912 4366 956 4412 the
973 4380 1021 4413 sun
1039 4366 1114 4414 three
1131 4366 1206 4414 times
1223 4381 1305 4426 more,
1322 4366 1434 4426 hurning
1451 4381 1486 4428 up
1503 4367 1552 4416 the

398 4436 544 4485 mouutains
555 4434 572 4486 :’
589 4454 605 4485 a
616 4439 757 4502 rendering
768 4441 855 4491 which
866 4444 955 4492 would
967 4443 1088 4506 dispense
1098 4444 1163 4493 with
1176 4445 1287 4493 Bucon's
1299 4444 1429 4493 laborious
1439 4452 1553 4507 attempt

397 4522 424 4563 to
435 4514 538 4575 explain
551 4515 678 4579 rapimur.

429 4590 439 4620 ¹
455 4592 512 4642 The
520 4594 655 4656 following
663 4604 790 4646 sentence
798 4613 887 4647 seems
899 4606 927 4648 to
939 4599 1019 4662 imply
1027 4601 1082 4650 that
1091 4602 1157 4664 Alps
1168 4618 1214 4651 are
1225 4602 1325 4665 spoken
1338 4601 1402 4651 ofin
1413 4603 1459 4653 the
1470 4618 1554 4655 sense

398 4672 470 4719 usual
482 4672 508 4719 in
521 4672 701 4735 Switzerland,
714 4674 743 4724 of
751 4677 796 4726 the
806 4677 890 4727 lower
901 4680 1034 4727 mountain
1047 4687 1175 4743 pnstures.
