3575 5375
418 611 768 670 nzznznzzzczz
793 585 844 669 nv
866 612 1036 672 mvnvs
1064 613 1270 673 urrzrzzs.
1358 631 1418 690 207

266 776 299 840 in
326 775 502 839 Matthaeo
526 776 623 839 ‘Non
649 775 681 838 in
709 775 763 839 die
792 773 898 838 festo'
942 774 1009 840 Sed
1041 777 1112 840 dies
1138 777 1241 842 festus
1271 787 1322 841 est
1348 778 1419 842 dies

266 899 472 961 azymorum,
484 879 540 960 qui
557 879 713 958 instabat,
727 889 761 943 et
776 878 847 942 dies
863 900 1059 961 azymorum
1074 890 1125 945 est
1140 903 1195 944 xv.
1235 881 1326 965 Ergo
1342 892 1420 946 ante

267 983 330 1048 suit
340 984 478 1047 occisus.
509 983 594 1047 Item
604 983 751 1065 Joannes
760 984 850 1055 xviii,
860 983 954 1047 ‘Nou
965 985 1159 1048 introierunt
1171 986 1204 1049 in
1216 987 1417 1067 praetorium

268 1097 305 1151 ut
324 1108 391 1150 non
415 1088 729 1166 contaminarentur,
743 1088 801 1150 sed
825 1088 1062 1153 manducarent
1081 1087 1228 1152 Pascha'
1274 1089 1365 1173 Ergo
1386 1091 1420 1152 in

266 1211 405 1272 vespera
438 1192 597 1272 proximo
627 1201 765 1255 ventura
797 1194 1038 1256 manducarunt
1072 1193 1199 1257 Pascha
1212 1215 1220 1272 ;
1257 1195 1284 1258 si
1321 1195 1421 1278 igitur

268 1296 429 1376 accipitur
453 1295 498 1358 ibi
527 1295 654 1358 Pascha
680 1315 741 1377 pro
771 1315 859 1378 agno
886 1295 1042 1378 paschali,
1066 1297 1099 1359 In
1123 1317 1261 1381 vespera
1289 1298 1343 1361 illa
1372 1299 1420 1361 in-

268 1399 423 1482 cipiebat
441 1419 488 1461 xv
519 1399 598 1475 dles,
628 1408 663 1462 et
693 1398 753 1462 suit
783 1399 862 1463 luna
890 1422 946 1473 xv,
977 1411 1011 1464 et
1040 1411 1121 1465 tunc
1150 1404 1418 1484 computabatur.

269 1503 360 1586 Ergo
383 1512 460 1567 ante
481 1502 571 1565 illam
594 1523 766 1586 vesperam
786 1504 848 1567 fuit
872 1503 930 1566 xiv
953 1504 1038 1568 luna.
1085 1503 1198 1587 Quare
1212 1507 1340 1570 occisus
1359 1506 1420 1570 suit

269 1604 434 1670 Dominus
468 1606 525 1669 xiv
554 1605 641 1682 luna,
671 1607 756 1670 sicut
790 1627 896 1691 agnus
929 1607 1093 1691 paschalis
1126 1609 1159 1672 in
1194 1608 1276 1692 lege.
1334 1609 1420 1674 Cum

268 1721 379 1774 autem
403 1710 532 1785 dicitur,
548 1711 638 1792 quod
660 1711 784 1775 Pascha
802 1711 847 1775 ibi
871 1732 938 1776 non
957 1712 1100 1776 sumitur
1120 1714 1212 1778 dicto
1235 1715 1345 1790 modo,
1360 1715 1419 1778 sed

268 1814 372 1894 aliter,
394 1814 458 1878 hoc
481 1835 547 1878 non
572 1825 681 1896 potest
711 1815 834 1879 habere
859 1818 1092 1890 auctoritatem
1121 1838 1166 1881 ex
1195 1819 1365 1900 scriptura,
1386 1827 1422 1881 et

269 1918 345 1982 ideo
374 1919 492 1982 eadem
524 1917 680 1982 facilitate
710 1920 932 1982 contemnitur
956 1921 1137 1984 secundum
1166 1921 1422 2003 Hieronymum,

269 2043 335 2105 qua
357 2023 526 2105 probatur.
572 2020 748 2086 Caeterum
772 2042 848 2086 cum
870 2025 985 2087 dicunt
1008 2024 1134 2088 Pascha
1155 2025 1210 2088 hic
1233 2026 1338 2107 accipi
1362 2047 1422 2108 pro

270 2128 408 2208 azymis,
430 2126 494 2189 hoc
524 2146 597 2190 esse
626 2146 691 2188 non
726 2137 847 2210 potest
896 2127 984 2190 Nam
1015 2129 1186 2199 immundi,
1210 2127 1288 2195 licet
1311 2130 1421 2211 prohi-

270 2232 411 2295 beantur
437 2230 535 2294 edere
561 2231 696 2307 Pascha,
719 2231 751 2294 id
776 2240 828 2294 est
852 2251 978 2314 agnum
1000 2231 1199 2314 paschalem,
1221 2254 1286 2297 non
1309 2243 1421 2297 tamen

271 2335 530 2416 prohibebantur
545 2337 643 2399 edere
658 2355 787 2416 azyma,
802 2335 829 2400 si
847 2347 925 2417 post
947 2338 1186 2400 comestionem
1209 2337 1285 2418 agni
1306 2337 1422 2400 fierent

271 2440 445 2504 immundi.
493 2440 602 2502 Immo
625 2440 652 2502 si
675 2439 793 2522 aliquis
815 2440 1013 2504 fermentum
1037 2441 1235 2506 comederet.
1250 2441 1333 2504 dicit
1355 2441 1422 2518 lex,

272 2544 386 2608 Exodi
409 2545 463 2620 xii,
479 2545 569 2626 quod
593 2543 714 2627 periret
737 2546 779 2608 de
802 2553 899 2608 coetu
924 2544 1034 2608 Israel.
1081 2544 1265 2622 Praeterea,
1288 2565 1348 2609 nec
1371 2545 1421 2607 in-

270 2648 463 2713 veniebatur
483 2647 679 2713 fermentum
697 2649 730 2712 iu
746 2648 899 2714 domibus
915 2669 1029 2713 eorum
1046 2648 1158 2714 inillis
1178 2648 1306 2729 diebus,
1320 2669 1423 2733 quare

272 2764 350 2817 tunc
376 2774 445 2817 non
469 2754 682 2817 comederent
704 2773 825 2836 panem
849 2774 909 2835 per
930 2754 974 2817 vii
993 2754 1073 2829 dies,
1095 2754 1187 2837 quod
1209 2763 1260 2817 est
1283 2755 1422 2818 omnino

270 2859 460 2922 absurdum.
507 2858 553 2921 Et
575 2859 650 2921 ideo
673 2878 738 2922 non
758 2858 859 2922 habet
880 2857 962 2921 haec
983 2858 1153 2939 responsio
1170 2857 1290 2922 locum.
1336 2858 1422 2922 Item

271 2961 416 3043 Joannes
438 2963 513 3039 xlx,
528 2962 630 3026 ‘Erat
648 2972 759 3027 autem
783 2983 961 3046 parasceve
979 2960 1145 3026 Paschae.'
1190 2962 1282 3044 Ergo
1304 2963 1422 3026 eadem

272 3066 326 3130 die
341 3066 383 3130 ad
399 3086 571 3150 vesperam
591 3078 788 3149 paraverunt
805 3066 941 3131 Pascha.
984 3066 1052 3130 Sed
1073 3066 1207 3149 quando
1225 3079 1423 3147 paraverunt

273 3170 399 3234 Pascha
416 3171 593 3253 incipiebat
605 3192 651 3234 xv
662 3170 747 3233 luna.
784 3170 876 3254 Ergo
891 3190 968 3232 cum
984 3170 1046 3233 luit
1057 3189 1173 3252 passus
1186 3181 1274 3246 ante,
1284 3170 1345 3233 suit
1356 3171 1424 3233 xiv.

273 3276 360 3339 Item
382 3276 530 3357 Joannes
554 3275 684 3350 eodem,
707 3274 782 3336 ‘Ibi
808 3295 896 3356 ergo,
919 3282 1055 3356 propter
1080 3294 1279 3355 parasceven
1302 3274 1426 3356 Judae-

271 3400 375 3451 omm,
391 3379 469 3459 quia
481 3378 579 3459 juxta
595 3386 667 3441 erat
687 3386 949 3454 monumentum,
964 3386 1147 3457 posuerunt
1160 3374 1298 3458 Jesum.'
1344 3378 1425 3441 Ideo

272 3483 362 3546 enim
384 3480 649 3545 acceleraverunt
672 3480 817 3563 sepelire,
836 3501 877 3544 ne
896 3480 929 3544 in
950 3481 1006 3544 die
1023 3501 1069 3544 xv
1087 3480 1274 3562 sepelirent,
1290 3502 1368 3545 nam
1392 3484 1425 3545 in

272 3587 327 3649 die
347 3605 542 3668 azymorum
561 3605 627 3647 non
649 3584 842 3667 sepelissent
865 3605 952 3662 eum,
967 3585 1045 3667 quia
1067 3584 1195 3647 nullum
1219 3584 1425 3668 sepeliebant

273 3692 306 3754 in
324 3690 507 3774 praecipuis
523 3688 624 3765 sestis,
639 3690 724 3752 sicut
742 3698 820 3752 sunt
836 3688 972 3761 Pascha,
986 3688 1192 3768 Pentecoste,
1207 3687 1425 3773 Scenopegia,

272 3805 307 3858 et
329 3793 529 3877 hujusmodi.
577 3793 662 3857 Item
687 3794 799 3857 Lucae
820 3793 917 3872 xxiii,
940 3793 1007 3856 ‘Et
1027 3804 1230 3857 revertentes
1253 3793 1424 3873 mulieres,'

273 3898 397 3962 scilicet
425 3898 459 3960 in
483 3899 538 3962 die
562 3894 792 3974 crucifixionis,
808 3901 1025 3981 ‘paraverunt
1046 3907 1206 3976 aromata,
1228 3908 1263 3962 et
1284 3899 1425 3964 sabbato

273 4002 408 4083 quidem
435 4002 594 4065 siluerunt
617 4002 798 4065 secundum
823 3998 1040 4065 mandatum'
1087 4000 1179 4084 Ergo
1205 4000 1262 4066 illo
1284 4003 1340 4066 die
1359 4023 1425 4066 non

272 4106 335 4169 luit
372 4106 441 4168 dies
474 4125 679 4187 azymorum,
702 4104 759 4168 sed
790 4106 865 4180 xIv;
895 4125 961 4167 non
992 4105 1081 4168 enIm
1112 4105 1204 4168 licuit
1233 4104 1281 4167 eis
1310 4125 1426 4187 parare

272 4220 423 4273 aromata
453 4209 486 4272 in
517 4209 570 4273 die
600 4228 804 4290 azymorum.
850 4208 939 4272 Nam
968 4208 1081 4273 Exodi
1107 4209 1157 4272 xii
1187 4208 1230 4272 de
1259 4210 1368 4290 prima
1391 4218 1426 4272 et

274 4313 394 4377 ultima
423 4314 477 4377 die
507 4332 701 4395 azymorum
732 4312 860 4386 dicitur,
885 4312 995 4375 ‘Nihil
1026 4313 1134 4396 operis
1165 4312 1293 4376 iacietis
1321 4312 1425 4375 ineis

273 4418 424 4499 exceptis
453 4417 515 4497 his,
539 4437 624 4499 quae
653 4418 697 4481 ad
720 4416 922 4479 vescendum
953 4413 1138 4499 pertinent'
1193 4414 1270 4498 Qua
1300 4416 1426 4479 ratione

274 4522 362 4585 enim
378 4520 543 4586 siluissent
559 4520 614 4585 die
629 4520 770 4585 sabbato
786 4531 924 4604 propter
940 4521 1145 4597 mandatum,
1160 4521 1277 4583 eadem
1299 4520 1426 4583 ratione

273 4625 441 4691 siluissent
472 4626 506 4689 in
536 4624 591 4688 die
612 4624 762 4700 Veneris,
784 4626 812 4689 si
842 4624 957 4688 suisset
986 4623 1057 4688 dies
1085 4641 1291 4707 azymorum.
1335 4622 1425 4687 Nam
