3575 5375
399 664 440 724 42
606 646 762 705 OPERIS
786 646 975 716 MAJORIS
1000 644 1113 703 PARS
1138 644 1348 704 SECUNDA.

397 811 455 888 vit,
478 810 569 893 quod
594 829 660 874 non
685 810 925 894 potest-homo
949 828 1066 872 causas
1089 828 1195 873 rerum
1220 809 1312 886 scire,
1334 808 1397 871 nisi
1422 806 1456 871 in
1479 804 1552 873 luce

399 914 521 992 divina,
537 923 570 978 et
594 934 651 996 per
665 916 789 978 donum
806 913 886 996 ejus.
933 914 978 976 Et
993 913 1133 996 quilibet
1149 923 1259 996 potest
1275 932 1335 997 per
1349 932 1385 977 se
1408 913 1549 996 experiri

398 1019 488 1101 quod
513 1019 593 1083 nihil
616 1018 725 1100 primo
747 1020 790 1082 ab
813 1018 947 1081 homine
968 1018 1132 1082 invenitur
1148 1020 1238 1100 quod
1259 1016 1302 1080 sit
1320 1018 1363 1080 de
1384 1024 1551 1099 potestate

398 1123 639 1207 philosophiae.
685 1124 731 1187 Et
747 1142 837 1207 pono
852 1123 894 1185 de
911 1122 1049 1186 minimo
1064 1123 1255 1205 exemplum
1269 1146 1276 1197 ;
1299 1122 1455 1204 quoniam
1474 1122 1550 1185 licet

398 1228 596 1292 universalia
623 1228 798 1312 Porphyrii
828 1237 906 1290 sunt
934 1228 1023 1311 apud
1051 1247 1126 1290 eum
1158 1227 1355 1291 sufficienter
1381 1226 1550 1307 explicata

398 1352 456 1416 per
474 1333 626 1414 logicam,
646 1332 918 1415 metaphysicam,
934 1342 967 1395 et
986 1331 1169 1395 naturalem
1192 1330 1437 1415 philosophiam
1459 1331 1548 1393 suffi-

397 1436 596 1500 cientissime
609 1437 807 1519 expositam,
816 1447 929 1499 tamen
945 1445 1074 1499 nonest
1089 1435 1193 1498 homo
1209 1435 1255 1497 ita
1273 1435 1357 1498 bene
1372 1436 1549 1510 studiosus,

397 1540 477 1623 quin
498 1549 630 1623 oportet
654 1551 691 1603 ut
707 1540 860 1604 doctores
881 1540 1002 1603 habeat
1017 1550 1051 1602 et
1072 1560 1130 1622 per
1150 1539 1250 1621 longa
1265 1547 1417 1622 tempora
1435 1538 1549 1603 audiat

397 1654 431 1707 et
446 1645 588 1721 studeat,
606 1656 782 1727 antequam
799 1644 882 1708 sciat
899 1654 1003 1707 totam
1020 1644 1192 1707 veritatem
1214 1643 1456 1707 universalium.
1503 1642 1548 1706 Et

397 1748 506 1811 nullus
528 1750 587 1811 vix
611 1759 688 1812 ante
710 1757 849 1812 mortem
873 1750 1061 1830 cognoscit;
1092 1750 1183 1831 quod
1207 1758 1300 1829 patet
1323 1757 1458 1831 propter
1481 1749 1548 1811 dis·

396 1854 543 1916 cordiam
571 1854 719 1916 omnium
733 1853 752 1927 ¹,
775 1854 853 1936 quia
881 1853 981 1936 aliqui
1009 1863 1138 1934 ponunt
1164 1872 1203 1915 ea
1229 1852 1335 1916 solum
1365 1853 1398 1915 in
1428 1853 1548 1929 anima,

396 1956 496 2039 aliqui
524 1967 630 2032 extra,
653 1958 754 2039 aliqui
780 1958 890 2020 medio
916 1958 1026 2021 modo.
1073 1956 1108 2022 Si
1135 1958 1235 2039 igitur
1260 1956 1334 2019 talis
1362 1956 1548 2038 ignorantia

395 2071 444 2124 est
466 2062 594 2139 horum,
611 2062 716 2125 multo
740 2062 846 2144 magis
867 2082 926 2145 per
946 2083 982 2124 se
1003 2082 1170 2145 nunquam
1192 2060 1360 2143 perveniet
1382 2061 1485 2123 homo
1504 2062 1547 2125 ad

392 2166 564 2229 veritatem
589 2165 873 2249 philosophorum.
922 2165 1135 2249 Quapropter
1155 2167 1329 2231 veritatem
1353 2165 1469 2228 horum
1497 2174 1547 2229 est

394 2290 527 2334 necesse
541 2291 561 2333 a
577 2271 739 2354 principio
760 2272 859 2334 luisse
877 2270 1000 2334 homini
1019 2270 1206 2333 revelatam·
1253 2270 1298 2332 Et
1319 2288 1393 2332 cum
1414 2269 1546 2351 puerilis

394 2373 551 2437 revelatio
571 2386 621 2438 est
642 2375 833 2451 necessaria,
849 2375 954 2438 multo
975 2374 1092 2439 lortius
1113 2374 1234 2439 intuta
1255 2373 1417 2455 sapientia
1438 2373 1546 2455 philo·

393 2478 541 2561 sophiae,
560 2480 651 2559 quod
670 2488 703 2542 et
721 2501 741 2543 a
761 2478 837 2543 Deo
857 2489 917 2551 est,
937 2490 970 2543 et
994 2478 1048 2542 ille
1067 2479 1158 2542 dedit
1179 2488 1212 2541 et
1233 2478 1400 2554 revelavit,
1414 2487 1448 2541 et
1471 2478 1546 2541 ideo

394 2592 525 2665 oportet
541 2584 629 2665 quod
645 2602 725 2647 suae
740 2583 923 2666 sapientiae
939 2584 982 2647 sit
997 2583 1185 2648 conformis.

805 2873 1030 2940 Cnrrrunurr
1053 2875 1134 2939 Vll.

220 3044 314 3093 needed
326 3043 365 3094 tor
439 3026 614 3093 Caeterum
640 3029 742 3094 totius
767 3029 997 3113 philosophiae
1019 3032 1184 3109 decursus,
1208 3028 1358 3095 consistit
1380 3029 1413 3093 in
1435 3050 1486 3102 eo,
1508 3038 1545 3094 ut

221 3109 303 3226 {lxo
321 3112 380 3162 ‘¹¹⁵³'
393 3154 453 3216 per
461 3134 683 3216 cognitionem
695 3154 776 3198 suae
786 3145 955 3200 creaturae
968 3145 1186 3217 cognoscatur
1198 3144 1335 3212 creator,
1344 3134 1396 3198 cui
1409 3145 1545 3219 propter

219 3240 302 3292 dtr-ine
392 3239 608 3302 reverentiam
630 3238 812 3321 majestatis
835 3250 868 3305 et
892 3239 1090 3304 beneficium
1114 3239 1287 3303 creationis
1311 3249 1345 3304 et
1370 3258 1542 3304 conserva-

220 3309 295 3358 ΠΜ
393 3343 492 3406 tionis
518 3353 553 3406 et
576 3342 705 3408 suturae
731 3344 896 3409 felicitatis
922 3346 1083 3409 serviatur
1112 3345 1144 3408 in
1175 3345 1265 3407 cultu
1297 3341 1479 3408 honorifico
1509 3356 1543 3411 et

390 3467 520 3510 morum
541 3446 787 3531 pulchritudine
804 3460 837 3513 et
856 3447 968 3533 legum
992 3447 1120 3514 utilium
1140 3447 1330 3524 honestate3
1353 3449 1441 3512 utin
1460 3469 1542 3533 pace

387 3559 421 3612 et
443 3551 617 3615 honestate
639 3553 753 3615 vivant
777 3552 928 3617 homines
952 3555 985 3616 in
1008 3553 1069 3616 hac
1092 3553 1170 3616 vita.
1217 3551 1430 3635 Philosophia
1453 3554 1542 3617 enim

387 3653 590 3737 speculativa
627 3656 771 3720 decurrit
808 3677 912 3739 usque
950 3659 992 3721 ad
1031 3657 1255 3740 cognitionem
1289 3657 1445 3720 creatoris
1482 3677 1541 3740 per

387 3768 561 3821 creaturas.
607 3759 653 3821 Et
674 3758 807 3822 moralis
826 3760 1036 3843 philosophia
1061 3780 1191 3824 morum
1214 3761 1434 3834 honestatem,
1451 3760 1542 3844 leges

384 3859 499 3940 justas,
514 3870 548 3924 et
568 3861 694 3924 cultum
714 3863 777 3924 Dei
798 3865 923 3938 statuit,
939 3873 973 3928 et
994 3865 1169 3947 persuadet
1190 3863 1363 3928 defutura
1383 3863 1540 3930 felicitate

387 3963 511 4026 utiliter
525 3974 559 4026 et
576 3964 751 4047 magnifice
766 3969 947 4031 secundum
960 3969 1051 4051 quod
1068 3967 1226 4051 possibile
1237 3979 1288 4032 est
1300 3967 1538 4052 philosophiae.

389 4065 484 4130 Haec
499 4079 575 4131 sunt
592 4078 682 4133 certa
697 4071 955 4135 discurrentibus
972 4093 1032 4155 per
1052 4092 1168 4135 omnes
1185 4081 1295 4156 partes
1311 4071 1541 4156 philosophiae

418 4237 427 4265 ¹
445 4237 555 4287 Bacon's
578 4240 688 4289 attitude
705 4241 732 4288 in
750 4242 795 4290 the
812 4249 983 4304 controversy
1000 4258 1034 4291 on
1054 4242 1208 4292 Universsls
1225 4243 1246 4290 is
1264 4249 1310 4290 not
1327 4257 1391 4304 easy
1408 4250 1435 4292 to
1453 4243 1540 4292 detine

384 4316 449 4364 with
462 4316 599 4377 precision.
636 4319 824 4380 ‘Universale,'
834 4322 867 4369 he
885 4337 947 4384 says
962 4321 1127 4384 (Communia
1144 4320 1332 4384 Naturalium),
1345 4325 1413 4369 ‘non
1432 4329 1471 4370 est
1490 4321 1539 4370 nisi

384 4395 566 4444 convenientia
575 4395 684 4460 plurium
692 4397 899 4448 individuorum’
928 4399 983 4448 The
992 4399 1119 4448 universal
1129 4406 1245 4448 anteum
1253 4402 1286 4449 he
1296 4401 1407 4461 entirely
1416 4401 1539 4460 rejected.

384 4473 564 4522 ‘ludividuum
576 4483 617 4524 est
628 4475 700 4537 prius
715 4478 858 4524 secundum
870 4477 1004 4526 naturam)
1039 4477 1090 4526 See
1103 4477 1234 4527 Chsrles's
1251 4480 1419 4540 monogrsph‚
1433 4493 1476 4541 pp.
1491 4493 1540 4540 ⁹39

382 4553 435 4600 and
446 4552 536 4614 383-9.
554 4553 579 4601 A
587 4563 712 4616 property
721 4555 882 4603 orattn'bute
890 4571 1008 4604 common
1019 4563 1045 4606 to
1054 4558 1155 4605 several
1164 4555 1319 4606 individuals
1328 4563 1346 4619 'q‘
1356 4566 1447 4606 natura
1454 4557 1540 4620 aliqua

383 4630 525 4678 communis
536 4631 600 4679 solis
612 4631 750 4681 individuis
757 4630 775 4696 ')
786 4633 873 4681 would
890 4647 961 4681 seem
974 4641 1001 4681 to
1018 4634 1050 4682 be
1067 4635 1107 4682 his
1124 4634 1259 4683 definition
1277 4635 1307 4683 ol
1320 4636 1347 4684 it.
1383 4636 1435 4685 But
1450 4636 1539 4687 Becon

382 4708 502 4757 attached
514 4708 566 4758 less
578 4710 737 4770 importunes
750 4718 777 4759 to
788 4711 833 4758 the
844 4719 1015 4776 controversy
1027 4713 1090 4762 than
1102 4713 1145 4762 his
1155 4715 1381 4778 contemporaries.
