3575 5375
590 647 830 708 CORRECTIO
858 647 1134 708 CALENDARII.
1367 663 1428 724 279

276 821 396 892 quater
415 809 478 874 xix
500 810 580 875 anni
603 813 742 877 redeunt
764 813 808 877 ad
839 811 930 876 idem
954 813 1117 894 temporis
1140 811 1348 895 principium,
1370 814 1427 895 qui

276 913 399 978 faciunt
419 914 514 978 lxxvi
534 934 650 994 annos,
672 926 708 981 et
733 937 865 1000 semper
890 926 1076 998 aequantur
1103 916 1177 979 aliis
1203 914 1297 978 lxxvi
1323 918 1428 982 annis.

277 1017 313 1082 Si
330 1038 410 1100 ergo
431 1029 655 1102 aggregentur
674 1030 725 1084 ter
745 1022 807 1084 xix
828 1019 957 1084 minuta
977 1029 1012 1083 et
1032 1021 1149 1084 decem
1170 1021 1324 1095 secunda,
1340 1039 1427 1102 quae

274 1123 415 1205 quilibet
441 1125 502 1186 xix
529 1125 608 1188 anni
635 1124 797 1189 habentes
820 1124 968 1207 quinque
992 1125 1144 1189 bisextus
1172 1124 1301 1189 addunt
1327 1145 1428 1208 super

275 1246 412 1290 ccxxxv
447 1227 641 1306 lunationes,
672 1229 866 1311 provenient
896 1228 993 1293 nobis
1022 1228 1077 1293 lvii
1109 1229 1238 1292 minuta
1278 1237 1312 1291 et
1349 1249 1426 1292 xxx

274 1333 429 1410 secunda,
452 1333 574 1415 quibus
591 1333 645 1397 isti
668 1343 717 1396 ter
738 1333 800 1396 xix
823 1333 901 1396 anni
922 1332 1086 1396 habentes
1107 1334 1254 1416 quinque
1275 1332 1426 1398 bisextus

274 1434 372 1498 simul
388 1437 512 1518 sumpti
523 1437 691 1500 excedunt
704 1457 779 1500 suas
791 1436 987 1501 lunationes.
1022 1436 1091 1502 Sed
1104 1438 1166 1500 xix
1176 1437 1252 1500 anni
1265 1437 1426 1501 habentes

274 1549 405 1604 tantum
422 1541 493 1604 dies
508 1552 651 1624 quatuor
667 1541 839 1605 bisextiles
854 1550 932 1605 sunt
953 1541 1096 1606 minores
1116 1543 1183 1605 suis
1199 1541 1425 1606 lunationibus

274 1644 307 1707 in
330 1643 366 1708 xl
391 1645 526 1708 minutis
544 1657 577 1710 et
599 1645 609 1708 l
632 1646 793 1710 secundis.
839 1643 875 1710 Si
897 1646 999 1729 igitur
1020 1645 1259 1711 subtrahantur
1284 1645 1367 1710 haec
1387 1644 1425 1708 xl

274 1748 401 1813 minuta
416 1761 450 1813 et
473 1749 484 1812 l
504 1751 650 1813 secunda
665 1770 685 1813 a
700 1749 878 1832 praedictis
894 1749 951 1813 lvii
967 1751 1105 1814 minutis
1120 1760 1153 1813 et
1169 1771 1245 1813 xxx
1260 1750 1425 1826 secundis,

274 1852 498 1935 relinquentur
520 1854 578 1917 xvi
610 1855 738 1918 minuta
769 1864 804 1919 et
825 1853 863 1917 xl
886 1857 1041 1930 secunda,
1063 1855 1183 1937 quibus
1213 1864 1332 1937 quater
1360 1855 1423 1917 xix

272 1958 350 2020 anni
379 1958 511 2036 solares,
533 1959 590 2042 qui
621 1957 746 2025 faciunt
768 1958 863 2022 lxxvi
887 1979 1004 2032 annos,
1027 1959 1196 2023 excedunt
1225 1980 1301 2023 suas
1330 1960 1421 2022 luna-

272 2061 388 2128 tiones.

317 2164 362 2228 Et
378 2165 430 2230 hic
450 2176 502 2230 est
522 2167 647 2249 primus
667 2186 756 2228 error
777 2163 944 2240 notabilis,
960 2185 1060 2248 quem
1078 2187 1099 2230 a
1120 2166 1282 2247 principio
1300 2167 1422 2242 notavi,

272 2289 315 2331 ex
335 2290 402 2352 quo
423 2271 570 2352 sequitur
589 2269 762 2334 secundus
808 2269 897 2332 Nam
916 2271 944 2332 si
963 2269 1164 2351 accipiamus
1190 2279 1308 2352 quater
1327 2269 1422 2332 lxxvi

271 2393 385 2452 annos,
412 2374 470 2455 qui
495 2373 620 2438 faciunt
647 2373 738 2436 ccciv
760 2391 875 2451 annos,
899 2373 1104 2455 superabunt
1130 2391 1207 2436 suas
1234 2372 1423 2438 lunationes

272 2480 303 2544 in
327 2477 466 2560 quater¹
493 2478 551 2540 xvi
584 2477 718 2540 minutis
748 2485 780 2540 et
812 2476 850 2539 xl
879 2476 1042 2541 secundis.
1089 2474 1158 2541 Sed
1180 2476 1263 2540 haec
1287 2488 1424 2560 sumpta

271 2592 390 2664 quater
416 2582 538 2645 iaciunt
570 2601 672 2644 unum
702 2581 791 2645 diem
822 2590 855 2645 et
886 2602 947 2645 sex
973 2581 1112 2656 minuta,
1138 2591 1172 2644 et
1201 2579 1238 2643 xl
1265 2581 1422 2644 secunda.

272 2686 482 2770 Relinquitur
506 2706 585 2768 ergo
616 2706 705 2750 error
735 2686 908 2766 secundus,
930 2686 1022 2769 quod
1046 2685 1135 2751 ccciv
1156 2685 1232 2750 anni
1264 2697 1422 2769 superant

271 2811 348 2856 suas
371 2791 558 2856 lunationes
588 2792 621 2854 in
647 2811 713 2854 uno
738 2792 793 2855 die
823 2799 857 2854 et
879 2792 913 2854 vi
936 2791 1072 2855 minutis
1102 2792 1200 2854 unius
1225 2792 1290 2856 diei
1319 2800 1354 2855 et
1384 2792 1421 2855 xl

270 2897 434 2961 secundis.
482 2896 527 2959 Et
553 2894 628 2960 ideo
657 2894 780 2960 accidit
802 2896 893 2977 quod
925 2904 1003 2978 post
1031 2896 1122 2959 ccciv
1144 2916 1249 2959 anuos
1271 2895 1421 2959 dicamus

269 3000 452 3064 secundum
467 2998 688 3065 calendarium
704 3000 815 3063 lunam
837 3000 988 3082 primam,
1005 3001 1078 3082 ipsa
1101 3000 1266 3065 existente
1287 3000 1420 3081 majoris

270 3107 390 3169 aetatis
416 3106 603 3188 quantitate
629 3105 727 3168 unius
752 3104 817 3168 diei
841 3112 874 3167 et
897 3104 931 3167 vi
954 3105 1158 3167 minutorum
1182 3114 1217 3167 et
1242 3103 1279 3166 xl
1305 3124 1420 3168 secun·

269 3211 398 3273 dorum.
444 3209 491 3273 Et
506 3210 534 3272 si
547 3209 630 3273 haec
646 3209 809 3280 accidunt,
827 3206 1038 3271 manifestum
1058 3218 1110 3272 est
1130 3208 1315 3289 inquirenti,
1329 3210 1420 3290 quod

271 3313 489 3395 multiplicato
522 3322 673 3395 tempore
710 3310 1017 3394 multiplicabuntur
1045 3310 1317 3374 inconvenientia
1374 3311 1420 3376 Et

270 3418 346 3481 ideo
365 3426 442 3499 post
456 3416 551 3498 4‚256
567 3436 672 3479 annos
687 3414 814 3477 dicetur
832 3414 911 3479 luna
925 3415 1033 3496 prima
1051 3415 1230 3478 secundum
1247 3424 1420 3495 computa·

269 3523 395 3585 tionem
411 3519 600 3596 calendarii,
611 3518 746 3600 quando
762 3518 834 3600 ipsa
849 3518 913 3580 erit
927 3518 1027 3599 plena
1041 3517 1174 3581 lumine.
1214 3517 1259 3579 Et
1275 3519 1420 3593 ulterius,

268 3626 358 3708 quod
386 3645 451 3689 una
475 3624 603 3687 lunatio
628 3624 757 3705 integra
780 3622 1084 3705 superabundabit3
1109 3632 1143 3686 et
1169 3624 1305 3687 tandem
1328 3626 1419 3706 quod

269 3738 401 3793 centum
418 3728 602 3792 lunationes
617 3728 648 3790 in
666 3727 815 3791 maximo
832 3738 983 3809 tempore
998 3725 1209 3810 superfluent,
1225 3727 1311 3791 sicut
1326 3740 1420 3809 patet

268 3852 328 3915 per
343 3834 469 3897 radices
481 3832 550 3915 jam
567 3833 671 3897 datas.
716 3832 748 3895 N
751 3851 788 3895 ec
809 3840 860 3895 est
880 3850 1014 3895 necesse
1031 3833 1138 3895 lacere
1152 3834 1420 3915 computationes

270 3937 410 4018 majores
426 3958 487 4021 pro
503 3937 666 4019 praesenti
679 3936 898 4020 persuasione,
912 3936 991 4019 quia
1006 3946 1180 4019 promptae
1190 3948 1268 4000 sunt
1279 3937 1419 4001 demon-

268 4043 445 4106 strationes
468 4043 511 4106 ad
535 4039 607 4119 hoc,
627 4060 702 4105 curn
730 4040 826 4104 suerit
853 4050 1089 4123 opportunum.
1135 4040 1420 4105 Manifestissimus

268 4146 368 4229 igitur
389 4155 441 4211 est
464 4166 551 4209 error
569 4144 805 4229 primationum
827 4144 1011 4207 secuudum
1033 4144 1266 4220 calendarium,
1290 4155 1325 4209 et
1352 4166 1417 4209 non

268 4270 352 4313 unus
367 4250 426 4313 sed
442 4250 626 4331 multiplex,
642 4269 701 4313 nec
717 4269 838 4331 parvus
853 4248 912 4310 sed
927 4249 1022 4330 quasi
1041 4247 1196 4313 infinitus.

312 4355 358 4418 Et
373 4374 448 4419 cum
465 4355 511 4419 ita
526 4354 568 4417 sit
582 4373 671 4417 error
685 4353 769 4435 cycli
785 4353 1097 4418 decemnovennalis
1112 4353 1145 4415 in
1159 4353 1298 4435 singulis
1312 4353 1418 4429 annis,
1431 4376 1511 4427 Ermr
1521 4380 1547 4427 ὴ,

267 4461 413 4543 sequitur
434 4458 523 4542 quod
545 4455 695 4520 similiter
715 4458 777 4520 erit
797 4478 886 4521 error
906 4458 940 4520 in
961 4458 1064 4539 cyclis
1083 4467 1282 4539 epactarum.
1329 4455 1418 4519 Nam
1430 4444 1586 4508 theepacis.

267 4566 302 4628 xi
329 4566 400 4628 dies
429 4570 656 4626 excrescentes
687 4561 720 4625 in
749 4582 836 4625 anno
866 4561 966 4626 solari
990 4581 1091 4643 supcr
1119 4580 1243 4624 annum
1270 4559 1417 4624 lunarem

708 4696 717 4727 ¹
733 4696 758 4757 J.
772 4696 819 4745 uas
830 4697 981 4760 quaeritne.
