3575 5375
389 597 740 658 MATHEMATICAE
763 600 814 660 ΙΝ
836 569 1041 661 PHYSJCIS
1067 601 1273 661 UTILITAS.
1351 601 1409 680 163

253 767 332 824 tunc
349 771 517 845 oporteret
532 782 605 826 esse
622 761 740 845 viginti
755 759 919 845 quatuor¹
934 764 1117 830 secundum
1139 785 1251 830 veram
1272 763 1409 828 distinc-

252 864 387 941 tionem,
400 875 438 928 ut
449 865 589 948 quilibet
603 865 742 950 angulus
757 866 935 950 corporalis
949 869 993 932 ab
1004 867 1070 932 alio
1085 868 1259 932 distinctus
1269 867 1408 933 haberet

252 977 320 1032 tres
341 978 447 1034 rectos
467 969 530 1034 sibi
551 971 712 1053 proprios.
758 969 881 1036 Omnia
896 971 978 1035 haec
994 981 1112 1054 patent
1125 993 1170 1036 ex
1186 972 1292 1036 tribus
1311 971 1406 1037 lineis

254 1071 528 1138 intersecantibus
549 1093 586 1138 se
605 1075 647 1138 ad
667 1073 806 1156 angulos
826 1085 944 1151 rectos,
960 1086 997 1141 ut
1020 1076 1053 1140 in
1074 1076 1180 1141 tribus
1203 1075 1337 1140 festucis
1351 1075 1405 1142 vel

252 1175 334 1242 aliis
380 1177 547 1261 Quoniam
570 1199 648 1242 vero
670 1179 813 1263 angulus
834 1179 909 1244 cubi
932 1188 983 1244 est
1006 1201 1051 1244 ex
1073 1180 1177 1245 tribus
1198 1181 1306 1257 rectis,
1328 1179 1405 1246 ideo

252 1289 329 1344 octo
347 1281 433 1348 tales
453 1291 594 1364 possunt
616 1283 840 1366 propriissime
859 1284 987 1367 replere
1009 1285 1120 1349 locum
1141 1284 1228 1350 circa
1243 1293 1404 1369 puuctum

253 1407 366 1450 unum.
412 1387 457 1451 Et
473 1387 550 1452 ideo
565 1388 598 1450 in
610 1387 750 1470 sphaera
763 1398 868 1453 terrae
880 1389 1062 1454 secundum
1074 1387 1302 1471 figurationem
1316 1409 1402 1454 nunc

252 1490 387 1564 dictam,
402 1511 467 1556 non
483 1493 545 1556 erit
558 1511 707 1570 vacuum,
722 1493 801 1575 quia
816 1502 893 1557 octo
914 1493 1049 1558 cubicae
1069 1503 1181 1575 partes
1200 1502 1306 1558 terrae
1324 1513 1404 1556 con·

252 1605 410 1679 gregatae
424 1595 510 1660 circa
526 1605 676 1660 centrum
692 1598 806 1661 mundi
822 1597 950 1680 replent
966 1598 1075 1662 locum
1091 1607 1202 1663 toturn
1219 1597 1403 1662 necessario

252 1700 339 1764 circa
365 1699 446 1763 illud
472 1710 632 1766 centrum.
676 1700 832 1785 Angulus
849 1723 928 1767 vero
948 1703 1131 1786 pyramidis
1154 1713 1207 1767 est
1229 1721 1274 1767 ex
1296 1703 1403 1766 tribus

253 1802 383 1886 angulis
405 1804 655 1889 triangulorum,
678 1816 880 1889 quapropter
905 1805 995 1870 valet
1020 1807 1106 1871 duos
1128 1815 1245 1881 rectos,
1267 1816 1301 1870 et
1327 1806 1404 1870 ideo

253 1907 365 1990 anguli
379 1929 441 1972 sex
452 1909 536 1974 tales
545 1909 656 1974 valent
671 1921 815 1993 quatuor
830 1909 970 1994 angulos
982 1911 1124 1985 cubicos,
1137 1930 1215 1974 nam
1228 1910 1405 1993 utrobique

253 2011 365 2076 valent
377 2013 554 2078 duodecim
567 2023 684 2092 rectos,
695 2024 729 2078 et
744 2013 800 2078 alii
815 2035 875 2078 sex
888 2013 1001 2078 valent
1012 2014 1096 2078 alios
1108 2021 1251 2097 quatuor
1264 2013 1405 2097 angulos

253 2117 398 2181 cubicos.
444 2116 657 2202 Quapropter
682 2119 850 2184 concludit
877 2118 1044 2184 Averroes
1071 2120 1105 2183 in
1129 2119 1229 2182 tertio
1252 2117 1347 2183 Coeli
1370 2128 1405 2182 et

255 2220 386 2298 Mundi,
410 2223 501 2305 quod
525 2223 704 2288 duodecim
730 2223 842 2306 anguli
864 2223 1078 2306 pyramidum
1103 2222 1295 2305 congregati
1318 2222 1405 2290 circa

253 2336 412 2408 puuctum
443 2347 543 2390 unum
574 2326 761 2410 implebunt
793 2337 903 2392 toturn
930 2327 1040 2390 locum
1071 2326 1294 2408 corporaliter,
1319 2326 1405 2392 sicut

253 2441 332 2498 octo
351 2431 458 2496 cubici
475 2431 598 2515 anguli,
614 2442 647 2496 et
671 2433 746 2497 ideo
770 2432 803 2496 in
825 2430 966 2514 sphaera
987 2432 1073 2513 ignis
1094 2451 1160 2494 non
1185 2439 1235 2494 est
1253 2451 1404 2495 vacuum.

255 2533 323 2598 Sed
352 2534 437 2600 aliae
466 2533 591 2618 figurae
628 2543 848 2618 congregatae
885 2535 972 2600 circa
1007 2543 1168 2618 punctum
1205 2554 1307 2598 unum
1338 2554 1404 2598 non

253 2648 394 2722 possunt
419 2641 602 2705 secundum
625 2637 843 2705 Aristotelem
868 2649 903 2704 et
924 2637 1109 2703 Averroem
1135 2637 1262 2723 replere
1282 2638 1403 2705 locum.

254 2742 429 2825 Quotquot
444 2744 531 2807 euim
547 2753 825 2827 congregarentur
839 2742 1011 2807 habebunt
1023 2742 1128 2825 majus
1139 2743 1191 2807 vel
1208 2742 1314 2807 minus
1328 2753 1406 2809 octo

253 2846 382 2929 angulis
408 2847 539 2925 cubicis,
563 2857 597 2911 et
627 2848 703 2911 ideo
731 2846 841 2911 locum
869 2868 934 2910 non
962 2846 1146 2932 replebunt.
1201 2847 1247 2910 Et
1272 2846 1348 2911 ideo
1371 2846 1404 2909 in

254 2950 394 3031 sphaera
420 2971 528 3034 aquae
558 2961 591 3015 et
621 2951 707 3015 aeris
736 2961 770 3015 et
796 2950 879 3015 coeli
910 2951 1032 3016 accidit
1053 2972 1194 3016 vacuum
1221 2952 1405 3015 necessario

254 3055 434 3118 secuudum
461 3054 693 3138 figurationem
719 3054 975 3119 Platonicorum.
1031 3054 1126 3119 Sicut
1148 3075 1225 3119 vero
1247 3055 1352 3118 cubus
1371 3054 1405 3117 in

245 3159 417 3249 ⁸corporali
444 3158 627 3242 repletione
651 3160 831 3242 respondet
853 3158 1017 3242 quadrato
1039 3159 1072 3221 in
1098 3157 1306 3240 superficiali,
1327 3158 1406 3240 quia

254 3264 359 3327 cubus
382 3264 426 3326 sit
453 3284 497 3327 ex
523 3264 695 3346 quadratis
721 3262 966 3346 superficiebus,
989 3271 1124 3347 propter
1153 3262 1242 3343 quod
1267 3270 1407 3343 utraque

254 3364 360 3448 figura
370 3366 593 3449 propriissime
603 3365 888 3449 repletlocum,sic
899 3366 1047 3450 pyramis
1056 3366 1234 3449 respondet
1243 3363 1407 3449 triangulo

255 3470 405 3553 regulari,
420 3472 497 3553 quia
516 3470 553 3535 fit
568 3492 612 3534 ex
627 3472 810 3554 triangulis,
826 3479 860 3534 et
875 3480 1016 3553 utraque
1035 3468 1141 3552 figura
1161 3470 1270 3533 locum
1291 3469 1406 3551 replet.

256 3573 325 3639 Sed
337 3576 455 3639 tertiae
464 3573 598 3657 figurae,
607 3575 731 3639 scilicet
743 3576 923 3659 hexagono
934 3572 1140 3657 superficiali,
1151 3594 1217 3637 nou
1230 3573 1406 3655 respondet

255 3678 361 3762 figura
379 3679 557 3763 corporalis
576 3680 707 3762 replens
729 3680 848 3753 locum,
866 3680 944 3761 quia
963 3700 1008 3743 ex
1025 3676 1286 3762 superficialibus
1302 3676 1407 3741 hexa-

253 3784 350 3865 gonis
380 3803 445 3847 non
476 3793 586 3867 potest
616 3784 721 3866 figura
750 3783 972 3865 hexagonalis
999 3782 1158 3865 regularis
1182 3782 1348 3859 constitui,
1370 3790 1407 3846 ut

254 3888 520 3953 demonstratum
537 3898 587 3953 est
602 3889 699 3970 prius

300 3992 346 4055 Et
372 4002 485 4057 tamen
512 3993 583 4076 apis
609 3993 689 4057 iacit
714 3993 834 4057 domus
864 3992 1060 4076 hexagonas
1084 4012 1126 4057 ne
1147 4010 1288 4055 vacuum
1307 3990 1405 4055 inter·
1421 4003 1544 4067 Hemgon

254 4096 415 4179 cipiatur;
438 4106 472 4161 et
493 4107 610 4177 natura
631 4098 663 4160 in
680 4106 794 4161 ventre
813 4107 921 4161 terrae
938 4105 1076 4179 generat
1095 4094 1272 4178 crystallos
1291 4115 1407 4160 omnes
1418 4070 1548 4185 {nivbg‘jnd

253 4199 449 4281 hexagonas
464 4202 498 4264 in
514 4221 615 4264 unum
631 4209 858 4285 congregatas.
906 4200 953 4264 Et
967 4200 1015 4264 sic
1028 4200 1167 4284 lapides,
1177 4199 1235 4282 qui
1249 4210 1409 4264 vocantur
1420 4202 1446 4250 in
1457 4200 1557 4264 crysol.

254 4306 352 4369 irides
369 4315 405 4369 et
423 4304 456 4369 in
477 4303 590 4369 insulis
614 4305 795 4369 Hiberniae
818 4314 852 4369 et
872 4304 969 4369 india
990 4305 1146 4369 dicuntur
1165 4303 1210 4367 ab
1235 4304 1407 4368 autoribus

253 4410 402 4488 inveniri,
410 4420 652 4493 congregantur
664 4411 697 4473 in
710 4408 815 4491 figura
826 4407 1015 4491 hexagona.
1054 4408 1101 4472 Et
1112 4408 1268 4473 dicuntur
1277 4405 1408 4489 lapides

254 4514 354 4591 iridis,
364 4514 442 4597 quia
452 4524 700 4597 repraesentant
710 4512 836 4578 colores
847 4512 938 4577 iridis
950 4524 984 4577 et
993 4532 1089 4576 arcus
1098 4510 1263 4590 coelestis,
1271 4510 1407 4592 quando

744 4642 922 4707 ¹J.hasXV.

800 4743 865 4793 Mn
