3575 5375
341 659 399 724 152
556 648 710 707 OPERIS
734 647 923 719 MAJORIS
947 646 1062 705 PARS
1086 635 1270 717 QUARTA.

340 822 377 876 ut
388 831 447 893 pes
456 809 508 875 vel
520 812 649 894 palmus
662 820 827 876 mensuret
838 820 974 886 costam,
988 829 1054 875 non
1067 804 1269 872 mensurabit
1280 801 1491 867 diametrum,

340 937 438 982 nece
459 928 592 994 contra;
616 925 653 982 ut
672 917 699 980 si
722 917 884 980 diameter
903 916 946 980 sit
969 937 1013 978 ex
1036 915 1150 978 decem
1175 910 1317 993 pedibus
1339 922 1406 967 non
1428 897 1492 961 erit

341 1029 432 1086 costa
458 1042 502 1085 ex
528 1022 654 1104 aliquot
678 1021 828 1105 pedibus.
884 1020 930 1085 Et
956 1040 1021 1082 non
1052 1017 1160 1082 solum
1187 1013 1337 1095 sequitur
1362 1027 1407 1070 ex
1428 1003 1494 1066 hac

342 1125 517 1208 positione,
532 1127 622 1208 quod
642 1134 750 1188 essent
770 1123 1089 1202 commensurabilia,
1105 1121 1163 1184 sed
1183 1114 1345 1201 aequalia.
1391 1106 1494 1191 Quod

341 1239 435 1314 patet
458 1231 626 1296 evidenter
651 1229 685 1292 in
707 1230 770 1294 hac
793 1227 907 1312 figura.
952 1227 1043 1291 Nam
1069 1226 1096 1289 si
1121 1226 1208 1288 latus
1231 1221 1356 1285 habeat
1378 1216 1494 1278 decem

817 1342 958 1409 atomos,
989 1332 1043 1394 vel
1073 1327 1263 1402 duodecim,
1291 1321 1344 1387 vel
1378 1318 1498 1401 plures,

817 1446 897 1500 tunc
929 1437 1103 1502 trahantur
1136 1441 1189 1497 tot
1220 1430 1328 1494 lineae
1356 1423 1401 1487 ab
1434 1418 1501 1482 illis

818 1541 938 1604 atomis
982 1540 1025 1604 ad
1075 1538 1216 1604 totidem
1262 1533 1297 1596 in
1341 1523 1502 1610 opposito

818 1645 931 1724 latere,
960 1654 995 1708 et
1025 1643 1128 1707 latera
1159 1634 1316 1723 quadrati
1347 1626 1504 1711 aequalia

819 1747 916 1825 sunt3
946 1756 1150 1830 quapropter
1177 1752 1230 1808 tot
1261 1739 1370 1802 lineae
1403 1751 1503 1796 occu-

820 1855 947 1937 pabunt
962 1862 1069 1916 totam
1085 1846 1295 1932 superficiem
1310 1829 1506 1924 quadrati¹3

820 1970 854 2023 et
884 1958 960 2022 ideo
992 1975 1069 2018 cum
1102 1953 1266 2016 diameter
1294 1941 1415 2009 transit
1446 1955 1508 2020 per

821 2061 894 2126 illas
919 2061 1031 2135 lineas,
1058 2066 1093 2122 et
1122 2075 1190 2119 non
1219 2057 1361 2138 possunt
1391 2044 1508 2127 plures

821 2164 979 2247 assignari
996 2164 1029 2227 in
1044 2161 1221 2246 quadrato,
1232 2150 1384 2237 singulas
1394 2145 1510 2228 capiet

821 2279 955 2334 atomos
968 2289 989 2330 a
1004 2265 1141 2348 singulis
1159 2262 1264 2337 lineis,
1287 2266 1322 2322 et
1341 2255 1419 2316 ideo
1440 2265 1511 2313 non

822 2372 932 2456 plures
958 2379 1054 2435 erunt
1079 2369 1113 2431 in
1139 2366 1317 2439 diametro,
1342 2374 1449 2442 quam
1477 2351 1511 2414 in

352 2489 452 2555 costa,
467 2490 501 2544 et
516 2479 561 2542 sic
580 2479 702 2542 habent
717 2486 845 2560 partem
868 2474 1050 2557 aliquotam
1074 2491 1135 2557 pro
1154 2464 1326 2534 communi
1343 2475 1514 2531 mensura,

354 2592 387 2645 et
410 2591 461 2644 tot
486 2593 594 2662 partes
616 2581 716 2645 habet
743 2590 835 2645 costa
857 2581 940 2643 sicut
965 2579 1136 2655 diameter,
1159 2590 1302 2658 quorum
1327 2575 1515 2644 utrumque

355 2694 404 2747 est
427 2683 638 2765 impossibile.

507 2347 567 2396 FlG.
581 2359 620 2409 14.

772 3080 996 3148 Cnerrunuu
1021 3080 1087 3144 x2.

763 3286 816 3350 De
842 3286 946 3371 figura
972 3286 1097 3349 mundi.

196 3509 352 3623 maliis
405 3488 569 3570 Quoniam
595 3512 672 3555 vero
701 3512 830 3557 necesse
859 3504 910 3556 est
940 3514 1079 3575 corpora
1104 3490 1223 3555 mundi
1249 3508 1324 3552 esse
1350 3483 1464 3567 plura,
1491 3488 1529 3541 et

198 3638 277 3699 spheri
278 3637 324 3686 ml.
363 3589 546 3669 divisibilia,
575 3602 608 3655 et
640 3605 772 3675 quauta,
802 3606 932 3676 oportet
964 3598 1056 3677 quod
1092 3594 1332 3676 figurationem
1371 3584 1530 3651 habeant

364 3691 520 3769 debitam,
541 3695 583 3756 ad
613 3696 676 3758 hoc
702 3707 738 3759 ut
765 3698 906 3761 mundus
935 3700 1104 3763 consistat.
1151 3695 1331 3777 Figuratio
1357 3711 1444 3753 vero
1475 3694 1532 3749 est

366 3794 477 3874 passio
498 3796 661 3867 materiae,
677 3807 710 3860 et
732 3799 893 3863 invenitur
912 3802 944 3863 in
965 3803 1064 3865 rebus
1086 3802 1217 3864 ratione
1240 3797 1419 3869 materiae,
1438 3794 1534 3857 sicut

202 3906 348 3955 nevuunon
367 3902 401 3955 et
429 3896 602 3974 quantitas.
647 3896 734 3959 Nam
764 3898 866 3981 figura
895 3922 962 3966 uno
995 3906 1097 3968 modo
1124 3914 1177 3967 est
1204 3900 1384 3985 quantitas
1411 3896 1535 3959 clausa

201 3971 479 4096 {Jfffilfimlineim
508 3996 573 4058 alio
598 4000 699 4061 modo
724 4002 842 4063 dicitur
864 4004 935 4085 ipsa
961 4005 1087 4068 clausio
1109 4005 1325 4088 quantitatis
1373 4002 1536 4065 Necesse

201 4095 284 4143 would
367 4104 417 4157 est
439 4114 517 4159 uero
542 4100 698 4161 mundum
725 4111 820 4166 extra
842 4104 964 4169 habere
989 4107 1131 4189 figuram
1158 4106 1387 4189 sphaericam.
1436 4103 1536 4165 Nam

202 4168 314 4271 ᾙζζ,
367 4216 579 4279 quaecunque
606 4200 670 4262 alia
699 4202 803 4283 detur,
828 4208 954 4271 accidet
979 4231 1122 4274 vacuum
1152 4210 1206 4273 vel
1237 4206 1456 4291 possibilitas
1489 4206 1539 4267 ad

399 4392 407 4419 ¹
424 4392 479 4440 Tbe
491 4393 580 4455 lallaey
591 4395 639 4443 lies
648 4396 674 4443 in
688 4401 829 4463 supposiug
844 4404 900 4451 that
915 4405 982 4453 lines
998 4406 1077 4455 could
1091 4423 1195 4469 oetupy
1210 4407 1369 4469 suptrfititl
1382 4421 1490 4468 ΨΜ
1509 4420 1543 4453 ²⁵

370 4468 455 4516 Bacon
465 4471 551 4518 would
563 4470 627 4519 base
638 4487 700 4521 seen
713 4474 735 4521 it
743 4477 776 4524 be
787 4478 837 4526 bad
849 4480 916 4528 tn'ed
927 4490 955 4530 to
966 4498 1066 4545 occupy
1077 4486 1124 4532 the
1135 4484 1241 4533 suffice
1251 4484 1284 4532 of
1291 4485 1340 4532 the
1350 4500 1457 4546 squam
1469 4484 1545 4531 with

370 4544 441 4593 sruall
452 4546 541 4595 circles
551 4564 582 4596 or
592 4563 704 4609 square&

401 4621 411 4651 ⁸
428 4622 549 4686 etopus
564 4625 680 4685 Trm'rmr,
691 4642 745 4689 cap.
756 4644 795 4688 4ο.
