3575 5375
645 668 815 728 crusna
839 666 1039 728 annonis.
1379 688 1417 749 19

263 838 358 921 signa
380 850 414 904 et
438 861 557 906 causae
578 841 793 924 particulares
815 844 1051 918 ostendantur;
1079 845 1138 908 sed
1159 862 1238 926 prae
1261 844 1415 908 omnibus

263 946 444 1029 exiguntur
470 968 589 1012 causae
613 948 821 1025 universales,
846 949 917 1011 sine
939 947 1060 1030 quibus
1083 968 1145 1012 nec
1170 949 1268 1031 signa
1288 950 1414 1031 aliquid

265 1052 448 1116 ostendunt
468 1073 530 1116 nec
551 1072 672 1118 causae
693 1052 909 1135 particulares
932 1048 1169 1116 demonstrant
1216 1052 1306 1117 Nata
1325 1055 1413 1117 enim

264 1155 360 1217 nobis
374 1167 425 1220 est
436 1158 491 1221 via
505 1158 727 1241 cognoscendi
739 1159 783 1222 ab
798 1156 1035 1221 universalibus
1047 1158 1089 1221 ad
1101 1156 1320 1239 particularia,
1330 1160 1414 1221 sicut

263 1259 345 1322 dicit
366 1260 586 1345 philosophus
608 1263 641 1326 in
663 1263 823 1345 principio
854 1262 1081 1344 Physicorum.
1126 1262 1227 1340 Nam,
1254 1262 1414 1346 ignoratis

262 1365 504 1442 communibus,
517 1368 709 1450 ignorantur
719 1386 805 1450 quae
820 1364 917 1450 post¹
934 1367 1124 1432 communia
1141 1366 1376 1451 relinquuntur.

309 1468 406 1533 Haec
435 1481 549 1534 autem
580 1492 680 1536 causa
710 1483 828 1554 quarta
860 1472 1003 1535 multum
1028 1471 1165 1537 invaluit
1190 1472 1234 1537 ab
1263 1474 1413 1556 antiquo,

265 1570 349 1636 sicut
372 1595 459 1638 nunc
481 1575 633 1659 improba
655 1577 818 1640 invenitur
835 1596 968 1659 quoque
991 1576 1023 1640 in
1047 1576 1250 1659 theologicis,
1273 1578 1357 1642 sicut
1381 1578 1412 1639 in

262 1675 473 1763 philosophia
490 1682 674 1759 manifesto,
690 1702 749 1764 per
763 1682 1004 1765 experientiam
1022 1692 1055 1745 et
1071 1681 1237 1764 exempla.
1276 1681 1413 1763 Moyses

261 1782 349 1844 enim
375 1785 637 1867 simplicissimus
661 1786 784 1868 recepit
806 1786 1004 1869 sapientiam
1032 1787 1115 1868 legis
1142 1804 1162 1849 a
1187 1788 1271 1863 Deo,
1297 1796 1412 1850 contra
1425 1796 1536 1875 Illustra-

260 1902 360 1966 quem
382 1888 511 1953 Pharao
532 1901 565 1955 et
581 1891 752 1974 Aegyptii,
768 1899 802 1954 et
822 1890 968 1972 populus
991 1888 1230 1966 Hebraeorum,
1246 1901 1279 1955 et
1294 1910 1410 1956 omnes
1424 1864 1566 1980 ltppengfnom

260 1992 411 2056 nationes
436 1994 694 2071 murmurabant,
721 1996 769 2060 ita
791 1996 881 2078 quod
904 1996 963 2057 vix
988 1994 1083 2077 plebs
1108 1996 1173 2059 Dei
1195 1996 1301 2060 electa
1323 1997 1409 2060 hanc
1423 1996 1514 2055 Moses,

260 2094 456 2179 sapientiam
484 2100 631 2183 recipere
655 2098 771 2175 voluit,
798 2109 969 2164 ettamen
998 2099 1184 2180 praevaluit
1212 2099 1267 2165 lex
1294 2112 1407 2165 contra
1421 2062 1551 2187 ffiifflisg

260 2200 477 2282 adversarios,
492 2205 550 2288 qui
570 2202 789 2288 neglexerunt
804 2215 838 2268 et
854 2204 1076 2285 impedierunt
1091 2204 1288 2287 sapientiam
1306 2225 1407 2288 quam
1422 2194 1556 2243 nvicenna.

262 2302 457 2372 didicerunt.
504 2308 662 2373 Similiter
683 2308 847 2371 Dominus
867 2307 964 2389 Jesus
992 2307 1142 2371 Christus
1168 2310 1260 2372 omni
1282 2310 1410 2393 simpli-

262 2410 362 2476 citate
377 2423 412 2477 et
427 2413 500 2477 sine
514 2414 600 2496 plica
616 2411 768 2476 falsitatis
785 2412 949 2487 incedens,
965 2422 999 2475 et
1014 2412 1158 2494 apostoli
1174 2411 1409 2496 simplicissimi

261 2513 442 2582 intulerunt
465 2518 660 2600 sapientiam
683 2518 816 2593 mundo,
832 2515 954 2598 quibus
974 2516 1053 2580 satis
1074 2517 1314 2582 contradictum
1339 2530 1410 2583 erat

261 2640 319 2703 per
334 2622 552 2704 ignorantiam
575 2621 680 2686 solam
703 2628 817 2685 tantae
837 2618 1005 2694 novitatis,
1023 2630 1058 2684 et
1075 2622 1222 2701 tandem,
1237 2622 1315 2689 licet
1333 2644 1409 2688 cum

261 2745 392 2790 summa
414 2727 615 2803 difficultate,
638 2746 731 2791 sacra
745 2726 866 2790 veritas
889 2736 941 2790 est
964 2737 1104 2810 recepta.
1152 2728 1282 2793 Deinde
1304 2731 1409 2795 sancti

259 2830 412 2896 doctores
435 2851 510 2895 cum
533 2830 694 2914 profluvia
712 2829 963 2915 expositionum
984 2831 1066 2914 legis
1089 2832 1219 2897 divinae
1236 2833 1410 2900 voluerunt

261 2933 351 3014 dare,
366 2943 400 2999 et
416 2955 538 3018 magno
556 2935 681 3018 impetu
696 2955 856 3016 aquarum
872 2935 1054 3018 sapientiae
1075 2934 1247 3002 ecclesiam
1264 2939 1409 3022 irrigare,

259 3041 316 3103 diu
333 3040 572 3122 reputabantur
586 3039 752 3117 haeretici,
767 3051 801 3104 et
817 3040 1057 3123 compositores
1080 3039 1271 3106 falsitatum.
1319 3043 1408 3107 Nam

258 3146 344 3209 sicut
366 3144 496 3229 prologi
516 3145 605 3209 beati
629 3144 827 3228 Hieronymi
851 3145 884 3208 in
907 3144 1044 3209 bibliam
1068 3155 1102 3208 et
1125 3146 1189 3211 alia
1212 3146 1283 3228 ejus
1306 3168 1408 3232 opera

260 3249 412 3332 probant,
438 3249 509 3333 ipse
530 3251 711 3315 vocabatur
736 3257 908 3332 corruptor
930 3250 1108 3332 scripturae
1131 3260 1164 3313 et
1188 3249 1338 3316 falsarius
1370 3263 1403 3316 et

258 3351 443 3418 haeresium
464 3355 653 3432 seminator,
669 3363 703 3417 et
722 3353 924 3436 intempore
943 3371 1004 3416 suo
1024 3353 1205 3427 succubuit,
1222 3373 1282 3418 nec
1298 3356 1408 3438 potuit

257 3477 318 3521 sua
345 3477 447 3542 opera
470 3457 503 3521 in
526 3456 661 3540 publico
682 3475 896 3541 promovere3
925 3457 983 3520 sed
1006 3455 1142 3521 tandem
1165 3467 1241 3540 post
1265 3469 1406 3524 mortem

258 3581 352 3626 suam
368 3564 489 3626 veritas
504 3582 585 3625 suae
599 3560 826 3625 translationis
841 3560 959 3624 claruit
978 3570 1012 3624 et
1032 3581 1092 3625 sua
1107 3562 1283 3645 expositio,
1299 3574 1333 3628 et
1348 3583 1408 3648 per

257 3687 373 3731 omnes
388 3666 543 3730 ecclesias
563 3665 723 3730 dilatatae
737 3675 824 3744 sunt,
845 3667 891 3730 ita
908 3673 945 3728 ut
966 3663 1091 3729 nullum
1106 3667 1285 3750 vestigium
1300 3679 1407 3734 trans·

256 3770 391 3836 lationis
419 3771 585 3853 antiquae,
616 3770 741 3835 scilicet
768 3781 844 3832 Lxx
875 3770 1100 3852 interpretum,
1131 3789 1198 3854 qua
1225 3773 1316 3856 prius
1346 3793 1407 3839 usa

257 3874 364 3940 fuerat
379 3873 524 3948 ecclesia,
540 3873 650 3938 valeat
665 3873 806 3956 reperiri.
853 3872 944 3936 Dum
963 3874 1065 3938 etiarn
1083 3874 1293 3941 beatissimus
1315 3877 1408 3960 Papa

258 3977 438 4061 Gregorius
456 3978 654 4042 auctoritate
677 3975 809 4042 functus
829 3987 890 4052 est,
905 3978 977 4060 ejus
998 3978 1089 4042 libris
1111 3999 1177 4042 non
1198 3980 1257 4044 luit
1275 3992 1405 4046 eontra-

256 4083 400 4146 dictum:
424 4083 481 4145 sed
501 4090 578 4165 post
594 4089 735 4145 mortem
756 4080 874 4146 famosi
899 4081 931 4144 in
953 4081 1090 4147 ecclesia
1112 4094 1250 4166 egerunt
1269 4086 1312 4149 ad
1334 4085 1406 4164 hoc,

256 4197 293 4251 ut
308 4186 584 4259 comburerentur,
601 4197 635 4249 et
650 4205 710 4268 per
719 4184 913 4249 miraculum
929 4185 991 4249 Dei
1007 4185 1263 4268 pulcherrimum
1275 4186 1407 4256 fuemnt

254 4289 385 4366 salvati,
407 4301 442 4354 et
464 4290 620 4373 apparuit
642 4290 768 4354 mundo
790 4290 953 4372 sapientia
975 4311 1051 4353 cum
1075 4309 1136 4352 sua
1157 4291 1297 4354 veritate
1318 4293 1405 4356 etin

255 4393 539 4459 demonstratione
573 4393 770 4477 plenissima.
831 4393 878 4458 Et
915 4394 1065 4457 similiter
1094 4395 1234 4460 cucurrit
1263 4395 1406 4479 impedi-

255 4509 407 4564 mentum
432 4498 581 4562 veritatis
612 4498 701 4580 apud
734 4515 851 4560 omnes
879 4517 992 4562 sacrae
1021 4499 1203 4580 scripturae
1229 4500 1404 4578 doctores;

252 4624 332 4668 nam
355 4611 553 4666 renovantes
574 4602 721 4665 studium
744 4619 876 4683 semper
898 4611 1091 4685 receperunt
1110 4603 1404 4668 contradictionem

681 4729 984 4796 'Notpostmslnl

801 4832 822 4882 C
840 4834 858 4879 2
