3575 5375
358 627 709 689 MATHEMATICAE
734 630 784 688 IN
807 630 1011 691 PHYSICIS
1039 633 1245 694 UTILITAS.
1349 653 1405 714 147

252 792 440 870 essentiam,
461 803 494 857 et
518 792 592 874 plus
615 794 659 856 de
680 792 821 856 essentia
844 814 946 876 quam
969 805 1088 859 totum.
1135 795 1300 879 Quoniam
1323 802 1406 862 acci-

253 896 362 980 piatur
387 897 499 980 aliqua
524 897 672 980 potentia
702 897 797 960 finita
828 897 936 980 major
965 900 1037 978 ipsa
1065 900 1106 979 F,
1128 910 1162 964 et
1191 913 1357 967 resecetur
1386 925 1407 968 a

253 1001 402 1084 potentia
427 1000 556 1064 infinita
580 1021 667 1083 quae
689 1011 740 1064 est
763 1001 806 1074 A,
825 1012 859 1066 et
881 1002 926 1065 sit
952 1002 984 1066 G
1008 1003 1104 1068 linea.
1159 1004 1303 1088 Oportet
1325 1027 1406 1090 ergo

253 1107 344 1184 quod
373 1105 403 1168 G
428 1106 588 1190 potentia,
612 1124 687 1168 cum
715 1107 757 1169 sit
784 1105 891 1187 major
920 1128 1021 1189 quam
1045 1107 1084 1183 F,
1109 1108 1233 1174 habeat
1258 1109 1334 1194 plus
1364 1114 1407 1174 de

254 1209 449 1288 substantia,
464 1229 522 1274 seu
545 1207 701 1272 fundetur
722 1210 754 1272 in
777 1210 893 1292 majori
915 1221 951 1275 et
965 1212 1117 1276 nobiliori
1138 1217 1289 1292 essentia,
1304 1236 1405 1298 quam

253 1313 411 1376 fundatur
430 1313 464 1376 F
478 1313 634 1395 potentia
681 1312 750 1378 Sed
771 1313 804 1376 F
820 1314 936 1379 habuit
957 1316 1129 1397 aequalem
1149 1319 1324 1383 essentiam
1344 1320 1406 1403 ipsi

254 1416 299 1494 A,
314 1429 350 1480 ut
369 1419 547 1500 probatum
565 1426 626 1482 est.
673 1417 765 1501 Ergo
783 1417 813 1480 G
836 1418 972 1483 habebit
995 1420 1152 1502 majorem
1175 1442 1276 1505 quam
1293 1424 1349 1502 Α;
1373 1436 1406 1488 et

256 1523 302 1584 ita
319 1523 403 1603 parti
419 1522 598 1605 respondet
614 1521 688 1604 plus
703 1522 746 1585 de
761 1523 904 1587 essentia
920 1534 953 1588 et
965 1525 1107 1589 nobilius
1118 1547 1218 1608 quam
1234 1529 1306 1604 toti,
1315 1530 1406 1611 quod

255 1637 306 1689 est
322 1627 532 1709 impossibile.
579 1625 625 1689 Et
640 1627 741 1689 etiam
757 1637 923 1708 sequetur,
932 1629 1022 1711 quod
1035 1627 1165 1693 finitum
1182 1631 1318 1695 habebit
1334 1631 1408 1712 plus

256 1732 299 1794 de
316 1731 458 1794 essentia
478 1730 540 1792 sibi
562 1731 780 1812 respondente
800 1751 901 1813 quam
924 1731 1110 1811 infinitum3
1134 1744 1166 1798 et
1188 1736 1303 1799 omnia
1325 1735 1407 1800 haec

255 1844 333 1898 sunt
348 1833 575 1918 impossibilia.

303 1939 389 2003 ltem
421 1937 547 2001 nullum
581 1937 746 2002 infinitum
773 1948 885 2022 potest
910 1937 1034 2004 habere
1060 1943 1244 2023 potentiam
1268 1942 1407 2008 finitam.

258 2043 350 2125 Ergo
366 2063 425 2126 per
440 2043 631 2125 oppositum
650 2042 776 2105 nullum
795 2041 929 2107 finitum
952 2054 1064 2126 potest
1081 2045 1203 2110 habere
1225 2049 1411 2128 potentiam

257 2145 430 2210 infinitam.
476 2146 690 2211 Antecedens
714 2148 874 2229 probatur
896 2169 956 2231 per
978 2149 1183 2213 consimilem
1206 2152 1412 2215 demonstra·

256 2252 385 2315 tionem
413 2252 523 2335 priori,
544 2252 622 2335 quia
643 2252 687 2315 sit
710 2273 732 2314 a
757 2251 841 2316 linea
865 2251 945 2316 illud
968 2251 1141 2327 infinitum,
1160 2264 1195 2319 et
1216 2255 1236 2318 b
1256 2255 1345 2319 linea
1367 2256 1411 2319 sit

258 2356 315 2420 illa
334 2356 484 2438 potentia
500 2354 602 2421 finita.
639 2355 795 2440 Accipia-

258 2469 312 2526 tur
335 2460 469 2542 aliquod
494 2459 624 2525 linitum
647 2459 700 2524 vel
722 2480 799 2543 pars

258 2566 360 2647 ipsius
380 2586 402 2628 α
421 2575 456 2630 et
479 2566 520 2629 sit
538 2586 556 2629 c
573 2565 667 2628 linea.
706 2565 799 2648 Ergo

258 2669 395 2734 habebit
414 2671 573 2735 minorem
595 2669 799 2752 potentiam3
1405 2739 1407 2752 ¹

258 2786 292 2837 et
314 2776 355 2838 sit
378 2774 519 2838 alinea.
559 2774 799 2858 multiplicetur
852 2774 1332 2839 rouunofiniunrsmiusa.
1405 2757 1408 2866 l

259 2900 340 2962 ergo
376 2879 402 2943 d
435 2899 609 2962 quousque
640 2888 801 2961 aequetur
847 2908 867 2957 d
899 2909 1021 2959 Potentia
1034 2910 1147 2972 ipsiuse
1405 2875 1409 2962 l

259 2985 322 3067 ipsi
337 2983 465 3066 b,quod
481 2983 638 3067 possibile
652 2993 713 3059 est,
723 2983 799 3067 quia

260 3100 495 3172 utrumqueeet
505 3088 657 3165 finitum;
676 3097 711 3151 et
722 3088 799 3151 ideo

259 3204 391 3257 tantum
415 3202 527 3276 potest
548 3192 628 3257 addi
650 3191 693 3255 ad
715 3192 747 3265 d,
763 3202 801 3255 ut
846 3181 872 3241 s
900 3177 1049 3225 διώξω
1060 3176 1220 3240 potentiaee.

259 3307 477 3381 aggregatum
499 3298 543 3361 sit
569 3295 708 3378 aequale
741 3316 801 3378 po·

261 3402 385 3465 tentiae
404 3410 556 3483 quaeest
576 3399 613 3475 b;
640 3411 673 3465 et
693 3400 736 3463 sit
752 3399 831 3463 illud
847 3409 1067 3483 aggregatum
1084 3420 1102 3462 e
1117 3398 1212 3463 linea
1255 3397 1414 3471 Similiter

261 3526 339 3587 ergo
362 3504 599 3587 multiplicetur
621 3524 646 3582 c,
670 3513 704 3567 et
724 3504 868 3567 addatur
894 3503 926 3566 ei
948 3523 1121 3586 quousque
1143 3503 1265 3585 poterit
1290 3502 1413 3566 habere

261 3611 446 3692 potentiam
469 3609 559 3673 illam
583 3628 670 3691 quae
692 3618 743 3671 est
764 3629 789 3687 e,
812 3618 846 3671 et
869 3607 949 3673 illud
974 3618 1191 3691 aggregatum
1207 3608 1294 3690 sits
1306 3607 1391 3672 linea
1403 3630 1412 3686 ;

261 3714 324 3778 hoc
355 3714 441 3777 enim
475 3713 560 3777 bene
593 3712 752 3794 possibile
787 3721 847 3790 est,
880 3713 1036 3794 quoniam
1065 3733 1083 3775 c
1111 3712 1298 3776 substantia
1329 3722 1363 3775 et
1389 3713 1416 3775 d

262 3818 410 3900 potentia
433 3816 504 3899 ejus
535 3826 613 3881 sunt
646 3814 767 3891 linitae,
797 3826 831 3880 et
861 3815 938 3881 ideo
966 3816 994 3880 si
1021 3816 1064 3879 ad
1090 3815 1117 3878 d
1143 3826 1275 3880 tantum
1301 3826 1412 3897 potest

261 3923 351 4000 addi,
363 3931 399 3985 ut
415 3919 474 3985 fiat
487 3941 504 3985 e
519 3920 670 4005 potentia
686 3919 794 4000 major
809 3940 911 4003 quam
926 3919 953 3982 d
965 3920 1008 3984 ad
1022 3940 1049 3998 c,
1064 3930 1193 3983 tantum
1210 3930 1321 4003 potest
1333 3921 1411 3984 addi

262 4028 304 4090 de
326 4026 511 4090 substantia
533 4035 569 4088 ut
591 4035 808 4108 aggregatum
833 4033 1013 4096 excrescat,
1042 4025 1093 4088 cui
1122 4044 1140 4086 e
1168 4025 1319 4108 potentia
1350 4027 1413 4089 erit

263 4128 524 4214 proportionalis,
544 4138 579 4193 et
601 4128 682 4191 illud
704 4137 923 4213 aggregatum
945 4128 1083 4192 habebit
1106 4128 1196 4191 illam
1217 4130 1411 4212 potentiam.

263 4234 330 4297 Sed
355 4255 373 4297 e
398 4232 549 4315 potentia
575 4241 625 4295 est
654 4232 803 4315 aequalis
826 4232 995 4315 potentiae
1023 4231 1051 4309 b,
1077 4241 1114 4295 ut
1143 4232 1322 4313 probatum
1353 4242 1412 4295 eet.

264 4338 354 4420 Ergo
360 4338 393 4420 s
400 4337 491 4421 quod
507 4346 558 4400 est
573 4336 717 4413 linitum,
732 4336 810 4419 quia
825 4356 869 4399 ex
883 4335 1121 4419 aggregatione
1139 4334 1224 4399 finiti
1242 4346 1276 4399 et
1294 4333 1413 4399 infiniti

262 4442 417 4517 nascitur,
440 4440 576 4505 habebit
603 4441 788 4523 potentiam
818 4439 992 4522 aequalem
1018 4439 1080 4522 ipsi
1103 4460 1134 4513 a,
1156 4440 1248 4521 quod
1279 4447 1329 4502 est
1362 4439 1412 4501 in-

264 4546 403 4610 finitum.
460 4544 562 4628 Quod
585 4555 679 4628 patet
703 4565 776 4609 esse
800 4545 937 4608 omnino
963 4542 1179 4626 impossibile,
1203 4552 1237 4605 et
1260 4551 1416 4623 sequetur

265 4672 308 4714 ex
329 4650 404 4727 hoc,
421 4649 513 4734 quod
535 4670 612 4734 pars
633 4661 793 4733 aequetur
813 4650 886 4725 toti,
906 4648 1031 4712 scilicet
1052 4647 1086 4710 F
1105 4646 1169 4731 ipsi
1190 4647 1235 4724 Α,
1257 4656 1293 4709 et
1314 4645 1414 4709 etiam

812 4767 835 4817 L
853 4769 871 4817 2

846 2513 863 2545 a
899 2502 1051 2552 Substantia
1062 2504 1171 2554 infinita.

849 2636 864 2684 b
899 2639 1021 2689 Potentia
1033 2640 1113 2691 linita.

852 3065 865 3097 e
899 3044 1018 3093 Potentia
1029 3044 1143 3106 aequalis
1154 3045 1204 3105 ipsi
1215 3044 1231 3091 b
1241 3045 1380 3106 potentiae.
1405 3037 1408 3126 l
