3575 5375
682 635 973 695 cananaeam.
1340 653 1401 718 325

250 805 285 860 et
309 796 493 882 Euphrate.
541 799 605 862 Est
629 807 742 862 tamen
767 798 877 862 adhuc
906 800 939 862 in
964 799 1065 863 tertio
1089 799 1224 865 flumine
1250 802 1402 883 superius

250 911 352 981 tacto,
380 913 418 966 ut
447 903 509 968 luit
539 904 573 966 in
602 903 748 983 Jordane
776 914 856 968 ante
889 904 1138 968 subversionem
1171 904 1341 970 Sodomae
1367 917 1401 970 et

249 1005 427 1070 vicinarum
458 1008 641 1085 civitatum,
671 1017 816 1071 testante
845 1009 1010 1090 scriptura
1035 1007 1214 1074 Geneseos.
1260 1009 1401 1093 Propter

249 1109 349 1191 igitur
378 1110 476 1192 hujus
501 1111 546 1174 rei
573 1110 805 1176 difficultatem
828 1110 950 1175 sufficit
973 1112 1008 1175 in
1031 1111 1093 1176 hac
1118 1113 1338 1195 persuasione,
1362 1123 1400 1178 ut

250 1216 429 1278 sententias
445 1215 720 1299 philosophorum
734 1215 909 1281 videamus
926 1224 1091 1298 quatenus
1112 1236 1171 1299 per
1185 1237 1242 1282 eas
1257 1218 1397 1282 excitati

250 1317 281 1379 in
298 1318 543 1402 principaliori1
560 1328 702 1384 tractatu
718 1319 838 1384 certius
852 1321 974 1384 veritas
989 1319 1181 1402 inquiratur.

293 1422 542 1488 Revertendum
566 1425 665 1505 igitur
690 1435 741 1488 est
768 1425 811 1488 ad
841 1424 1096 1507 descriptionem
1123 1427 1305 1508 regionum.
1352 1425 1398 1490 Et
1412 1434 1568 1511 Anbnqirs

249 1527 453 1592 inveniemus
464 1528 554 1610 apud
567 1528 708 1592 Plinium
725 1538 824 1594 sexto
837 1527 932 1602 libro,
944 1538 980 1594 et
992 1527 1194 1611 Alsraganus
1208 1530 1398 1607 concordat,
1411 1499 1567 1550 boundmes.

248 1642 282 1695 et
313 1632 467 1697 Lucanus
500 1635 588 1718 quod
618 1635 746 1718 antiqui
769 1636 934 1700 vocabant
962 1644 1094 1718 partem
1119 1634 1267 1700 Arabiae
1287 1645 1398 1701 totum
1443 1689 1446 1696 .

247 1737 336 1817 quod
366 1736 577 1802 habitatura
606 1739 688 1802 mari
715 1738 920 1822 Aethiopico
943 1749 978 1803 et
1005 1739 1140 1803 meridie
1164 1740 1398 1806 descendendo

248 1859 307 1920 per
325 1839 462 1905 Meroen
484 1851 518 1905 et
541 1841 697 1924 Syenem,
715 1844 763 1907 ita
784 1843 886 1906 etiam
910 1842 1001 1925 quod
1025 1842 1216 1925 Heliopolis
1235 1843 1398 1927 Aegypti,

247 1945 290 2007 de
304 1965 370 2026 qua
385 1944 512 2009 dictum
528 1956 587 2022 est,
598 1947 631 2009 in
647 1946 775 2009 Arabia
790 1953 1022 2028 computetur3
1040 1955 1075 2010 et
1089 1947 1165 2010 ideo
1180 1956 1291 2011 toturn
1306 1949 1397 2029 quod

247 2046 462 2114 habitatura
487 2050 602 2114 Meroe
629 2060 662 2114 et
690 2050 801 2131 Syene
831 2060 865 2113 et
893 2048 1065 2132 Heliopoli
1088 2069 1204 2113 versus
1234 2051 1396 2114 orientem

247 2152 332 2215 inter
347 2172 437 2217 mare
453 2152 605 2217 Rubrum
620 2163 654 2217 et
669 2174 761 2218 mare
774 2152 1012 2235 Aethiopicum
1028 2153 1091 2216 sub
1106 2151 1233 2216 Arabia
1248 2154 1397 2217 contine-

246 2266 316 2333 tur;
331 2258 420 2320 unde
434 2255 638 2339 Aliraganus
650 2258 682 2320 in
696 2258 805 2340 primo
820 2256 955 2321 climate
967 2258 1063 2339 ponit
1076 2257 1219 2321 insulam
1232 2256 1397 2334 Arabum,

247 2368 280 2422 et
303 2358 335 2422 in
358 2361 524 2436 secund03
545 2379 631 2443 quae
653 2361 759 2425 insula
781 2370 833 2426 est
855 2362 888 2424 in
913 2361 996 2424 mari
1012 2360 1216 2444 Aethiopico
1235 2360 1287 2426 vel
1310 2361 1397 2427 circa

246 2473 356 2527 ortum
372 2464 471 2527 maris
487 2464 603 2530 Rubri.
650 2464 696 2529 Et
712 2465 866 2530 Lucanus
881 2464 971 2540 dicit,

377 2597 556 2680 ‘Ignotum
578 2598 672 2662 vobis
694 2597 826 2662 Arabes
849 2598 984 2662 venistis
1007 2597 1040 2662 in
1063 2598 1188 2674 orbem,

400 2700 546 2766 Umbras
569 2702 676 2767 mirati
699 2722 870 2766 nemorum
894 2722 961 2767 non
985 2703 1032 2767 ire
1053 2699 1218 2768 sinistras!

246 2839 322 2905 Hoc
348 2840 428 2905 dicit
443 2841 486 2905 de
507 2840 687 2919 Arabibus,
703 2841 760 2924 qui
781 2851 943 2906 venerunt
966 2841 1111 2906 Romam
1135 2842 1168 2904 in
1191 2840 1394 2924 adjutorium

247 2945 407 3028 Pompeii,
422 2946 477 3028 qui
502 2945 610 3009 mirati
629 2956 706 3011 sunt
734 2948 868 3012 umbras
890 2946 1041 3011 sinistras
1064 2956 1097 3010 et
1119 2945 1394 3029 septentrionales

245 3069 312 3113 non
334 3052 389 3127 ire,
405 3050 438 3114 id
457 3059 517 3126 est,
536 3070 602 3114 non
622 3051 742 3114 mutari
761 3051 793 3114 in
814 3052 952 3115 dextras
973 3070 1031 3114 seu
1051 3049 1259 3115 meridianas.
1303 3051 1393 3115 Nam

246 3155 278 3217 in
295 3164 380 3218 terra
396 3174 464 3230 sua,
480 3174 566 3237 quae
582 3162 633 3219 est
651 3155 737 3220 inter
749 3153 914 3237 tropicum
927 3154 1045 3219 Cancri
1062 3164 1096 3217 et
1110 3152 1393 3235 aequinoctialem,

244 3257 369 3324 habent
392 3258 424 3321 in
448 3258 560 3342 aliqua
583 3269 677 3342 parte
699 3259 776 3322 anni
807 3259 1006 3323 meridianas
1029 3259 1164 3322 umbras
1186 3258 1322 3339 quando
1343 3256 1393 3321 sol

245 3362 363 3427 transit
378 3362 463 3426 ultra
486 3383 543 3426 eos
558 3382 670 3427 versus
690 3365 857 3447 tropicum
877 3362 1005 3437 Cancri,
1022 3363 1100 3444 quia
1119 3372 1199 3424 tune
1216 3360 1267 3425 sol
1287 3370 1338 3425 est
1361 3361 1393 3424 in

243 3466 398 3549 aquilone
419 3476 570 3549 respectu
594 3486 732 3547 eorum3
755 3477 790 3532 et
810 3468 945 3551 quando
966 3465 1083 3530 transit
1102 3464 1188 3529 ultra
1207 3484 1265 3528 eos
1279 3485 1394 3528 versus

243 3569 529 3653 aequinoctialem,
544 3579 622 3634 tunc
640 3581 774 3655 oportet
797 3571 888 3653 quod
912 3568 1060 3634 habeant
1079 3567 1300 3653 aquilonares,
1314 3570 1394 3651 quia

242 3675 291 3740 sol
312 3686 363 3739 est
382 3674 416 3737 in
438 3675 571 3739 meridie
591 3694 718 3739 eorum.
762 3673 851 3739 Tota
874 3674 975 3759 igitur
994 3674 1075 3738 haec
1098 3693 1175 3757 pars
1189 3672 1392 3756 Aethiopiae

242 3782 324 3845 citra
346 3779 481 3843 Meroen
505 3788 538 3843 et
562 3777 708 3862 Syenem
730 3791 766 3846 et
790 3778 996 3863 Heliopolim
1011 3797 1124 3843 versus
1146 3779 1307 3842 orientem
1330 3777 1393 3841 sub

241 3884 369 3949 Arabia
384 3883 580 3947 continetur.
625 3882 673 3950 Et
693 3904 761 3948 non
776 3884 886 3949 solum
903 3884 977 3963 hoc,
991 3884 1051 3948 sed
1067 3882 1223 3965 quicquid
1240 3892 1291 3945 est
1306 3881 1394 3947 cirea

240 3988 398 4072 linguam,
415 3988 449 4052 id
465 3997 523 4065 est,
539 3989 786 4053 extremitatem
803 3988 902 4053 maris
918 3988 1025 4053 Rubri
1040 3998 1075 4052 et
1095 4008 1195 4070 super
1209 3985 1301 4050 littus
1321 3985 1392 4068 ejus

240 4113 353 4158 versus
370 4093 531 4156 orientem
547 4114 567 4157 a
582 4093 719 4176 cuspide
735 4094 869 4177 linguae
883 4112 989 4176 usque
1006 4094 1050 4157 ad
1070 4092 1178 4156 sinum
1194 4090 1266 4172 ejus
1283 4090 1390 4154 Persi·

239 4217 324 4263 cum.
354 4197 400 4260 Et
411 4198 565 4262 extendit
576 4219 612 4262 se
623 4220 644 4263 a
656 4218 747 4262 mare
760 4198 877 4264 Rubro
887 4216 992 4280 usque
1003 4196 1047 4261 ad
1061 4194 1226 4259 Pelusium
1239 4193 1390 4276 Aegypti

239 4304 282 4367 ad
306 4301 523 4379 occidentem,
547 4312 582 4367 et
611 4302 730 4367 dilatat
760 4321 797 4367 se
825 4303 869 4368 ad
900 4300 1160 4384 septentrionem
1191 4318 1250 4381 per
1279 4306 1389 4361 totum

271 4444 281 4476 ¹
298 4444 320 4493 lt
333 4444 388 4493 will
403 4445 436 4494 be
452 4445 556 4495 noticed
572 4446 628 4495 that
643 4446 696 4495 this
712 4446 858 4497 discussion
873 4446 904 4495 ol
915 4446 962 4495 the
978 4444 1038 4494 Nile
1053 4443 1169 4507 problem
1183 4440 1304 4491 conuina
1317 4440 1391 4489 three

238 4524 385 4575 references
396 4531 424 4571 to
435 4524 480 4573 the
491 4525 641 4587 systematic
652 4525 761 4573 werkin
771 4524 859 4574 which
872 4524 923 4573 this
934 4524 985 4572 and
997 4538 1077 4585 many
1086 4522 1161 4571 other
1170 4519 1307 4582 questions
1317 4534 1391 4568 were

238 4611 266 4651 to
282 4602 315 4651 be
329 4616 401 4651 more
415 4602 573 4666 thoroughly
585 4602 775 4665 investigated3
792 4602 836 4652 the
849 4601 922 4666 Opus
932 4600 1021 4665 Hujus
1031 4600 1111 4662 being
1126 4598 1224 4661 merely
1234 4613 1250 4646 ι
1260 4599 1391 4659 pennas&

233 4680 407 4745 prmmtulae.
