3575 5375
377 618 414 662 12
607 604 762 662 OPERIS
786 603 975 674 MAJORIS
999 603 1113 661 PARS
1139 602 1287 660 PRIMA.

374 774 465 859 vulgi
486 787 657 840 teneamus
681 777 873 841 mandatum
899 776 1022 856 Exodi,
1038 776 1136 840 ‘Non
1158 774 1304 858 sequeris
1327 775 1460 839 turbam
1482 773 1524 838 ad

373 878 563 943 iaciendum
595 880 740 961 malum;
779 901 840 946 nec
870 881 903 943 in
931 880 1057 964 judicio
1088 879 1303 964 plurimorum
1332 879 1525 961 adquiesces

373 985 568 1063 sententiae,
586 995 623 1049 ut
638 1006 658 1049 a
673 1008 751 1049 vero
765 984 897 1049 devies?
943 986 989 1049 Et
1008 984 1181 1049 consilium
1197 983 1300 1047 Tullii
1322 984 1353 1046 in
1372 982 1458 1046 fine¹
1483 985 1525 1046 de

373 1089 623 1170 quaestionibus
637 1090 834 1172 impleamus
850 1091 1001 1168 dicentis,
1015 1089 1086 1153 ‘Tu
1101 1098 1213 1152 autem
1229 1089 1292 1152 etsi
1311 1088 1344 1149 in
1360 1087 1465 1179 oculis
1480 1089 1525 1151 sis

373 1193 602 1267 multitudinis,
621 1204 733 1258 tamen
757 1196 790 1257 in
813 1193 885 1276 ejus
906 1193 1031 1276 judicio
1054 1203 1141 1257 stare
1159 1192 1235 1269 noli,
1254 1212 1315 1255 nec
1337 1192 1427 1274 quod
1451 1194 1525 1274 ipsa

372 1306 469 1379 putet
495 1298 529 1360 id
556 1309 674 1379 putare
698 1294 974 1382 pulcherrimum?
1022 1297 1067 1361 Et
1092 1296 1219 1361 Seneca
1252 1296 1335 1360 libro
1362 1298 1405 1359 de
1427 1297 1524 1379 copia

372 1402 547 1465 verborum
577 1402 695 1465 invitat
722 1424 781 1467 nos
805 1413 838 1466 et
865 1403 1055 1465 consolatur
1078 1403 1268 1465 recedentes
1291 1420 1311 1463 a
1333 1400 1386 1463 via
1414 1399 1523 1463 multi·

373 1505 637 1581 tudinisdicens,
647 1506 821 1570 ‘Nondum
837 1507 917 1570 felix
933 1528 977 1581 es,
990 1506 1017 1568 si
1034 1507 1181 1569 nondum
1198 1505 1340 1570 turbate
1355 1502 1523 1568 deriserit.’

374 1608 420 1672 Et
432 1619 547 1673 contra
558 1610 826 1674 consuetudinem
843 1610 1039 1692 impleamus
1052 1610 1222 1673 consilium
1236 1608 1404 1692 Cypriani,
1416 1616 1422 1642 ‘
1434 1609 1523 1672 Con-

373 1714 514 1777 suetudo
529 1714 600 1778 sine
614 1714 752 1778 veritate
767 1724 915 1778 vetustas
930 1715 1047 1777 erroris
1067 1724 1127 1792 est,
1143 1722 1278 1796 propter
1298 1714 1390 1795 quod
1409 1713 1523 1777 relicto

373 1837 489 1892 errore,
513 1838 691 1900 sequamur
711 1816 903 1883 veritatem!
951 1818 997 1881 Et
1020 1817 1230 1900 Augustinus
1251 1818 1410 1900 praecipit
1432 1817 1522 1899 quod

357 1921 528 1986 '‘veritate
550 1922 734 2002 manifesta,
750 1924 846 1988 cedat
868 1924 1074 1989 consuetudo
1092 1923 1231 1999 veritati,
1246 1923 1324 2003 quia
1346 1933 1523 1985 consuetu-

370 2027 481 2090 dinem
502 2026 623 2091 veritas
641 2037 674 2091 et
693 2028 778 2092 ratio
800 2048 933 2109 semper
955 2025 1125 2091 excludit!
1172 2026 1217 2089 Et
1238 2026 1392 2101 Isidorus,
1412 2026 1522 2090 ‘Usus

369 2131 558 2196 auctoritati
574 2132 692 2210 cedat;
715 2152 854 2214 pravum
870 2153 966 2197 usum
983 2133 1039 2195 lex
1056 2142 1089 2196 et
1107 2132 1189 2195 ratio
1204 2131 1333 2195 vincat!
1380 2131 1426 2195 Et
1447 2132 1522 2195 ideo

370 2235 500 2299 Tullius
515 2236 557 2300 de
572 2237 822 2302 immortalitate
842 2238 973 2301 animae
993 2236 1134 2300 laudans
1155 2235 1368 2299 etextollens
1383 2257 1449 2309 eos,
1465 2239 1521 2319 qui

370 2339 499 2422 lugiunt
524 2342 797 2406 consuetudinem
827 2342 907 2407 dicit
930 2341 1062 2425 ‘magni
1085 2340 1188 2404 animi
1211 2349 1261 2404 est
1283 2340 1521 2422 cogitationem

368 2465 389 2507 a
400 2446 638 2509 consuetudine
650 2445 820 2510 revocare!
856 2448 989 2509 Nomen
1003 2455 1114 2509 autem
1127 2444 1333 2509 auctoritatis
1345 2444 1522 2509 favorabile

369 2560 430 2613 est.
485 2549 531 2613 Et
557 2550 632 2614 ideo
660 2550 801 2632 majores
830 2552 935 2614 nostri
960 2550 1137 2614 venerandi
1167 2558 1253 2627 sunt,
1277 2549 1346 2613 sive
1376 2549 1521 2613 habeant

368 2654 598 2718 auctoritatem
611 2675 723 2719 veram
735 2656 805 2720 sive
815 2666 1041 2739 apparentem,
1050 2674 1135 2739 quae
1147 2663 1197 2718 est
1208 2654 1387 2719 auctoritas
1398 2656 1520 2718 ducum

368 2756 468 2839 vulgi.
514 2757 571 2822 Et·
590 2771 705 2824 contra
735 2780 830 2824 usum
860 2761 1051 2843 apparentis
1082 2759 1288 2824 auctoritatis
1317 2779 1383 2822 non
1413 2759 1520 2823 solum

369 2862 502 2944 propria
522 2873 599 2927 sunt
620 2864 756 2927 consilia
775 2875 811 2928 et
831 2865 991 2927 mandata
1011 2866 1192 2928 secundum
1208 2863 1277 2926 vias
1294 2863 1357 2926 Dei
1377 2873 1410 2926 et
1426 2847 1520 2927 sanc-
1589 2935 1595 2947 ,

369 2975 481 3029 torum
500 2976 533 3030 et
556 2965 827 3050 philosophorum
849 2977 883 3031 et
904 2969 1051 3032 omniurn
1073 2969 1269 3049 sapientum,
1286 2967 1343 3032 sed
1364 2968 1520 3049 quiequid

368 3082 484 3134 contra
509 3072 589 3136 vitia
619 3072 784 3135 humanae
814 3072 1001 3156 fragilitatis
1037 3073 1126 3156 apud
1157 3084 1308 3138 auctores
1331 3094 1425 3136 veros
1455 3074 1520 3137 dici

368 3186 490 3258 potest,
504 3196 682 3242 commune
696 3187 747 3241 est
759 3178 805 3241 eis
821 3179 877 3261 qui
893 3178 1090 3242 auctoritate
1105 3179 1287 3242 abutuntur
1298 3188 1520 3262 praesumpta.

370 3280 416 3344 Et
447 3281 523 3346 ideo
551 3281 579 3345 si
609 3282 747 3346 consilia
775 3291 808 3346 et
838 3284 996 3347 mandata
1031 3282 1193 3347 habemus
1228 3292 1342 3346 contra
1372 3282 1521 3347 delectus

367 3407 520 3450 verorum
540 3397 711 3452 auctorum
734 3387 839 3450 multo
862 3389 967 3470 magis
987 3398 1101 3452 contra
1122 3389 1306 3452 abutentes.
1353 3386 1421 3452 Sed
1443 3388 1520 3469 quia

368 3500 520 3554 auctores
535 3492 679 3565 veridici,
699 3503 736 3555 ut
756 3493 862 3556 sancti
882 3502 917 3555 et
938 3492 1127 3576 philosophi
1149 3490 1352 3575 principales,
1364 3490 1521 3573 juverunt

368 3615 428 3657 nos
443 3595 476 3658 in
491 3596 756 3660 consideratione
770 3597 927 3672 veritatis,
945 3598 1021 3661 ideo
1037 3597 1282 3679 regratiandum
1299 3605 1350 3661 est
1366 3597 1421 3674 eis,
1436 3598 1520 3662 sicut

371 3698 567 3762 Aristoteles
579 3701 687 3782 primo
700 3699 952 3783 Metaphysicae
968 3704 1165 3785 regratiatus
1180 3703 1246 3765 suis
1263 3702 1521 3784 praedecessori·

368 3802 442 3878 bus,
459 3814 494 3867 et
512 3804 544 3866 in
568 3802 633 3867 fine
652 3803 900 3868 Elenchorum²
917 3806 959 3869 de
975 3806 1115 3870 inventis
1139 3806 1252 3868 multis
1271 3806 1411 3888 ipsemet
1429 3807 1519 3889 cupit

368 3906 491 3970 habere
516 3917 637 3989 grates.
684 3908 751 3991 Qui
778 3930 856 3974 vero
883 3911 991 3993 prima
1019 3911 1178 3994 principia
1202 3909 1359 3992 jecerunt,
1380 3911 1428 3976 eis
1454 3932 1521 3975 non

368 4010 476 4075 solum
492 4013 750 4093 regratiandum,
765 4013 823 4078 sed
838 4015 932 4097 quasi
948 4024 1058 4079 totum
1077 4034 1152 4078 cum
1172 4014 1316 4096 quadam
1337 4018 1521 4081 reverentia

367 4115 607 4181 ascribendum.
638 4115 830 4182 Secundum
846 4119 936 4201 quod
950 4118 1078 4183 Seneca
1090 4117 1162 4183 vult
1174 4117 1295 4183 terti0³
1310 4120 1519 4194 naturalium,

367 4221 412 4284 ‘si
428 4221 507 4303 quid
522 4243 541 4285 a
556 4223 792 4305 posterioribus
810 4224 980 4287 inventum
997 4231 1056 4301 est,
1075 4222 1289 4286 nihilominus
1313 4223 1519 4289 referendum

398 4424 408 4454 ¹
425 4425 482 4475 The
493 4428 566 4476 word
578 4429 680 4477 amendi
689 4444 775 4478 seems
786 4430 902 4477 omitted.
939 4427 995 4475 The
1007 4441 1116 4489 passage
1128 4427 1151 4476 is
1164 4427 1190 4476 in
1206 4427 1230 4476 T
1228 4445 1277 4478 use.
1292 4427 1363 4492 Da'sp.
1378 4429 1403 4477 ii.
1418 4431 1457 4479 26.

398 4503 550 4570 'DeSopln
564 4506 663 4556 Elenclr.
677 4508 765 4556 xxxiv.
780 4511 829 4568 §p

397 4582 480 4632 ’ibe
497 4600 607 4647 passage
623 4586 647 4633 is
663 4593 709 4633 not
727 4587 753 4633 in
772 4586 817 4634 the
834 4584 912 4648 third,
924 4584 971 4631 but
988 4583 1013 4631 in
1031 4581 1076 4631 the
1093 4583 1162 4632 sixth
1179 4583 1253 4647 boolr,
1267 4601 1322 4648 cap.
1337 4600 1360 4647 5
1398 4587 1420 4635 lt
1439 4589 1461 4636 is
1476 4596 1523 4637 not

363 4677 429 4723 very
439 4665 586 4727 accurately
596 4665 699 4726 quoted.
1128 4691 1132 4698 ·
