3575 5375
354 637 680 697 PHILOSOPHIAE
708 637 798 697 CUM
824 638 1067 698 THEOLOGIA
1096 640 1335 700 AFFINITAS.
1378 656 1418 719 45

267 811 366 876 tatur,
388 802 447 865 sed
469 811 607 885 propter
628 810 736 865 totum
760 800 931 885 negotium
956 802 1139 885 sapientiae
1160 802 1418 868 certificandum.

270 904 358 967 Nam
389 904 595 988 impossibile
624 905 685 969 suit
714 906 842 970 homini
873 908 916 971 ad
948 907 1113 990 magnalia
1144 908 1354 973 scientiarum
1385 918 1420 973 et

267 1010 388 1072 artium
401 1010 555 1075 devenire
570 1030 685 1093 perse,
696 1011 753 1074 sed
766 1019 898 1092 oportet
909 1011 999 1092 quod
1012 1011 1163 1076 habuerit
1175 1011 1419 1089 revelationem,

268 1134 335 1196 qua
346 1114 487 1196 probata
498 1113 581 1177 nihil
591 1114 692 1179 debet
706 1115 795 1198 apud
809 1135 870 1177 nos
881 1114 1029 1179 dubitari
1041 1116 1084 1179 de
1095 1117 1223 1180 arcanis
1238 1118 1420 1199 sapientiae

268 1218 406 1299 repertis
431 1219 522 1300 apud
547 1227 708 1282 auctores.
766 1218 834 1282 Sed
861 1218 989 1281 nullum
1017 1220 1199 1303 capitulum
1226 1221 1420 1306 sapientiale

267 1333 319 1385 est
341 1324 425 1386 tanti
449 1322 570 1386 laboris
592 1322 678 1386 sicut
700 1333 751 1385 est
773 1320 968 1385 certificatio
991 1321 1089 1404 hujus
1113 1323 1168 1402 rei,
1191 1344 1232 1388 eo
1255 1327 1344 1407 quod
1368 1334 1420 1389 est

269 1446 427 1509 magnum
469 1426 720 1491 fundamentum
757 1427 861 1491 totius
902 1426 1206 1509 comprehensionis
1242 1429 1418 1493 humanae.

267 1530 373 1613 Atqui
395 1532 645 1596 contrarietates
669 1542 704 1594 et
727 1532 829 1595 dubia
855 1531 1081 1615 multipliciter
1104 1533 1369 1610 intercurrerunt,
1385 1544 1420 1598 et

268 1643 399 1716 oportet
421 1645 571 1699 auctores
593 1645 628 1699 et
649 1635 821 1699 volumina
841 1636 1067 1699 abundantius
1090 1638 1211 1699 revolvi
1234 1658 1335 1720 quam
1359 1660 1419 1723 pro

267 1740 380 1821 aliquo
416 1739 483 1803 alio
515 1738 663 1815 articulo,
695 1739 751 1822 qui
786 1738 820 1801 in
850 1748 926 1803 toto
956 1741 1139 1823 sapientiae
1168 1742 1279 1806 studio
1310 1742 1420 1807 valeat

268 1844 410 1927 reperiri.
457 1842 544 1907 Dico
566 1844 667 1927 igitur
687 1844 778 1927 quod
801 1844 928 1907 eisdem
951 1845 1100 1926 personis
1123 1867 1143 1910 a
1167 1847 1243 1909 Deo
1266 1848 1346 1910 data
1368 1857 1420 1911 est

268 1948 500 2033 philosophiae
531 1958 678 2031 potestas
711 1948 832 2031 quibus
862 1958 896 2012 et
929 1970 1023 2014 sacra
1056 1950 1226 2032 scriptura,
1256 1952 1419 2031 videlicet,

268 2054 391 2117 sanctis
405 2055 450 2117 ab
468 2054 573 2131 initio,
588 2065 626 2117 ut
645 2054 692 2117 sic
712 2061 872 2136 appareat
893 2074 959 2117 una
978 2055 1141 2137 sapientia
1161 2074 1233 2119 esse
1253 2055 1420 2140 completa

268 2168 302 2220 et
325 2158 479 2222 omnibus
502 2158 693 2221 necessaria.
741 2156 812 2221 Soli
837 2158 925 2220 enim
951 2158 1159 2241 patriarchae
1182 2169 1214 2222 et
1237 2160 1420 2243 prophetae

268 2262 398 2326 suerunt
414 2262 482 2326 veri
498 2261 689 2345 philosophi
705 2263 761 2343 qui
778 2262 890 2325 omnia
906 2263 1081 2339 sciverunt,
1096 2284 1162 2326 non
1183 2264 1290 2327 solum
1310 2264 1418 2346 legem

269 2366 346 2444 Dei,
361 2367 419 2430 sed
435 2386 551 2429 omnes
566 2375 679 2450 partes
695 2365 934 2449 philosophiae.
982 2366 1057 2431 Hoc
1077 2366 1166 2431 enim
1188 2377 1299 2431 nostra
1319 2368 1419 2451 scrip-

268 2480 342 2533 tura
368 2471 449 2535 satis
474 2471 571 2534 nobis
596 2472 753 2541 ostendit,
777 2490 864 2552 quae
889 2470 1015 2553 Joseph
1047 2472 1226 2535 erudivisse
1257 2472 1420 2556 principes

220 2616 224 2623 -
269 2574 448 2638 Pharaonis
474 2584 508 2639 et
533 2594 628 2639 senes
651 2575 802 2658 Aegypti
829 2576 1041 2657 prudentiam
1065 2578 1162 2640 docet
1175 2597 1183 2654 ;
1216 2586 1250 2640 et
1277 2578 1419 2659 Moysen

267 2680 366 2745 fuisse
381 2680 524 2763 peritum
540 2680 574 2743 in
589 2680 679 2744 omni
697 2680 858 2764 sapientia
869 2680 1127 2765 Aegyptiorum.
1161 2682 1206 2746 Et
1224 2681 1373 2747 Bezaleel
1386 2693 1419 2746 et

269 2783 369 2848 Eliab
383 2784 448 2849 hoc
462 2785 702 2860 demonstrant,
718 2785 775 2866 qui
791 2786 880 2849 omni
901 2785 1069 2850 intellectu
1085 2796 1117 2849 et
1133 2787 1296 2869 sapientia
1312 2807 1419 2850 rerum

267 2888 467 2952 naturalium
482 2887 613 2951 luerunt
629 2889 784 2953 illustrati
799 2913 806 2964 ;
829 2909 896 2953 uno
911 2890 999 2952 enim
1021 2889 1101 2953 flatu
1118 2888 1261 2973 Spiritus
1278 2889 1420 2955 Sanctus

267 3012 325 3056 eos
349 2993 543 3056 illuminavit
562 3001 596 3055 et
618 2993 732 3058 docuit
754 3003 862 3057 totam
884 3003 1086 3076 potestatem
1109 3002 1246 3057 naturae
1264 2995 1298 3056 in
1322 2994 1419 3058 rebus

268 3096 444 3161 metallicis
459 3105 493 3160 et
508 3096 646 3161 caeteris
661 3096 883 3160 mineralibus
931 3096 998 3161 Sed
1015 3106 1048 3161 et
1061 3096 1222 3162 Solomon
1237 3098 1418 3180 sapientior

268 3204 422 3266 omnibus
452 3203 726 3284 praecedentibus
755 3212 789 3264 et
813 3202 1091 3285 subsequentibus
1116 3203 1296 3266 secundum
1325 3203 1418 3266 testi·

268 3308 415 3370 monium
434 3307 614 3389 scripturae
635 3307 767 3390 plenam
788 3306 933 3370 obtinuit
957 3305 1186 3389 philosophiae
1206 3316 1418 3388 potestatem.

268 3411 315 3475 Et
337 3411 502 3493 Josephus
525 3411 634 3492 primo
652 3410 890 3492 antiquitatum
913 3410 1007 3487 libro,
1026 3411 1136 3491 capite
1153 3412 1308 3488 secundo,
1325 3411 1417 3487 dicit,

267 3518 448 3597 quodcum
465 3514 523 3577 filii
540 3514 638 3577 Adae
654 3535 713 3598 per
728 3513 813 3596 Seth
830 3514 960 3578 luerunt
975 3513 1035 3576 viri
1060 3513 1203 3591 religiosi
1226 3525 1258 3578 et
1279 3516 1322 3578 ab
1343 3514 1418 3596 ipso

269 3618 344 3681 Deo
368 3618 490 3694 dilecti,
514 3618 607 3681 Deus
628 3618 724 3681 dedit
751 3617 798 3679 eis
824 3625 1002 3680 sexcentos
1029 3636 1135 3680 annos
1156 3617 1264 3680 vivere
1286 3627 1421 3700 propter

267 3720 428 3803 gloriosas
451 3731 563 3803 partes
586 3719 818 3804 philosophiae
840 3719 874 3782 in
896 3719 1018 3802 quibus
1040 3721 1247 3798 studuerunt,
1266 3730 1312 3796 ut,
1329 3721 1419 3805 quod

268 3824 362 3888 Deus
384 3825 433 3887 eis
455 3823 621 3900 revelavit,
639 3834 776 3906 possent
798 3823 942 3906 experiri
967 3843 1026 3906 per
1047 3824 1137 3888 vitae
1159 3822 1420 3908 longitudinem3

267 3940 302 3992 et
324 3929 428 4001 addit,
445 3930 535 4009 quod
560 3927 636 3990 Noe
657 3939 691 3990 et
714 3927 772 3990 lilii
798 3927 870 4009 ejus
893 3928 1077 3992 docuerunt
1102 3927 1288 3993 Chaldaeos
1310 3939 1421 4012 partes

267 4033 506 4118 philosophiae,
543 4041 579 4096 et
622 4035 714 4114 quod
752 4032 925 4096 Abraham
969 4031 1104 4097 intravit
1145 4033 1343 4115 Aegyptum
1386 4044 1421 4099 et

266 4137 381 4202 docuit
403 4137 605 4220 Aegyptios.
652 4136 698 4200 Et
724 4146 842 4218 postea
863 4136 897 4199 in
920 4147 1039 4200 octavo
1065 4137 1158 4215 libro,
1180 4141 1271 4221 quod
1294 4138 1420 4202 nullam

268 4253 419 4304 naturam
443 4241 707 4328 inexaminatam
733 4239 894 4304 Solomon
919 4241 1098 4324 praeteriit,
1121 4243 1179 4306 sed
1203 4244 1245 4306 de
1268 4243 1421 4306 omnibus

267 4343 524 4430 philosophatus
539 4355 598 4421 est,
608 4355 642 4408 et
654 4343 860 4428 disciplinam
872 4346 1113 4430 proprietatum
1126 4366 1239 4410 earum
1251 4346 1422 4411 evidenter

268 4450 433 4532 exposuit,
461 4459 496 4513 et
524 4449 634 4531 tangit
662 4450 832 4532 quomodo
859 4450 1062 4514 descendens
1092 4451 1134 4514 ad
1168 4450 1299 4533 singula
1330 4469 1420 4514 com-

268 4554 416 4637 posuerit
430 4563 573 4636 quatuor
588 4553 693 4617 millia
708 4553 868 4618 librorum
884 4565 918 4617 et
934 4555 1088 4636 quinque.

314 4658 359 4720 Et
374 4657 544 4721 maximus
559 4657 758 4722 Aristoteles
776 4658 848 4743 ipsa
863 4659 1003 4723 veritate
1021 4669 1156 4722 coactus
1175 4657 1256 4722 dicit
1280 4657 1312 4720 in
1337 4656 1421 4720 libro
