3575 5375
357 495 417 560 370
578 479 733 539 OPERIS
757 477 948 550 MAJORIS
972 478 1087 540 PARS
1110 477 1298 552 QUARTA.

355 644 412 726 qui
428 663 516 708 nunc
534 651 682 728 regnant,
696 643 756 707 nisi
773 653 840 708 tres
860 662 962 724 reges,
978 641 1102 706 scilicet
1118 641 1231 726 Cingis
1248 641 1365 721 Cham,
1380 650 1415 705 et
1432 641 1516 706 Keu

357 747 473 826 Cham,
488 759 522 812 et
538 748 663 830 Mangu
681 744 806 812 Cham:
829 746 885 829 qui
902 745 979 810 Keu
1000 746 1062 809 suit
1078 744 1164 810 filius
1186 744 1312 830 cingis,
1331 757 1365 810 et
1382 746 1515 828 Mangu

356 850 442 915 filius
464 851 541 934 ejus

187 976 287 1025 present
403 956 497 1020 Haec
518 957 618 1039 igitur
636 975 719 1039 gens
739 953 831 1018 Moai
853 965 904 1019 est
924 953 1117 1018 stultissima
1141 955 1186 1017 ab
1208 953 1333 1039 origine
1351 953 1458 1037 prima
1476 965 1513 1017 et

186 1041 311 1158 iffi&
355 1061 574 1145 pauperrima,
597 1080 682 1143 quae
704 1069 815 1124 tamen
838 1058 1053 1142 permissione
1078 1060 1188 1123 divina
1210 1059 1372 1143 paulatim
1393 1079 1514 1123 omnes

186 1172 325 1226 dominon.
356 1165 506 1230 nationes
532 1164 653 1230 vicinas
678 1162 880 1246 subjugavit,
904 1171 939 1225 et
965 1171 1072 1226 totam
1099 1163 1214 1227 mundi
1241 1162 1448 1227 latitudinem
1477 1163 1512 1226 in

355 1289 458 1352 parvo
488 1279 637 1350 tempore
671 1266 859 1350 prostravit.
892 1265 1011 1350 Quae
1045 1267 1072 1329 si
1103 1277 1190 1331 esset
1223 1286 1371 1344 concors,
1400 1267 1512 1350 primo

354 1393 487 1455 egressu
502 1373 699 1456 Aegyptum
721 1381 755 1435 et
770 1368 921 1436 Africam
941 1380 1096 1448 vastaret,
1112 1380 1150 1434 ut
1169 1372 1217 1435 sic
1238 1393 1282 1436 ex
1304 1372 1393 1435 omni
1414 1381 1512 1453 parte

356 1477 495 1542 Latinos
525 1476 752 1541 circumdaret.
797 1473 885 1537 Nam
911 1493 1000 1538 nunc
1022 1495 1042 1538 a
1064 1485 1160 1557 parte
1183 1474 1347 1558 aquilonis
1369 1486 1511 1557 regnant

355 1601 457 1664 usque
477 1581 510 1644 in
527 1579 708 1655 Poloniam,
725 1578 803 1660 quia
822 1587 896 1642 tota
912 1577 1034 1642 Ruscia
1054 1587 1105 1642 est
1124 1579 1172 1642 eis
1194 1578 1362 1661 subjecta;
1385 1588 1419 1642 et
1436 1586 1511 1642 tota

354 1695 441 1748 terra
471 1685 514 1747 ab
544 1684 672 1748 oriente
701 1703 805 1764 usque
835 1684 878 1746 ad
907 1681 1099 1747 Danubium
1129 1694 1162 1747 et
1192 1683 1278 1748 ultra
1305 1682 1512 1756 Danubium,

352 1789 477 1854 scilicet
502 1788 656 1871 Bulgaria
685 1795 719 1850 et
746 1786 883 1851 Blachia
909 1796 986 1851 sunt
1013 1786 1059 1850 eis
1085 1788 1286 1852 tributariae.
1334 1788 1387 1851 lta
1415 1787 1508 1870 quod

353 1893 514 1974 usquead
530 1901 651 1956 terram
668 1889 1073 1973 Constantinopolitanam
1089 1899 1180 1954 tenet
1195 1910 1309 1955 eorum
1325 1890 1510 1973 imperium.

355 1995 400 2060 Et
431 1995 597 2060 Soldanus
625 1993 779 2071 Turkiae,
809 2003 843 2057 et
877 2014 937 2056 rex
970 1993 1155 2070 Armeniae,
1185 2005 1220 2057 et
1250 1995 1405 2076 princeps
1433 1993 1509 2057 An-

352 2100 501 2178 tiochiae,
516 2109 550 2164 et
570 2119 684 2163 omnes
707 2099 872 2182 principes
891 2099 925 2160 in
948 2099 1075 2162 oriente
1097 2119 1202 2181 usque
1225 2098 1258 2162 in
1278 2099 1408 2162 Indiam
1431 2108 1509 2163 suut

353 2205 400 2267 eis
422 2203 572 2287 subjecti,
591 2214 722 2287 praeter
737 2223 872 2285 paucos,
888 2201 945 2284 qui
967 2213 1025 2267 aut
1046 2203 1144 2266 nimis
1165 2204 1289 2267 distant
1304 2211 1362 2266 aut
1382 2201 1509 2267 habent

353 2309 426 2372 loca
456 2309 489 2372 in
523 2308 687 2372 montanis
723 2307 889 2372 tutissima
925 2326 1012 2388 quae
1047 2307 1233 2390 expugnari
1263 2327 1329 2372 non
1359 2317 1510 2389 possunt

354 2412 465 2477 Primo
481 2413 581 2496 igitur
595 2413 628 2475 in
645 2422 730 2478 terra
746 2411 802 2476 ubi
820 2411 1000 2493 imperator
1014 2420 1162 2475 moratur
1176 2421 1226 2476 est
1243 2410 1384 2476 Cathaia
1403 2411 1510 2493 nigra,

352 2517 409 2580 ubi
425 2516 488 2581 suit
504 2515 681 2598 Presbyter
694 2515 873 2596 Johannes.
920 2514 1000 2578 Post
1021 2535 1094 2578 eam
1116 2526 1203 2579 terra
1224 2516 1331 2579 fratris
1350 2514 1401 2579 sui
1422 2515 1510 2582 ultra

353 2641 412 2705 per
428 2621 490 2685 iter
505 2621 603 2684 trium
618 2621 886 2703 septimanarum,
899 2618 1020 2683 deinde
1035 2629 1122 2683 terra
1137 2619 1230 2684 Moal
1247 2629 1281 2684 et
1292 2620 1507 2685 Tartarorum

353 2724 438 2787 ultra
449 2744 506 2789 eos
519 2744 578 2805 per
590 2724 652 2787 iter
662 2724 757 2807 quasi
769 2724 946 2788 duodecim
958 2725 1131 2789 dictarum.
1164 2723 1230 2789 Sed
1243 2734 1315 2789 tota
1326 2725 1408 2789 haec
1420 2734 1509 2788 terra

352 2838 403 2893 est
421 2829 453 2891 in
471 2843 538 2910 qua
556 2836 703 2891 moratur
721 2828 901 2911 imperator
915 2848 1040 2911 vagans
1055 2849 1115 2911 per
1130 2830 1259 2893 diversa
1277 2829 1360 2892 ioca.
1404 2829 1509 2894 Terra

352 2944 473 3010 tamen,
494 2932 526 2997 in
551 2952 617 3015 qua
642 2933 749 3015 primo
771 2930 903 2996 suerunt
927 2930 1029 3010 Moal,
1049 2942 1185 2997 vocatur
1208 2932 1339 2998 Oznam
1362 2932 1507 3011 Keruie3

352 3047 386 3100 et
415 3037 460 3099 ibi
488 3047 539 3101 est
565 3036 674 3101 adhuc
700 3036 790 3100 curia
818 3034 934 3119 Cingis
958 3034 1086 3116 Cham;
1117 3039 1177 3100 sed
1202 3038 1282 3119 quia
1307 3035 1507 3101 Caracarum

350 3140 422 3224 ejus
443 3162 518 3206 cum
540 3142 673 3225 regione
692 3139 754 3205 suit
772 3142 878 3223 prima
898 3141 1078 3222 adquisitio
1100 3162 1223 3219 eorum,
1239 3141 1315 3205 ideo
1337 3142 1507 3205 civitatem

350 3246 440 3310 illam
456 3245 580 3309 habent
596 3266 657 3329 pro
672 3245 843 3328 imperiali,
859 3254 893 3309 et
909 3264 1013 3327 prope
1029 3244 1118 3309 illam
1134 3245 1261 3327 eligunt
1275 3266 1372 3310 suum
1389 3242 1505 3322 Cham,

350 3351 385 3414 id
400 3360 451 3414 est
472 3351 716 3433 imperatorem.
762 3349 894 3413 Deinde
913 3358 989 3433 post
1005 3349 1098 3413 Moal
1114 3360 1148 3415 et
1163 3350 1321 3414 Tartaros
1341 3352 1385 3414 ad
1400 3349 1507 3413 orien-

350 3465 418 3518 tem
439 3464 518 3518 sunt
537 3454 638 3518 sortes
658 3454 821 3530 homines,
836 3454 894 3535 qui
910 3462 1069 3517 vocantur
1086 3454 1220 3539 Tangut
1231 3453 1253 3529 ¹,
1270 3455 1326 3536 qui
1348 3465 1508 3536 ceperunt

350 3560 457 3641 primo
480 3557 594 3641 Cingis
617 3556 724 3621 Cham
747 3559 780 3621 in
801 3557 911 3635 bello;
940 3557 1009 3631 sed,
1028 3577 1110 3639 pace
1134 3557 1231 3634 sacta,
1249 3557 1370 3622 iterum
1392 3557 1506 3639 subju·

349 3663 441 3744 gavit
463 3682 530 3725 eos.
578 3662 637 3725 Isti
659 3661 812 3726 homines
839 3662 966 3726 habent
987 3662 1089 3726 boves
1117 3662 1321 3734 fortissimos,
1345 3662 1507 3727 habentes

349 3766 473 3829 caudas
488 3764 603 3847 plenas
619 3765 703 3847 pilis,
717 3766 802 3830 sicut
824 3767 909 3847 equi,
925 3786 1065 3848 quorum
1082 3786 1202 3831 vaccae
1222 3786 1289 3830 non
1310 3767 1507 3849 permittunt

383 3948 390 3976 ¹
410 3946 527 4008 ‘Tangut
538 3947 560 3995 is
571 3962 586 3995 n
598 3962 674 3996 name
683 3962 749 4009 very
756 3948 931 4010 conspicuous
941 3948 968 3996 iu
978 3948 1023 3997 the
1034 3947 1143 4011 Mougol
1151 3965 1204 3998 era.
1228 3949 1286 3998 The
1295 3948 1507 4012 nameTnnggod

350 4026 372 4076 is
383 4026 534 4090 properlyu
546 4025 652 4087 idongol
666 4026 747 4087 plural
763 4026 931 4089 designatiug
947 4028 1045 4075 certain
1062 4027 1142 4076 tribes
1157 4027 1188 4076 of
1201 4026 1311 4077 'libetan
1328 4029 1405 4077 blood
1422 4028 1507 4079 called

349 4105 383 4167 by
395 4106 440 4154 the
457 4103 569 4153 Chinese
583 4102 746 4165 Tanghiang,
762 4105 825 4153 wbo
841 4105 1001 4153 established
1017 4120 1051 4153 un
1070 4106 1248 4167 independent
1265 4107 1389 4169 kingdom
1407 4122 1442 4155 on
1460 4108 1507 4157 the

350 4183 522 4233 North-west
532 4183 643 4232 frontier
654 4182 685 4230 of
693 4182 777 4231 China
786 4183 850 4232 with
862 4183 932 4232 their
943 4183 1069 4245 capitalat
1079 4184 1192 4247 Ninghiu
1203 4201 1238 4234 on
1248 4187 1293 4234 the
1302 4185 1407 4234 Yeilow
1417 4186 1506 4239 River.

349 4300 356 4313 .
370 4300 394 4311 ..
406 4262 470 4310 This
481 4262 613 4323 kingdom,
629 4261 711 4311 called
726 4261 762 4323 by
772 4261 816 4311 the
828 4262 943 4311 Cbinese
955 4262 1007 4310 flia
1023 4263 1074 4311 und
1089 4263 1125 4324 by
1135 4265 1182 4313 tbe
1193 4263 1314 4326 Mongols
1326 4263 1438 4326 Tangut,
1450 4281 1508 4316 was

348 4341 449 4390 several
466 4341 542 4389 times
559 4340 671 4388 invaded
688 4339 723 4402 by
738 4339 875 4401 Chinghis,
892 4341 945 4389 aud
962 4340 982 4389 it
998 4356 1055 4390 was
1072 4357 1106 4391 on
1124 4343 1170 4391 the
1187 4344 1324 4405 campaign
1341 4343 1372 4391 of
1391 4351 1426 4392 rts
1444 4343 1508 4393 final

348 4427 474 4481 conquest
486 4420 541 4467 thu
553 4418 587 4467 he
598 4418 658 4467 died
670 4418 697 4465 in
709 4433 780 4479 1227.
815 4418 846 4467 In
864 4434 881 4467 a
896 4419 1003 4480 general
1015 4435 1075 4481 way
1087 4419 1189 4482 Tnngut
1204 4423 1399 4483 corresponded
1415 4429 1444 4469 to
1461 4423 1508 4471 the

348 4500 456 4547 modern
467 4497 589 4560 province
602 4496 631 4546 oi
640 4494 770 4546 Kunsub!
804 4494 1001 4561 [valescens
1009 4497 1098 4547 Marco
1110 4498 1182 4561 Polo,
1192 4500 1242 4551 voi.
1254 4498 1270 4551 i.
1281 4507 1346 4550 uote
1357 4507 1385 4549 to
1397 4515 1423 4563 p.
1436 4500 1506 4569 md]
