3575 5375
366 607 427 668 400
580 590 736 650 OPERIS
760 589 948 660 MAJORIS
972 588 1087 648 PARS
1112 590 1298 662 QUARTA.

196 760 351 811 availthem·
366 754 528 837 principes
544 752 764 837 reipublicae¹
782 773 847 817 non
867 763 1026 836 reguntur
1045 751 1107 816 nisi
1124 774 1182 837 per
1197 773 1264 817 eos.
1310 751 1376 818 Sed
1394 751 1442 815 illi
1461 751 1519 834 qui

196 825 274 877 selves
286 827 316 876 ol

196 893 342 943 thisknow-
366 868 443 922 sunt
465 860 553 942 apud
573 859 731 924 Tartaros
755 859 841 924 sicut
863 857 1001 940 praelati
1024 858 1113 940 apud
1137 877 1208 934 nos,
1223 867 1302 921 sunt
1324 857 1518 921 astronomi.

199 959 277 1021 ledge,
289 965 317 1008 to

196 1041 241 1076 our
252 1025 316 1074 burt.

367 962 496 1047 Mangu
520 963 637 1041 Cham,
660 964 839 1045 imperator
861 963 1078 1026 Tartarorum
1101 962 1248 1026 existens
1271 982 1357 1025 anno
1381 961 1519 1025 Domini

372 1085 407 1130 12
410 1081 461 1150 53,
476 1070 612 1150 quando
632 1067 786 1132 dominus
808 1088 868 1130 rex
891 1067 1050 1130 Franciae
1066 1066 1253 1130 Lodovicus
1274 1067 1362 1130 misit
1383 1064 1519 1128 fratrem

365 1170 582 1235 Willielmum
598 1173 641 1235 de
661 1171 775 1235 ordine
792 1171 960 1234 Minorum
978 1172 1021 1234 ad
1037 1171 1207 1243 Tartaros,
1222 1171 1309 1233 dixit
1326 1170 1520 1235 Christianis

365 1276 576 1358 congregatis
598 1296 709 1338 coram
730 1295 780 1353 eo,
796 1286 971 1358 praesente
993 1275 1083 1338 dieto
1104 1275 1221 1351 iratre3
1247 1274 1339 1338 ‘Nos
1358 1274 1520 1338 habemus

366 1387 473 1470 legem
493 1410 513 1452 a
530 1389 604 1451 Deo
625 1409 683 1471 per
702 1388 831 1452 divinos
852 1398 993 1466 nostros,
1006 1396 1039 1452 et
1059 1387 1196 1452 iacimus
1217 1387 1330 1452 omnia
1352 1409 1437 1470 quae
1456 1387 1521 1470 ipsi

366 1492 489 1557 dicunt.
532 1493 577 1556 Et
592 1513 651 1555 vos
668 1491 846 1556 Christiani
863 1492 993 1556 habetis
1009 1492 1117 1576 legem
1133 1513 1153 1555 a
1170 1492 1244 1556 Deo
1260 1513 1317 1575 per
1332 1492 1520 1575 prophetas,

367 1598 424 1660 sed
449 1617 515 1659 non
539 1595 646 1660 facitis
672 1594 766 1661 eam!
815 1595 891 1660 Hoc
918 1597 1012 1672 dixit,
1032 1595 1111 1678 quia
1133 1597 1167 1659 in
1191 1597 1315 1660 oriente
1339 1607 1417 1660 sunt
1443 1597 1520 1659 mali

368 1699 553 1780 Christiani,
575 1712 611 1765 ut
637 1701 826 1765 Nestoriani
851 1710 884 1765 et
911 1700 966 1764 alii
994 1701 1099 1779 multi,
1119 1702 1176 1784 qui
1203 1723 1270 1766 non
1294 1703 1411 1765 vivunt
1436 1704 1520 1766 bene

367 1807 550 1869 secundum
574 1805 681 1889 legem
698 1805 829 1870 Christi.
867 1806 914 1869 Et
934 1806 990 1869 ille
1011 1807 1110 1870 frater
1132 1807 1262 1890 scripsit
1284 1807 1422 1870 domino
1444 1806 1520 1890 regi,

368 1911 458 1991 quod
481 1910 508 1972 si
532 1931 647 1993 parum
671 1911 819 1972 scivisset
841 1910 884 1973 de
906 1911 1012 1984 astris,
1031 1911 1102 1994 ipse
1124 1909 1238 1975 suisset
1261 1911 1348 1973 bene
1370 1920 1521 1993 receptus

367 2015 456 2096 apud
491 2034 569 2088 eos;
608 2014 668 2077 scd
703 2014 780 2095 quia
816 2014 955 2077 nescivit
988 2014 1146 2077 terminos
1181 2015 1413 2089 astronomiae,
1445 2016 1521 2078 ideo
1560 2046 1565 2054 ·

368 2120 591 2202 despexerunt
622 2138 708 2182 eum.
755 2118 801 2181 Et
830 2119 907 2182 ideo
933 2119 1062 2182 Tartari
1090 2121 1274 2202 procedunt
1305 2121 1338 2182 in
1368 2120 1522 2184 omnibus

369 2223 529 2303 perviam
550 2221 779 2298 astronomiae,
795 2222 878 2286 etin
895 2222 1099 2304 praevisione
1114 2221 1298 2286 futurorum
1315 2233 1348 2286 et
1366 2224 1399 2286 in
1415 2224 1521 2307 operi·

368 2327 431 2389 bus
451 2326 642 2408 sapientiae.
688 2323 791 2407 Cujus
811 2326 942 2408 signum
961 2335 1012 2389 est
1028 2326 1171 2404 evidens,
1186 2327 1275 2409 quod
1292 2347 1368 2390 cum
1383 2328 1426 2392 sit
1441 2347 1522 2411 gens

368 2430 496 2494 habens
518 2451 637 2514 parvos
650 2440 694 2501 ,et
717 2430 841 2495 debiles
864 2430 1026 2496 homines.
1044 2440 1079 2494 et
1100 2431 1196 2513 quasi
1219 2450 1286 2493 non
1309 2433 1522 2496 comedentes

369 2555 430 2599 nec
442 2535 593 2599 bibentes
608 2536 698 2616 quod
716 2545 867 2599 naturam
883 2533 1056 2612 confortet,
1070 2546 1103 2599 et
1119 2535 1199 2598 nihil
1215 2536 1355 2617 pedibus
1366 2536 1523 2610 valentes,

369 2647 403 2702 et
422 2639 560 2703 inermes
580 2637 607 2703 si
629 2639 760 2723 proprie
781 2638 964 2721 loquamur,
981 2638 1041 2702 nisi
1063 2641 1153 2721 quod
1175 2638 1300 2703 habent
1320 2641 1459 2723 sagittas
1478 2641 1522 2705 ad

371 2753 528 2807 terrorem
545 2744 665 2825 quibus
682 2754 920 2828 persequantur
936 2742 1110 2826 fugientes,
1124 2766 1185 2807 nec
1201 2764 1345 2826 unquam
1362 2747 1405 2809 de
1420 2766 1523 2829 prope

370 2846 552 2931 confligunt
567 2857 733 2930 potestate
749 2847 904 2922 bellandi,
922 2858 959 2912 ut
976 2848 1064 2913 acies
1084 2861 1199 2913 contra
1214 2851 1301 2913 acies
1323 2850 1521 2921 ordinentur,

370 2972 445 3015 cum
462 2951 533 3033 jam
550 2962 656 3016 totam
678 2951 885 3016 latitudinem
908 2952 1021 3016 mundi
1039 2964 1288 3035 prostraverunt
1307 2954 1351 3017 ab
1370 2954 1523 3036 aquilone

369 3057 412 3119 ad
441 3059 610 3131 orientem,
634 3066 668 3120 et
694 3058 737 3121 ab
767 3058 892 3121 oriente
923 3078 1027 3139 usque
1056 3058 1099 3121 ad
1127 3059 1307 3136 meridiem,
1336 3058 1445 3121 solum
1475 3060 1523 3122 eis

369 3150 528 3226 deficiunt
551 3162 619 3224 duo
644 3160 754 3243 anguli
776 3171 885 3225 terrae
907 3161 1178 3241 Christianorum,
1198 3163 1322 3227 scilicet
1343 3163 1522 3247 Aegyptus

369 3275 403 3330 et
418 3265 543 3329 Africa.
589 3265 662 3328 Nisi
682 3266 770 3328 enim
788 3264 953 3331 Dominus
972 3268 1165 3350 reprimeret
1185 3287 1242 3330 eos
1262 3276 1296 3331 et
1317 3268 1524 3350 permitteret

369 3371 522 3433 seminari
543 3370 723 3433 discordias
744 3371 829 3434 inter
850 3392 908 3434 eos
930 3371 1126 3453 frequentes,
1140 3370 1211 3453 jam
1232 3380 1340 3435 totum
1361 3373 1523 3435 mundum

371 3484 596 3557 occupassent.
651 3474 697 3538 Et
728 3474 804 3539 ideo
836 3484 969 3557 oportet
1002 3476 1092 3557 quod
1123 3495 1182 3557 per
1211 3495 1313 3557 opera
1343 3476 1524 3557 sapientiae

370 3580 552 3662 procedant
568 3578 740 3663 magnifica
755 3579 875 3661 quibus
891 3580 1051 3643 mundum
1069 3580 1273 3643 conculcant.
1308 3578 1396 3643 Nam
1413 3591 1524 3645 narrat

370 3685 478 3748 dictus
491 3683 589 3747 irater
601 3684 633 3746 in
645 3683 728 3746 libro
744 3705 803 3747 suo
819 3685 862 3747 de
878 3685 1024 3748 moribus
1036 3684 1251 3747 Tartarorum
1263 3704 1363 3765 quem
1377 3685 1524 3748 Domino

405 3840 413 3870 ¹
432 3840 565 3901 Principes
582 3848 608 3889 et
633 3840 801 3902 respublicae,
819 3840 844 3901 J.
885 3840 942 3889 The
963 3848 1051 3903 report
1068 3841 1098 3889 os
1112 3841 1226 3890 William
1243 3840 1401 3903 Rubruquis,
1419 3841 1525 3904 already

372 3919 486 3969 referred
499 3926 533 3981 to,
548 3920 666 3967 contains
678 3924 717 3980 (p.
728 3920 788 3983 362)
801 3935 815 3967 a
828 3919 873 3967 full
884 3927 995 3969 account
1007 3920 1037 3968 oi
1044 3920 1088 3968 the
1101 3920 1207 3982 ldongol
1220 3920 1340 3969 diviners.
1386 3920 1453 3982 ‘Ipsi
1464 3929 1525 3969 sunt

372 3998 443 4046 multi
467 4003 492 4045 et
515 4012 619 4058 semper
641 3996 737 4045 habent
760 4013 838 4045 unurn
861 3999 1023 4060 capitaneum
1043 4005 1164 4060 tanquam
1187 3998 1337 4061 pontificem
1354 3999 1399 4060 qui
1422 4014 1525 4060 semper

371 4077 478 4127 collocat
496 4077 597 4124 domum
615 4090 686 4123 suam
704 4083 764 4124 ante
782 4076 905 4136 majorem
922 4078 1026 4126 doraum
1043 4077 1124 4138 ipsius
1142 4076 1239 4138 blangu
1257 4077 1525 4128 cnam...1st0rum

372 4155 449 4217 aliqui
462 4155 546 4203 sciunt
556 4155 589 4202 de
600 4155 762 4216 astronomia,
774 4154 883 4204 maxime
896 4155 946 4203 iste
958 4156 1085 4217 princeps,
1094 4162 1120 4204 et
1131 4156 1281 4218 praedicant
1290 4156 1329 4204 eis
1338 4156 1452 4217 eclipsim
1464 4156 1526 4204 solis

372 4240 399 4281 et
410 4234 485 4281 lunae
500 4269 524 4281 ..
536 4266 543 4279 .
559 4232 711 4280 Praedicant
723 4233 778 4281 dies
791 4233 870 4281 festos
881 4234 923 4281 vel
935 4233 1045 4282 infestos
1056 4235 1088 4282 ad
1107 4234 1193 4282 omnia
1208 4235 1311 4295 negotia
1321 4235 1421 4294 agenda
1432 4250 1439 4294 3
1457 4236 1527 4282 unde

372 4327 501 4373 nunquam
514 4311 610 4359 iaciunt
622 4310 764 4359 exercitum
776 4326 824 4359 nec
834 4312 923 4359 ineunt
934 4311 1028 4359 bellum
1040 4312 1097 4359 sine
1110 4312 1179 4359 dicto
1190 4311 1296 4361 eorum!
1331 4311 1436 4373 blangu,
1445 4312 1472 4360 iu
1485 4312 1527 4361 his

372 4389 519 4437 interviews
532 4388 596 4437 with
614 4388 771 4450 Rubruquis,
786 4388 933 4450 frequently
944 4389 1023 4437 dwelt
1036 4405 1070 4437 on
1083 4390 1127 4437 the
1138 4389 1331 4451 inconsistency
1342 4390 1372 4438 oi
1381 4390 1527 4439 Christiana

372 4468 436 4516 with
449 4468 517 4516 their
528 4466 675 4529 principles.
706 4466 819 4529 ‘Vobis’
831 4466 865 4515 he
877 4468 934 4516 said
948 4469 1035 4517 ‘dedit
1045 4468 1117 4517 Deus
1127 4468 1275 4531 scripturas,
1290 4476 1318 4517 et
1329 4484 1380 4517 non
1393 4469 1527 4518 custoditis

373 4561 431 4601 eas;
451 4545 525 4593 nobis
541 4552 627 4593 autem
644 4544 715 4593 dedit
733 4544 898 4606 divinatores,
911 4553 937 4595 et
954 4561 1003 4595 nos
1019 4546 1126 4595 iacimus
1142 4548 1210 4608 quod
1228 4546 1279 4609 ipsi
1297 4548 1386 4597 dicunt
1402 4547 1486 4609 nobis,
1500 4555 1527 4598 et

374 4624 480 4672 vivimus
492 4624 518 4669 in
531 4620 607 4685 paee’
620 4628 673 4684 (pp.
687 4624 805 4687 359-60).
