3575 5375
371 614 430 678 128
582 617 738 676 OPERIS
761 617 950 688 MAJORIS
974 617 1090 677 PARS
1114 616 1299 691 QUARTA.

369 795 538 860 inferiores
563 795 649 860 inter
674 797 778 860 solem
802 806 836 860 et
858 797 1053 878 superiores,
1068 806 1103 860 et
1125 796 1189 861 hoc
1212 797 1298 861 bene
1318 794 1448 870 accidit,
1463 793 1524 856 sed

368 919 435 962 non
459 909 507 964 est
531 902 577 964 ita
600 901 755 972 notabile,
778 902 862 965 sicut
885 901 928 964 de
950 901 1037 965 luna.
1085 899 1152 965 Sed
1175 901 1343 984 quoniam,
1366 910 1404 963 ut
1428 907 1523 981 patet

368 1025 412 1066 ex
437 1005 624 1087 praedictis,
639 1025 713 1070 rara
735 1016 768 1069 et
790 1005 961 1089 perspicua
981 1005 1177 1088 permittunt
1196 1005 1373 1068 transitum
1394 1001 1525 1087 speciei,

367 1118 404 1172 ut
419 1129 476 1173 aer
490 1118 525 1173 et
540 1111 664 1192 species
680 1111 766 1174 oculi
782 1119 815 1173 et
836 1109 1004 1173 stellarum
1023 1119 1196 1174 transeunt
1216 1131 1278 1193 per
1293 1110 1407 1172 orbem
1427 1106 1524 1190 ignis,

366 1223 401 1277 et
422 1234 482 1295 per
502 1214 649 1277 medium
671 1215 821 1277 omnium
844 1213 974 1277 orbium
997 1224 1126 1298 septem
1150 1212 1370 1296 planetarum,
1388 1229 1525 1275 necesse

367 1319 524 1400 estquod
545 1319 612 1382 sint
627 1339 700 1382 rara
716 1329 750 1383 et
770 1319 955 1401 perspicua,
971 1328 1005 1382 et
1020 1319 1110 1401 quod
1130 1337 1194 1379 non
1211 1317 1391 1380 terminant
1405 1317 1524 1381 visum.

370 1423 463 1505 Ergo
489 1442 556 1485 non
583 1433 659 1485 sunt
686 1425 799 1486 densa.
855 1422 946 1504 Ergo
973 1440 1033 1485 nec
1054 1422 1207 1499 visibilia,
1231 1421 1309 1503 quia
1334 1421 1444 1484 solum
1472 1431 1524 1485 est

368 1525 509 1603 visibile,
520 1538 557 1590 ut
572 1528 671 1591 docet
683 1526 857 1590 Avicenna
872 1526 971 1589 tertio
988 1527 1031 1589 de
1044 1526 1177 1603 Anima,
1188 1527 1279 1608 quod
1292 1533 1405 1608 potest
1415 1525 1525 1588 visum

368 1631 554 1707 terminare,
569 1641 603 1694 et
625 1651 738 1693 verum
762 1641 812 1695 est
834 1631 910 1693 boc.
956 1629 1023 1694 Sed
1048 1630 1074 1693 si
1098 1649 1166 1693 non
1188 1640 1266 1694 sunt
1289 1629 1437 1706 visibilia,
1456 1649 1524 1692 non

369 1745 447 1797 sunt
469 1734 588 1812 lucida,
611 1735 688 1816 quia
711 1735 856 1800 lucidum
880 1746 932 1799 est
953 1731 1092 1798 visibile.
1139 1734 1184 1798 Et
1206 1733 1325 1816 loquor
1347 1735 1390 1797 de
1413 1732 1525 1796 lucido

369 1840 461 1920 quod
485 1838 587 1904 habet
612 1840 720 1903 lucem
745 1838 859 1914 fixam,
882 1848 917 1902 et
943 1858 1008 1902 non
1036 1850 1261 1903 transeuntem
1288 1859 1327 1902 ac
1354 1838 1524 1922 propriam

369 1963 457 2024 quae
479 1953 588 2026 potest
612 1941 831 2026 multiplicare
853 1965 873 2007 a
894 1965 931 2007 se
953 1944 1072 2023 radios,
1093 1954 1130 2007 ut
1153 1943 1249 2007 stella
1271 1953 1306 2007 et
1330 1943 1432 2025 ignis3
1456 1963 1525 2005 non

370 2047 488 2128 loquor
511 2049 554 2111 de
579 2048 689 2110 lucido
714 2050 803 2129 quod
830 2048 943 2129 recipit
967 2047 1073 2112 lucem
1099 2057 1323 2111 transeuntem
1348 2048 1433 2110 sicut
1457 2067 1526 2120 aer,

369 2171 469 2233 quem
486 2151 684 2216 Aristoteles
704 2169 803 2216 vocat
824 2150 995 2216 luciduml
1011 2153 1044 2215 in
1067 2153 1214 2215 secundo
1232 2151 1275 2214 de
1290 2151 1438 2215 Anima:
1462 2152 1525 2214 sed

369 2255 433 2319 hoc
444 2265 495 2318 est
504 2259 693 2337 aequivoce.
740 2255 954 2338 Quapropter
962 2256 1149 2339 errant,qui
1157 2256 1337 2319 aestimant
1345 2256 1526 2338 sphaeram

370 2360 455 2443 ignis
480 2361 586 2424 lucere
611 2360 813 2435 naturaliter,
836 2361 922 2425 sicut
945 2361 999 2424 bic
1022 2361 1164 2438 inferius,
1187 2371 1222 2422 et
1244 2361 1421 2443 praecipue
1446 2379 1526 2422 cum

371 2465 477 2546 magis
499 2466 542 2529 sit
564 2486 656 2529 rarus
677 2486 778 2548 quam
802 2486 868 2542 aer,
885 2475 920 2529 et
942 2467 1019 2530 ideo
1042 2465 1150 2529 minus
1167 2465 1315 2539 visibilis,
1332 2474 1366 2527 et
1389 2473 1528 2547 propter

370 2567 435 2630 hoc
450 2569 558 2632 minus
572 2580 670 2650 aptus
686 2569 758 2641 luci,
775 2569 853 2650 quia
869 2569 1016 2632 densitas
1030 2579 1081 2632 est
1094 2590 1194 2632 causa
1210 2569 1472 2647 illuminationis,
1487 2578 1527 2632 ut

370 2672 452 2735 dicit
467 2671 633 2736 Averroes
651 2672 796 2737 secundo
813 2671 907 2738 Coeli
925 2683 960 2738 et
975 2673 1103 2751 Mundi,
1119 2682 1153 2738 et
1172 2673 1256 2737 libro
1271 2674 1313 2738 de
1329 2672 1528 2738 Substantia

371 2776 479 2839 Orbis.
527 2776 572 2839 Et
601 2777 751 2841 similiter
772 2780 902 2861 turpius
932 2788 1057 2841 erratur
1083 2800 1104 2841 a
1127 2778 1238 2861 vulgo,
1262 2779 1400 2859 quando
1430 2778 1529 2859 ponit

371 2880 470 2942 orbes
484 2880 653 2944 stellarum
670 2880 787 2956 lucere,
800 2883 976 2963 praecipue
986 2901 1062 2945 cum
1077 2882 1191 2946 dicant
1205 2882 1377 2965 quoddam
1393 2881 1528 2963 salsum,

371 2992 406 3046 et
437 2984 611 3067 imponunt
636 2984 777 3047 Averroi
805 2984 896 3047 illud.
943 2986 1032 3049 Nam
1058 2986 1182 3062 dicunt,
1207 2987 1300 3068 quod
1330 2984 1428 3051 stella
1458 3006 1529 3050 non

370 3087 482 3151 differt
503 3089 548 3153 ab
571 3088 651 3152 orbe
674 3088 735 3152 uisi
758 3110 815 3170 per
838 3089 998 3171 majorem
1017 3092 1288 3173 aggregationem
1308 3102 1342 3155 et
1362 3091 1528 3154 minorem

371 3190 462 3254 lucis.
508 3190 575 3255 Sed
594 3192 762 3255 Averroes
780 3212 847 3256 non
868 3194 950 3257 dicit
972 3194 1043 3271 hoc,
1062 3196 1120 3258 sed
1144 3197 1346 3258 contrarium
1370 3196 1471 3260 docet
1493 3207 1529 3261 et

370 3297 509 3376 probat:
533 3296 618 3359 bene
633 3297 719 3359 enim
736 3298 815 3361 dicit
831 3308 938 3361 totum
955 3298 1043 3359 hunc
1058 3318 1243 3362 sermonem
1262 3309 1395 3380 praeter
1410 3320 1528 3363 casum

370 3400 552 3481 genitivum
579 3400 741 3473 ultimum,
766 3402 822 3483 qui
849 3410 900 3464 est
923 3401 1014 3478 lucu,
1041 3402 1116 3465 loco
1141 3404 1235 3485 cujus
1258 3404 1340 3467 dicit
1358 3405 1533 3485 perspicui

370 3502 518 3566 coelestis.
565 3503 610 3567 Et
636 3504 715 3586 quia
742 3503 807 3567 lere
830 3505 943 3567 omnia
965 3506 1128 3569 vocabula
1152 3508 1314 3571 sermonis
1337 3507 1468 3588 vulgati
1493 3518 1529 3572 et

372 3605 474 3687 ipsius
489 3605 649 3669 Averrois
669 3617 746 3670 sunt
767 3607 894 3686 eadem,
911 3616 945 3671 et
964 3610 1145 3674 aestimant
1164 3613 1376 3693 perspicuum
1395 3622 1431 3676 et
1447 3611 1530 3677 luci-

372 3710 453 3770 dum
468 3729 539 3772 esse
553 3709 650 3782 idem,
664 3721 799 3791 propter
809 3713 947 3775 verbum
960 3712 1153 3776 Aristotelis
1169 3716 1318 3779 secundo
1333 3716 1377 3779 de
1387 3714 1530 3793 Anima,

372 3811 430 3874 ubi
447 3812 606 3891 accipitur
620 3813 765 3876 lucidum
783 3817 973 3897 aequivoce,
987 3816 1163 3899 imponunt
1178 3817 1320 3882 Averroi
1336 3820 1430 3900 quod
1447 3820 1531 3884 velit

372 3914 487 3976 orbem
508 3913 616 3977 lucere
634 3918 768 3998 propria
788 3918 860 3981 luce
875 3930 911 3983 et
926 3918 1005 3996 fixa,
1021 3930 1058 3983 ut
1073 3919 1179 3998 stella,
1195 3922 1271 3985 licet
1290 3923 1409 3986 minus.
1457 3920 1530 3986 Sed

372 4014 453 4076 dicit
476 4014 688 4091 contrarium,
709 4017 823 4079 volens
849 4020 939 4099 quod
965 4030 1102 4100 propter
1127 4020 1357 4085 fortitudinem
1384 4024 1532 4088 actionis

155 4103 160 4111 ’
258 4171 265 4182 ,
372 4136 473 4198 quam
508 4115 610 4181 habet
641 4118 737 4182 stella
766 4121 799 4183 in
829 4122 891 4185 boc
926 4124 1061 4196 mundo,
1090 4134 1225 4205 oportet
1254 4128 1348 4206 quod
1381 4126 1531 4192 multum

372 4217 495 4281 habeat
525 4220 567 4282 de
595 4220 781 4286 substantia
814 4225 897 4289 coeli
928 4238 1130 4309 congregata
1162 4229 1195 4291 in
1225 4250 1286 4293 suo
1316 4249 1468 4313 corpore,
1495 4244 1532 4296 et

374 4320 450 4384 ideo
469 4323 678 4405 perspicuum
700 4327 851 4399 coeleste,
866 4331 958 4410 quod
979 4330 1181 4413 dispergitur
1199 4334 1233 4395 in
1253 4336 1408 4415 partibus
1425 4336 1532 4412 orbis,

407 4472 416 4501 ¹
432 4474 472 4524 De
481 4476 590 4533 Amisia.
603 4479 627 4526 ii.
640 4493 663 4541 7,
678 4483 690 4537 ᾖ
703 4494 719 4525 a
738 4476 809 4527 Ἔστι
822 4478 851 4540 δή
863 4496 885 4527 τι
898 4480 1018 4543 &neuris
1034 4482 1148 4545 διαφανὲς
1158 4484 1185 4533 ὀὶ
1198 4484 1269 4551 λέγω
1279 4486 1294 4535 b
1305 4486 1360 4536 ἔστι
1372 4486 1420 4547 μὶν
1430 4488 1534 4551 ὁρατόν,

373 4553 402 4601 οὗ
413 4552 466 4600 καθ’
476 4552 538 4603 nbrd
549 4553 570 4602 δ’
580 4556 669 4617 ὁρατὸν
680 4555 747 4604 ἀλλὰ
759 4556 788 4605 δι’
799 4556 931 4620 ἀλλότριον
941 4559 1035 4621 χρμω
1051 4562 1163 4611 τοιοῦτον
1175 4563 1197 4611 δ’
1208 4564 1278 4614 ἔστὶν
1295 4566 1342 4629 ἀὴρ
1353 4566 1394 4615 nul
1405 4566 1471 4630 ὕδωρ
1483 4606 1490 4617 .
1503 4605 1512 4619 .
1526 4606 1533 4619 .

374 4630 424 4693 φῶς
435 4632 455 4679 δ’
466 4630 535 4680 ἐστὶν
546 4633 562 4695 ἡ
572 4631 661 4681 reiron
673 4633 781 4699 ἐνέργεια
791 4634 835 4683 τοῦ
847 4638 976 4699 διαφανοῦς
986 4632 1004 4701 p‘
1013 4639 1134 4702 ὀιαφανές.
