3575 5375
379 645 438 706 116
543 653 546 656 '
590 644 748 706 OPERIS
773 642 962 714 MAJORIS
986 642 1102 702 PARS
1126 641 1310 716 QUARTA.
1379 641 1383 646 ’

375 810 498 874 cadunt
524 808 567 872 ad
594 807 734 891 angulos
761 807 927 891 aequales.
974 807 1020 870 Et
1047 806 1090 869 illi
1117 806 1173 889 qui
1203 807 1326 871 cadunt
1352 805 1384 868 in
1411 805 1529 868 minori

375 912 498 977 circulo
528 912 625 975 altius
656 911 877 988 reflectuntur,
903 918 938 974 et
968 911 1022 993 qui
1052 911 1085 974 in
1115 910 1264 974 maximo
1293 910 1336 973 ad
1367 920 1528 992 punctum

375 1015 534 1089 lnfimum,
546 1015 726 1079 scilicet'ad
743 1014 856 1097 polum
872 1009 1042 1097 sphaerae,
1054 1035 1111 1078 seu
1127 1015 1170 1078 ad
1186 1014 1433 1078 extremitatem
1446 1013 1529 1091 axis,

376 1119 598 1184 reflectuntur.
646 1119 712 1184 Sed
737 1140 797 1183 nec
820 1130 939 1183 natura
961 1139 1021 1183 nec
1043 1140 1096 1184 ars
1118 1129 1293 1183 contentae
1316 1129 1393 1182 sunt
1416 1117 1529 1200 hujus-

376 1225 466 1288 modi
487 1223 723 1298 combustione,
739 1224 807 1286 imo
822 1223 938 1287 volunt
960 1223 1006 1286 sic
1029 1221 1171 1307 figurare
1190 1243 1339 1304 corpora,
1355 1230 1393 1284 ut
1413 1241 1529 1285 omnes

376 1327 457 1391 radii
487 1328 644 1391 cadentes
680 1327 713 1389 in
745 1335 851 1390 totam
882 1326 1086 1408 superficiem
1117 1326 1241 1409 speculi
1272 1335 1469 1390 concurrant
1497 1325 1530 1387 in

377 1441 536 1513 punctum
568 1450 679 1493 unum.
725 1430 771 1492 Et
796 1430 842 1494 sic
869 1430 979 1494 adhuc
1004 1440 1043 1495 ut
1068 1431 1101 1493 in
1127 1430 1217 1492 omni
1244 1430 1403 1493 distantia
1429 1448 1529 1510 quam

376 1534 551 1609 volumus3
580 1545 613 1597 et
636 1533 699 1598 hoc
722 1543 772 1596 est
796 1533 952 1597 ultimum
977 1535 1067 1616 quod
1090 1534 1291 1618 geometriae
1311 1533 1401 1596 valet
1423 1531 1531 1595 iacere

377 1648 534 1720 potestas.
570 1637 601 1700 N
604 1657 658 1700 am
673 1637 737 1702 hoc
753 1637 925 1721 speculum
944 1649 1098 1721 potenter
1108 1639 1316 1701 combureret
1328 1657 1428 1701 omne
1438 1636 1530 1719 quod

377 1752 492 1826 posset
507 1741 613 1824 objici.
653 1741 699 1806 Et
714 1742 915 1805 credendum
932 1743 1087 1824 estquod
1105 1741 1329 1806 Antichristus
1345 1740 1396 1804 his
1413 1751 1532 1816 utetur,

379 1855 416 1910 ut
446 1846 593 1910 civitates
619 1854 654 1910 et
686 1855 794 1908 castra
824 1857 857 1910 et
887 1847 1051 1910 exercitus
1081 1846 1263 1910 comburat
1308 1845 1473 1928 Quoniam
1504 1846 1531 1907 si

379 1950 510 2015 modica
536 1951 747 2034 congregatio
775 1950 939 2013 radiorum
969 1972 1027 2034 per
1058 1949 1250 2015 fractionem
1277 1950 1330 2014 vel
1360 1949 1531 2032 speculum

378 2074 558 2120 concavum
582 2053 748 2118 comburit
770 2054 975 2132 sensibiliter,
994 2066 1118 2137 quanto
1141 2076 1221 2138 ergo
1243 2055 1349 2137 magis
1371 2054 1404 2116 in
1426 2053 1532 2116 infini-

378 2169 460 2237 tum,
482 2159 616 2240 quando
642 2158 724 2221 radii
750 2157 903 2222 inlinities
930 2159 1047 2224 infiniti
1074 2160 1363 2243 congregabuntur
1387 2179 1446 2241 per
1468 2158 1532 2220 hoc

378 2263 572 2346 speculum?
616 2262 806 2326 Aestimant
829 2264 996 2345 sapientes
1023 2263 1087 2329 hoc
1109 2285 1182 2328 esse
1210 2263 1439 2328 necessarium.
1485 2261 1532 2325 Et

378 2376 493 2432 auctor
515 2367 548 2428 in
573 2366 658 2429 libro
680 2367 723 2430 de
749 2366 889 2448 speculis
912 2368 1182 2432 comburentibus
1204 2369 1303 2431 docet
1326 2368 1389 2431 hoc
1411 2366 1533 2428 instru-

378 2481 525 2536 mentum
553 2469 631 2544 ficri,
657 2472 716 2535 sed
744 2471 846 2552 gratis
872 2471 905 2535 in
930 2471 987 2534 illo
1013 2472 1096 2536 libro
1123 2472 1301 2538 occultavit
1325 2470 1467 2534 multum
1490 2469 1533 2532 de

377 2575 523 2650 artificio,
539 2587 573 2638 et
588 2575 666 2638 dicit
681 2575 772 2657 quod
794 2576 826 2638 in
847 2575 916 2638 alio
937 2576 1020 2640 libro
1041 2577 1150 2658 posuit
1166 2577 1343 2651 residuum,
1357 2575 1447 2657 quod
1466 2593 1530 2637 non

378 2688 429 2745 est
459 2677 654 2743 translatum
686 2681 775 2763 apud
808 2679 955 2745 Latinos
1002 2680 1070 2746 Sed
1101 2692 1179 2746 sunt
1209 2680 1319 2744 Latini
1349 2679 1416 2763 qui,
1444 2679 1534 2742 mala

378 2783 485 2867 gratia
507 2783 592 2847 illius
609 2785 752 2848 auctoris
772 2785 968 2851 occultantis
987 2785 1222 2868 perlectionem
1244 2806 1325 2849 suae
1345 2783 1532 2867 sapientiae,

379 2887 582 2951 devenerunt
607 2889 650 2951 ad
679 2887 742 2952 boc
770 2888 982 2972 magnificum
1009 2900 1147 2953 naturae
1173 2899 1345 2965 secretum,
1371 2890 1451 2973 quia
1480 2888 1534 2949 iile

379 3002 493 3057 auctor
516 2991 657 3055 multum
679 2992 804 3056 excitat
828 2994 952 3075 peritos
974 2994 1007 3056 in
1030 2994 1193 3077 sapientia
1214 3004 1251 3057 ut
1271 2993 1436 3056 residuum
1460 3012 1533 3075 per·

380 3095 499 3171 ficiant,
516 3106 550 3159 et
573 3096 671 3160 docet
694 3098 784 3179 quod
808 3097 909 3160 debet
933 3118 1005 3161 esse
1028 3098 1121 3180 quasi
1144 3097 1309 3161 annularis
1332 3095 1466 3178 figurae,
1480 3094 1533 3158 vel

379 3200 492 3279 ovalis,
520 3209 566 3275 ut,
590 3199 617 3264 si
647 3210 900 3281 amputarentur
924 3202 998 3264 coni
1029 3204 1124 3264 unius
1154 3202 1217 3282 ovi,
1243 3200 1336 3265 fieret
1366 3199 1534 3263 annularis

380 3303 494 3386 figura,
510 3304 629 3368 sivero
645 3325 729 3369 unus
745 3325 847 3369 conus
864 3317 1022 3383 remanet,
1038 3305 1076 3370 fit
1092 3306 1203 3371 ovalis.
1248 3305 1322 3369 Tali
1338 3325 1415 3367 vero
1430 3303 1535 3386 figura

378 3408 591 3473 artificialiter
627 3409 715 3473 lacta
744 3411 927 3474 secundum
957 3411 1047 3493 quod
1079 3410 1250 3491 competit,
1280 3418 1414 3492 oportet
1428 3408 1535 3490 'quod

380 3533 495 3577 omnes
519 3514 598 3576 radii
620 3515 777 3577 cadentes
800 3515 832 3576 in
849 3524 957 3578 totam
980 3515 1186 3598 superficiem
1205 3513 1328 3595 speculi
1344 3513 1468 3577 cadant
1488 3511 1532 3575 ad

380 3617 518 3701 angulos
534 3618 698 3700 aequales,
712 3628 747 3683 et
763 3618 838 3683 ideo
853 3618 1065 3683 reflectantur
1079 3620 1122 3683 ad
1139 3618 1332 3695 consimiles,
1347 3627 1380 3681 et
1395 3626 1535 3698 propter

378 3720 491 3785 hocin
507 3733 666 3804 punctum
683 3743 795 3787 unum.
835 3722 1036 3787 Elaboratur
1051 3736 1164 3787 autem
1180 3723 1266 3786 circa
1280 3721 1345 3785 hoc
1360 3720 1533 3802 speculum

380 3822 566 3889 iaciendum
577 3849 596 3888 a
607 3827 807 3907 peritissimo
820 3826 1016 3891 Latinorum
1028 3826 1050 3903 ¹,
1065 3838 1099 3891 et
1111 3827 1251 3891 Vestrae
1267 3824 1535 3908 Magnificentiae

380 3928 485 4009 gloria
515 3933 635 4013 poterit
666 3933 864 4015 praecipere,
897 3940 933 3994 ut
962 3930 1178 4013 compleatur,
1204 3951 1280 3994 cum
1312 3929 1407 3992 vobis
1437 3927 1535 3992 suerit

380 4043 568 4097 annotatus.
609 4036 703 4099 Haec
718 4045 831 4099 autem
849 4035 972 4118 triplex
987 4035 1220 4118 multiplicatio
1234 4033 1416 4097 secundum
1432 4032 1535 4095 lineas

411 4203 420 4232 ¹
438 4202 501 4253 This
518 4220 573 4255 was
593 4206 670 4255 Peter
691 4206 848 4268 Peregrinus
870 4206 901 4255 oi
919 4206 1067 4255 Maricourt.
1103 4206 1154 4255 See
1177 4207 1248 4270 Opus
1268 4206 1387 4265 Tertium,
1412 4220 1467 4266 cap.
1494 4219 1534 4265 13.

380 4282 524 4332 Reference
546 4292 573 4332 to
595 4285 633 4332 De
650 4284 724 4333 Muli.
748 4285 893 4347 Species-ram
913 4286 987 4348 (Pars
1005 4285 1041 4345 ll,
1059 4301 1115 4347 cap.
1133 4290 1161 4346 7)
1185 4285 1238 4334 will
1267 4285 1344 4333 show
1365 4285 1422 4332 that
1445 4283 1534 4331 Bacon

378 4376 434 4411 was
452 4378 538 4411 aware
551 4362 581 4411 oi
593 4363 637 4411 the
650 4363 795 4425 properties
810 4361 841 4411 ol
854 4379 869 4411 a
886 4364 987 4411 suriace
1005 4364 1136 4425 produced
1147 4363 1183 4425 by
1194 4364 1239 4412 the
1256 4364 1366 4411 rotation
1377 4376 1412 4409 on
1428 4362 1461 4409 its
1477 4361 1535 4409 axis

380 4439 435 4487 osa
452 4442 525 4489 conic
542 4442 651 4489 section.
684 4440 788 4497 Vitello,
807 4438 919 4489 Bacon's
936 4448 1145 4503 contemporary,-
1161 4442 1188 4490 in
1206 4442 1251 4490 the
1271 4440 1345 4489 ninth
1363 4440 1432 4488 book
1448 4439 1479 4487 oi
1493 4439 1536 4489 his

382 4518 473 4580 Optics,
490 4518 556 4567 aster
578 4518 687 4579 proving
703 4518 898 4579 geometrically
915 4518 971 4566 that
994 4518 1100 4582 parallel
1119 4534 1180 4581 rays
1202 4518 1290 4580 falling
1311 4534 1345 4567 on
1366 4534 1382 4565 a
1405 4518 1536 4579 parabolic

379 4596 470 4643 mirror
478 4611 523 4643 are
530 4596 650 4645 reflected
659 4603 687 4644 to
695 4596 740 4645 the
751 4611 823 4644 same
831 4596 913 4659 point,
924 4596 1041 4659 explains
1051 4597 1112 4645 bow
1120 4598 1185 4646 such
1193 4598 1299 4646 mirrors
1310 4612 1355 4645 are
1367 4596 1535 4646 constructed

382 4673 631 4737 &mmm
