3575 5375
686 603 977 664 nrounAPfflA.
1334 592 1407 683 '303

298 761 343 830 Et
360 762 554 829 Alexander
577 785 716 849 magnus
735 787 812 830 cum
833 768 880 830 eis
902 768 1073 851 pugnavit,
1088 767 1146 832 sed
1167 789 1322 853 superare
1339 787 1404 830 nun
1419 780 1546 840 nttempn

234 870 372 948 potnit,
399 871 484 934 sicut
520 872 581 934 iste
612 871 752 934 Ethicus
782 879 923 936 testatur
956 882 991 936 et
1030 871 1128 935 refert
1168 873 1407 954 Hieronymus,
1418 844 1533 957 ξξῇιξζο

254 972 328 1035 ideo
353 975 513 1056 ingemuit
533 985 567 1038 et
589 974 645 1051 ait,
660 975 806 1039 ‘Gentes
825 976 1040 1039 rationabiles
1060 987 1094 1040 et
1115 976 1281 1059 sapientes
1295 974 1571 1086 vasta-001¹tf0li11·s

252 1077 370 1156 vimus,
384 1079 570 1142 attrivimus
586 1080 745 1162 populum
761 1080 922 1160 inclytum
939 1090 973 1142 et
997 1080 1173 1144 sublimem
1189 1101 1228 1144 ac
1244 1082 1406 1144 sinceram
1418 1055 1559 1170 Ξξῗὲἰῗξηὲ

168 1235 172 1242 .
253 1193 398 1263 gentem.
444 1181 536 1264 Quid
566 1184 718 1247 utilitatis
747 1195 806 1248 aut
836 1185 1043 1248 necessitatis
1070 1185 1157 1248 fuit?
1191 1205 1267 1248 cum
1292 1206 1407 1249 omnes
1418 1172 1501 1221 tribes

253 1285 432 1350 inferorum
448 1289 625 1352 daemones
640 1300 674 1352 et
689 1288 953 1351 adversariorum
971 1288 1155 1372 phalangas
1177 1289 1230 1353 hic
1252 1288 1408 1372 relinqui-

255 1410 329 1454 mus
353 1391 386 1454 in
412 1390 557 1455 humana
579 1393 690 1475 specie
713 1391 896 1456 latitantes.
942 1392 1030 1456 Item
1054 1413 1096 1456 ne
1118 1394 1253 1476 quando
1270 1393 1408 1457 audiant

254 1495 305 1558 vel
319 1496 502 1578 percipiant
514 1507 635 1560 terram
649 1497 842 1561 mellifluam
855 1507 890 1561 et
902 1497 1104 1560 uberrimam
1118 1497 1233 1561 mundi
1246 1497 1387 1580 gloriam
1400 1519 1409 1576 ;

255 1619 296 1662 ne
320 1597 403 1662 forte
428 1600 553 1666 irruant
582 1601 614 1663 in
641 1600 826 1665 universam
860 1600 1070 1683 superficiem
1100 1611 1218 1680 terrae,
1248 1610 1282 1664 et
1312 1602 1407 1684 quasi

255 1723 377 1786 panem
389 1715 507 1769 cuncta
518 1707 695 1788 decerpant
708 1716 808 1789 atque
821 1706 1018 1789 deglutiant.
1056 1705 1088 1771 O
1106 1714 1202 1783 terra,
1212 1716 1318 1770 mater
1332 1707 1407 1768 dra-

255 1828 386 1886 conum,
402 1809 516 1872 nutrix
534 1809 754 1893 scorpionum,
770 1811 863 1874 fovea
878 1819 1080 1893 serpentum,
1092 1808 1185 1874 lacus
1196 1812 1410 1889 daemonum,

256 1913 383 1977 facilius
409 1912 515 1977 luerat
542 1915 575 1976 in
599 1924 635 1978 te
659 1915 821 1978 infernum
850 1934 923 1977 esse
954 1933 1056 1994 quam
1081 1915 1166 1976 tales
1189 1925 1306 1996 gentes
1335 1935 1410 1998 par-

256 2017 367 2081 turire.
397 2017 471 2081 Vae
482 2027 588 2083 terrae
599 2017 785 2082 fructiferae
797 2029 830 2082 et
843 2017 1029 2090 mellifluae,
1042 2019 1179 2100 quando
1191 2020 1347 2102 ingruent
1357 2029 1409 2084 tot

257 2131 427 2203 serpentes
442 2132 476 2185 et
491 2122 617 2185 bestiae
634 2123 666 2184 in
676 2141 759 2184 eam.
783 2120 857 2184 Vae
872 2121 1113 2185 habitatoribus
1125 2122 1224 2195 orbis
1236 2142 1313 2185 cum
1325 2122 1410 2186 istae

256 2226 424 2307 coeperint
448 2225 673 2307 triumphare:
697 2233 813 2287 contra
828 2245 914 2307 quos
936 2225 998 2287 nisi
1022 2225 1065 2288 ad
1089 2235 1223 2307 tempus
1244 2226 1410 2307 posuisset

259 2329 454 2393 Alexander
484 2329 638 2406 remedia,
666 2326 757 2390 nulla
786 2348 868 2410 gens
900 2339 957 2392 aut
984 2328 1131 2410 populus
1157 2329 1408 2412 oppressionem

258 2431 388 2496 illorum
404 2432 487 2494 ferre
502 2431 682 2516 potuisset?
699 2442 735 2496 ut
750 2432 865 2495 scribit
882 2433 1117 2514 Hieronymus.
1149 2431 1294 2516 Quando
1310 2435 1410 2516 igitur

258 2537 321 2601 bae
336 2537 485 2602 nationes
503 2537 647 2602 inclusae
663 2537 695 2600 in
713 2536 792 2601 locis
808 2538 906 2601 certis
926 2539 1042 2601 mundi
1064 2538 1207 2601 exibunt
1227 2538 1260 2601 in
1280 2538 1409 2602 desola-

260 2643 385 2708 tionem
402 2642 575 2727 regionum
591 2651 625 2707 et
640 2643 823 2707 obviabunt
839 2641 1063 2719 Antichrist0‚
1083 2641 1225 2707 multum
1249 2642 1410 2707 deberent

260 2745 438 2812 Christiani
468 2759 503 2812 et
536 2746 684 2811 maxime
715 2745 851 2812 ecclesia
886 2747 1040 2811 Romana
1070 2748 1278 2811 considerare
1308 2748 1409 2812 situm

259 2853 418 2928 locorum,
434 2862 471 2915 ut
487 2861 600 2936 posset
616 2852 786 2934 percipere
804 2851 994 2933 hujusmodi
1015 2853 1166 2934 gentium
1185 2850 1351 2917 feritatem
1376 2865 1410 2916 et

259 2977 319 3039 per
330 2978 387 3021 eos
399 2958 566 3040 percipere
580 2966 713 3038 tempus
722 2954 934 3028 Antichristi‚
947 2965 981 3019 et
993 2957 1154 3038 originem
1169 2981 1176 3032 ;
1197 2977 1273 3020 nam
1288 2955 1410 3021 debent

259 3062 396 3126 obedire
418 3062 467 3125 ei:
490 3081 569 3143 ergo
592 3060 620 3123 si
644 3060 690 3123 illi
713 3080 758 3123 ex
779 3081 845 3123 una
863 3072 959 3141 parte
982 3062 1095 3123 mundi
1111 3062 1258 3139 veniant,
1274 3062 1344 3143 ipse
1366 3082 1411 3125 ex

261 3166 421 3229 contraria
447 3166 614 3247 procedet,
641 3166 777 3247 quando
805 3173 919 3227 autem
941 3164 1084 3228 claustra
1102 3163 1289 3227 Alexandri
1313 3174 1412 3246 rupta

259 3278 345 3333 sunt.
390 3270 479 3331 Nam
501 3269 612 3351 aliqua
635 3270 767 3331 fuerunt
790 3278 868 3331 ante
889 3267 1053 3331 Isidorum
1071 3279 1236 3349 quassata,
1251 3269 1411 3351 quoniam

261 3374 374 3436 scribit
392 3373 435 3435 de
457 3372 513 3435 eis.
558 3372 676 3453 Atque
698 3371 797 3435 frater
812 3370 1015 3434 Willielmus
1023 3368 1046 3447 ¹,
1062 3392 1163 3454 quem
1179 3373 1334 3435 dominus
1351 3392 1411 3435 rex

261 3475 419 3539 Franciae
442 3475 531 3538 misit
554 3474 597 3537 ad
620 3475 779 3539 Tartaros
802 3494 890 3538 anno
913 3473 1050 3538 Domini
1077 3492 1172 3559 1253,
1192 3479 1327 3559 quando
1350 3476 1412 3540 fuit

261 3578 347 3643 ultra
379 3599 478 3657 mare,
508 3578 638 3662 scripsit
670 3578 738 3661 regi
780 3598 866 3641 nunc
896 3578 988 3642 dicto
1017 3580 1108 3661 quod
1142 3579 1304 3644 transibat
1334 3600 1411 3644 cum

260 3683 409 3747 Tartaris
431 3703 490 3766 per
513 3682 660 3746 medium
690 3693 862 3764 portarum
885 3702 970 3765 quas
991 3682 1188 3747 Alexander
1214 3684 1411 3749 construxit.

262 3788 406 3871 Quando
429 3788 517 3850 enim
541 3806 607 3850 non
632 3788 743 3870 potnit
757 3787 888 3851 vincere
911 3787 972 3851 has
994 3797 1119 3870 gentes,
1135 3798 1214 3851 tunc
1238 3798 1275 3851 ut
1298 3787 1412 3853 scribit

262 3894 402 3957 Ethicus
439 3902 473 3956 et
510 3891 685 3957 confirmat
725 3892 960 3975 Hieronymus,
993 3892 1192 3956 Alexander
1228 3893 1412 3957 immolavit

261 3998 388 4063 hostias
409 3998 484 4061 Deo
500 4007 534 4060 et
554 3999 752 4079 deprecatus
774 4008 825 4061 est
847 4006 920 4061 tota
943 4006 1041 4061 nocte
1064 4007 1097 4061 et
1120 3998 1175 4061 die
1199 3998 1263 4062 Dei
1287 3999 1412 4063 miseri-

261 4102 408 4169 cordiam
432 4111 466 4165 et
486 4101 668 4177 consilium,
688 4111 722 4165 et
740 4100 852 4164 divina
874 4100 1026 4183 potentia
1051 4099 1148 4165 affuit
1171 4113 1279 4167 terrae
1301 4113 1413 4168 motus

262 4226 412 4290 magnus,
428 4215 462 4269 et
478 4215 705 4269 convenerunt
720 4215 853 4269 montes
867 4206 1025 4270 adversus
1041 4216 1184 4284 montes,
1198 4215 1233 4270 et
1252 4208 1412 4289 approxi-

293 4411 302 4440 ¹
321 4411 394 4460 idore
405 4409 460 4459 will
471 4411 504 4459 be
515 4410 570 4459 said
582 4425 617 4459 on
629 4410 680 4459 this
691 4408 790 4469 subject
803 4409 830 4458 in
842 4424 858 4458 a
868 4409 1028 4472 subsequent
1040 4416 1109 4460 note.
1144 4410 1196 4459 For
1210 4426 1244 4459 an
1261 4418 1371 4459 account
1387 4412 1418 4459 of

261 4487 434 4540 Alexander's
445 4497 527 4550 gates,
540 4490 591 4538 and
602 4489 648 4537 the
661 4489 763 4536 nstions
773 4487 896 4537 enclosed
908 4488 943 4550 by
954 4490 1033 4550 them,
1046 4504 1092 4538 see
1103 4488 1261 4551 Aethiopian
1273 4489 1375 4538 version
1388 4489 1418 4538 of

261 4572 306 4621 the
319 4566 610 4631 pseudo-Callisthenes,
623 4566 710 4615 edited
721 4566 757 4627 by
768 4565 815 4616 Mr.
830 4566 925 4615 Wnllis
938 4566 1038 4629 Budge‚
1051 4582 1095 4630 pp.
1106 4568 1222 4629 ago-238
1233 4566 1331 4633 (1896).
1362 4567 1414 4618 See

261 4650 317 4701 also
330 4648 417 4697 Marco
430 4644 501 4705 Polo,
514 4644 530 4695 i
543 4661 559 4707 4
571 4645 634 4708 (vol.
646 4644 662 4696 ‘n
675 4659 719 4707 pp.
731 4658 823 4707 49-5q
836 4644 926 4694 Yule’s
938 4645 1003 4709 ed).
