3575 5375
708 628 999 690 GEOGRAPHIA.
1368 625 1426 706 361

278 802 312 858 et
333 793 487 858 habitant
511 792 543 858 in
568 792 727 871 tentoriis,
752 813 817 857 non
841 791 1004 858 habentes
1027 789 1123 855 villas
1147 811 1208 854 nec
1234 799 1342 854 castra
1366 788 1428 853 nisi

277 899 449 962 rarissime.
495 896 541 962 Et
578 918 663 961 unus
699 897 851 980 princeps
881 916 959 960 cum
989 895 1146 972 exercitu,
1176 904 1210 959 et
1247 915 1322 959 cum
1359 894 1428 958 suis

276 1003 435 1066 armentis
456 1022 593 1085 gregum
616 1011 755 1085 vagatur
786 1002 871 1065 inter
892 1002 959 1064 duo
991 998 1138 1075 flumina,
1161 1007 1199 1063 ut
1228 1020 1313 1063 unus
1343 999 1428 1063 inter

278 1106 472 1171 Danubium
488 1116 522 1170 et
537 1106 689 1183 Tanaim,
709 1105 794 1169 alius
812 1105 899 1168 inter
917 1103 1060 1168 Tanaim
1083 1112 1117 1166 et
1141 1102 1314 1177 Ethiliam,
1331 1102 1425 1167 etsie

276 1210 361 1275 ultra
376 1231 489 1274 versus
507 1211 680 1284 orientem,
696 1209 786 1292 quod
808 1228 939 1291 semper
953 1208 1048 1272 divisi
1070 1216 1147 1271 sunt
1168 1227 1227 1290 per
1248 1226 1372 1290 pasena
1392 1214 1426 1270 et

275 1334 388 1396 aquas.
435 1315 481 1378 Et
495 1334 516 1378 a
529 1313 688 1396 Januario
705 1313 865 1395 incipiunt
879 1313 972 1376 adire
988 1321 1098 1394 partes
1117 1311 1327 1394 aquilonares
1343 1309 1426 1375 inira

274 1417 412 1482 flumina
432 1438 536 1501 usque
555 1419 599 1482 ad
616 1417 817 1500 Augustum,
833 1426 867 1480 et
888 1427 967 1482 tunc
990 1416 1128 1480 redeunt
1144 1435 1255 1479 versus
1271 1415 1425 1479 meridia-

276 1541 336 1586 nas
354 1531 488 1605 propter
509 1521 610 1606 irigus
628 1522 794 1605 aquilonis
811 1522 843 1585 in
859 1519 990 1605 hyeme.
1037 1520 1083 1584 Et
1102 1540 1214 1585 versus
1235 1520 1425 1602 aquilonem

275 1626 381 1690 distat
397 1626 557 1690 Ethiliaa
574 1627 742 1711 provincia
759 1625 930 1690 Cassariae
945 1644 1005 1710 per
1025 1644 1128 1688 unum
1148 1644 1294 1688 mensem
1309 1635 1344 1690 et
1358 1631 1426 1688 tres

275 1731 391 1810 dietas,
406 1731 490 1794 sicut
506 1731 656 1814 equitant
671 1731 815 1796 Tartari.

320 1834 416 1898 Haec
438 1855 517 1899 vero
546 1845 634 1899 terra
664 1836 878 1901 Tartarorum
910 1834 997 1899 inter
1027 1834 1169 1899 Tanaim
1200 1843 1234 1897 et
1266 1834 1425 1900 Ethiliam
1439 1853 1565 1904 Nonhem

273 1938 377 2004 habet
406 1940 450 2003 ab
482 1940 637 2022 aquilone
667 1942 829 2022 quasdam
858 1947 986 2022 gentes.
1042 1938 1087 2002 Et
1126 1939 1233 2021 primo
1263 1950 1314 2004 est
1344 1959 1425 2022 gens
1435 1920 1594 2047 ffctb‘tssssffi,

274 2043 471 2126 Arumphea
493 2064 597 2130 prope
617 2052 746 2108 montes
768 2043 946 2126 Riphaeos,
967 2061 1054 2123 quae
1075 2052 1126 2105 est
1148 2042 1264 2106 similis
1291 2041 1423 2125 Hyper·
1436 2057 1496 2101 tara

275 2149 382 2211 boreis
397 2149 430 2211 in
448 2148 612 2211 omnibus.
659 2147 706 2211 Et
726 2147 789 2211 hae
809 2149 896 2211 duae
913 2157 1030 2230 gentes
1048 2155 1125 2211 sunt
1140 2166 1245 2229 prope
1260 2145 1374 2229 polum
1390 2147 1423 2210 in

275 2250 450 2333 aquilone;
473 2252 531 2314 sed
548 2251 705 2317 remotius
725 2251 769 2315 ab
789 2249 943 2333 aquilone
963 2250 1051 2314 ultra
1074 2250 1216 2314 Tanaim
1240 2260 1291 2314 est
1316 2252 1425 2335 primo

273 2375 356 2437 gens
378 2376 464 2437 quae
486 2365 625 2419 vocatur
649 2354 765 2419 Moxel
787 2356 938 2439 subjecta
968 2355 1137 2431 Tartaris;
1160 2364 1194 2418 et
1216 2365 1293 2419 sunt
1315 2355 1424 2419 adhuc

274 2459 345 2523 sine
366 2458 440 2542 lege
463 2479 544 2541 pure
568 2459 700 2542 pagani,
718 2459 886 2524 civitatem
910 2479 978 2524 non
1000 2459 1135 2535 habent,
1157 2459 1216 2524 sed
1239 2458 1368 2523 casulas
1390 2459 1424 2523 in

275 2563 387 2646 sylvis.
434 2563 600 2628 Dominus
638 2562 768 2626 illorum
805 2574 839 2627 et
872 2583 994 2647 magna
1030 2583 1108 2646 pars
1144 2583 1259 2627 eorum
1294 2563 1424 2628 luerunt

275 2665 439 2732 interiecti
456 2668 489 2731 in
511 2667 647 2732 Polonia
672 2689 731 2752 per
756 2667 902 2733 Polonos
917 2678 951 2733 et
972 2667 1180 2733 Alamannos
1195 2676 1230 2733 et
1245 2667 1424 2733 Bohemos.

276 2772 365 2835 Nam
394 2771 524 2836 Tartari
555 2773 723 2838 duxerunt
753 2793 811 2837 eos
840 2774 883 2839 ad
914 2772 1039 2837 bellum
1070 2793 1147 2837 curn
1178 2773 1324 2838 Polonis.
1379 2774 1425 2839 Et

277 2876 419 2941 multum
444 2878 632 2961 approbant
665 2877 807 2943 Poionos
838 2887 872 2942 et
903 2878 1112 2943 Alamannos
1142 2879 1185 2942 de
1218 2879 1424 2958 strenuitate,

276 2990 446 3064 sperantes
463 2981 571 3046 adhuc
593 2982 721 3047 liberari
746 3004 766 3046 a
786 2983 944 3047 servitute
965 2982 1179 3048 Tartarorum
1202 3002 1261 3067 per
1276 3004 1342 3047 eos.
1388 2983 1424 3049 Si

274 3094 439 3150 mercator
458 3088 569 3150 veniat
592 3086 675 3151 inter
697 3108 765 3165 eos,
787 3097 920 3170 oportet
949 3088 1039 3170 quod
1062 3087 1118 3149 ille
1152 3088 1185 3151 in
1207 3088 1301 3169 cujus
1323 3089 1425 3153 domo

274 3191 382 3275 primo
404 3190 602 3274 hospitatur,
624 3192 682 3256 det
704 3192 733 3255 ei
757 3212 922 3276 expensas
948 3201 1111 3275 quantum
1131 3192 1203 3255 vult
1226 3191 1271 3255 ibi
1294 3193 1423 3257 morari.

275 3294 369 3358 Haec
400 3295 489 3357 enim
520 3306 570 3359 est
606 3298 813 3361 consuetudo
843 3296 930 3362 illius
968 3297 1119 3379 regionis.
1166 3297 1245 3361 Post
1280 3295 1342 3361 hos
1379 3297 1423 3361 ad

274 3399 435 3462 orientem
458 3408 509 3462 est
531 3419 613 3481 gens
633 3402 808 3483 quaedam,
823 3421 911 3484 qnae
929 3411 1067 3465 vocatur
1088 3401 1256 3466 Merduim
1272 3401 1424 3483 subjecta

273 3501 430 3566 Tartaris.
477 3501 543 3567 Sed
585 3514 660 3567 sunt
700 3502 856 3571 Saraceni
887 3505 1049 3570 habentes
1085 3505 1193 3587 legem
1228 3504 1423 3570 Mahometi.

273 3606 354 3671 Post
377 3628 433 3671 eos
463 3618 514 3671 est
545 3607 670 3671 Ethilia
699 3608 821 3673 flumen
851 3610 1067 3693 praedictum,
1091 3611 1182 3693 quod
1208 3611 1380 3676 descendit
1402 3631 1423 3676 a

273 3711 389 3794 majori
406 3710 570 3795 Bulgaria,
586 3713 629 3776 de
644 3734 710 3797 qua
728 3722 845 3797 postea
857 3715 995 3779 dicetur.

316 3813 352 3877 A
381 3816 518 3881 meridie
546 3837 624 3881 vero
654 3818 749 3882 istius
780 3819 923 3901 regionis
950 3818 1165 3882 Tartarornm
1202 3840 1302 3903 super
1331 3840 1422 3885 mare

275 3920 447 3985 Ponticum
478 3930 556 3985 sunt
598 3922 712 3987 Hiberi
750 3932 784 3987 et
823 3922 1011 4007 Georgiani
1057 3923 1102 3987 Et
1133 3923 1166 3987 in
1197 3924 1341 4008 Georgia
1370 3936 1553 4012 estoeofgu,

274 4024 466 4111 metropolis
489 4026 613 4101 civitas,
636 4046 722 4109 quae
750 4038 887 4093 vocatur
920 4026 1110 4111 Thephelis,
1143 4029 1176 4092 in
1205 4050 1273 4112 qua
1303 4029 1420 4095 iratres

272 4129 517 4213 praedicatores
539 4128 664 4194 habent
685 4130 831 4197 domum.
879 4132 926 4197 Et
955 4131 1092 4197 ulterius
1121 4153 1233 4197 versus
1257 4135 1420 4199 orientem

271 4243 323 4298 est
336 4241 423 4298 terra
440 4231 728 4313 Corasiminorum,
742 4236 801 4301 sed
816 4236 916 4300 deleti
932 4246 1009 4300 sunt
1023 4258 1044 4301 a
1058 4235 1214 4301 Tartaris.
1260 4238 1306 4303 Et
1322 4239 1355 4302 in
1370 4238 1422 4303 his

272 4337 353 4402 iocis
371 4337 522 4402 solebant
538 4338 720 4420 antiquitus
735 4360 806 4403 esse
823 4340 1013 4404 Amazones
1032 4341 1212 4406 secundum
1229 4338 1370 4406 Plinium
1386 4354 1421 4409 et

272 4440 430 4505 Ethicum
451 4452 688 4507 astronomum.
732 4443 925 4509 Amazones
952 4444 1049 4524 enim,
1071 4454 1109 4509 ut
1138 4446 1236 4510 refert
1270 4446 1420 4524 Ethicus,
1433 4464 1578 4519 Therim-

272 4543 402 4608 iuerunt
426 4546 579 4609 mulieres
602 4546 760 4612 ducentes
779 4549 964 4613 exercitum
985 4569 1143 4633 magnum
1162 4570 1207 4614 ex
1228 4548 1419 4616 mulieribus
1432 4533 1533 4582 ’Μ

271 4650 341 4716 sine
364 4650 441 4715 viris
464 4650 650 4729 collectum,
665 4671 752 4736 quae
772 4656 975 4719 advocantes
994 4656 1082 4720 viros
1099 4656 1198 4722 certis
1211 4658 1418 4741 tempfflbus
1432 4604 1562 4665 tutuno.
