3575 5375
654 634 823 693 crosna
847 632 1046 691 annonis
1402 649 1422 710 3

270 806 589 891 pliciter-probabo.
642 805 680 871 Si
708 826 789 870 vero
817 805 900 870 haec
931 805 995 869 tria
1024 804 1214 870 refellantur
1243 804 1423 887 aliquando

271 910 449 995 magnifica
470 911 606 975 rationis
628 910 788 992 potentia,
806 920 961 992 quartum
985 930 1117 992 semper
1139 910 1170 974 in
1192 919 1350 994 promptu
1371 922 1424 997 est
1524 978 1527 983 ,

270 1024 304 1077 et
321 1014 354 1077 in
370 1034 428 1078 ore
442 1013 627 1094 cujuslibet,
643 1022 681 1077 ut
700 1011 841 1096 quilibet
858 1033 952 1076 suam
972 1012 1191 1096 ignorantiam
1208 1021 1366 1090 excuset;
1389 1023 1423 1075 et

271 1118 348 1182 licet
369 1118 452 1181 nihil
468 1118 608 1201 dignum
628 1118 721 1194 sciat,
737 1117 819 1179 illud
840 1127 956 1181 tamen
977 1116 1165 1201 magnificet
1187 1117 1424 1200 imprudenter,

271 1234 310 1313 ut
324 1222 371 1286 sic
387 1222 506 1286 saltem
525 1242 606 1286 suae
620 1221 782 1285 stultitiae
797 1220 919 1285 infelici
934 1221 1053 1285 solatio
1068 1222 1243 1285 veritatem
1258 1219 1424 1303 opprimat

271 1336 305 1391 et
326 1327 438 1391 elidat.
483 1327 541 1389 Ex
561 1326 614 1390 his
634 1335 747 1390 autem
768 1326 919 1410 pestibus
942 1325 1118 1390 mortiferis
1138 1326 1293 1390 accidunt
1312 1326 1425 1389 omnia

272 1432 361 1495 mala
381 1430 528 1495 humano
550 1432 682 1513 generi3
708 1449 786 1493 nam
810 1430 1003 1514 ignorantur
1025 1430 1198 1495 utilissima
1220 1440 1255 1495 et
1277 1430 1424 1493 maxima

272 1543 308 1597 et
327 1534 547 1617 pulcherrima
569 1534 752 1617 sapientiae
766 1536 977 1607 documenta,
994 1545 1028 1598 et
1042 1536 1193 1598 omnium
1213 1534 1423 1599 scientiarum

273 1649 308 1702 et
318 1639 440 1703 artium
455 1647 600 1717 secreta3
623 1640 682 1703 sed
700 1638 795 1721 pejus
806 1650 867 1712 est,
878 1640 970 1722 quod
986 1638 1137 1703 homines
1151 1638 1269 1702 horum
1283 1648 1425 1721 quatuor

273 1744 413 1827 caligine
427 1743 597 1807 excaecati
618 1762 686 1807 non
707 1744 895 1827 percipiunt
914 1763 1008 1807 suam
1030 1742 1258 1825 ignorantiam,
1274 1743 1331 1806 sed
1348 1762 1424 1806 cum

274 1847 365 1909 omni
389 1847 520 1911 cautela
541 1847 681 1929 palliant
703 1856 737 1911 et
759 1845 947 1924 defendunt,
963 1858 1127 1929 quatenus
1150 1848 1332 1911 remedium
1357 1868 1424 1910 non

273 1951 461 2026 inveniant;
484 1961 517 2015 et
528 1952 619 2033 quod
636 1952 818 2034 pessimum
831 1960 889 2023 est,
901 1970 975 2014 cum
993 1951 1058 2015 sint
1075 1953 1107 2015 in
1119 1951 1265 2015 tenebris
1277 1971 1425 2015 errorum

275 2055 486 2128 densissimis,
502 2055 679 2118 aestimant
699 2075 734 2118 se
754 2075 827 2118 esse
845 2054 878 2117 in
898 2054 996 2137 plena
1011 2055 1084 2119 luce
1098 2054 1266 2131 veritatis;
1290 2065 1426 2138 propter

275 2160 365 2241 quod
380 2159 552 2222 verissima
571 2166 726 2241 reputant
746 2178 819 2221 esse
839 2158 873 2220 in
894 2158 960 2221 fine
980 2157 1144 2236 falsitatis,
1159 2158 1287 2241 optima
1304 2157 1425 2221 nullius

274 2262 405 2336 valoris,
424 2263 573 2326 maxima
595 2282 657 2325 nec
679 2264 812 2345 pondus
834 2282 895 2327 nec
919 2263 1062 2345 pretium
1084 2263 1235 2327 obtinere
1255 2271 1289 2325 et
1309 2282 1328 2324 e
1346 2281 1424 2325 con·

276 2367 378 2431 trario
394 2367 570 2431 falsissima
580 2366 757 2444 celebrant,
766 2367 910 2450 pessima
921 2365 1068 2445 laudant,
1079 2364 1246 2430 extollunt
1258 2365 1428 2442 vilissima,

276 2471 599 2548 caecutientesaliud
609 2491 682 2535 esse
691 2492 825 2535 omnem
835 2468 1425 2555 sapientiae'fulgorem,fastidientes¹

275 2596 362 2657 quae
381 2596 506 2659 magna
526 2576 685 2640 facilitate
705 2586 845 2658 possunt
862 2575 1012 2659 adipisci.
1056 2574 1102 2638 Et
1118 2582 1253 2657 propter
1267 2573 1427 2639 stultitiae

277 2680 540 2764 magnitudinem
565 2691 695 2766 ponunt
717 2702 865 2745 summos
891 2678 1031 2757 labores,
1054 2689 1254 2745 consumunt
1274 2690 1427 2764 tempora

277 2784 390 2862 multa,
405 2805 543 2868 magnas
559 2805 724 2870 expensas
740 2783 915 2850 effundunt
931 2785 965 2848 in
980 2785 1028 2864 iis,
1038 2806 1126 2868 quae
1141 2784 1260 2850 nullius
1276 2784 1427 2849 utilitatis

276 2890 330 2953 vel
356 2910 477 2972 parvae
503 2901 589 2967 sunt,
611 2910 672 2955 nec
697 2891 868 2972 dignitatis
894 2889 1033 2972 alicujus
1058 2891 1240 2954 secundum
1264 2889 1426 2970 judicium

277 2995 447 3076 sapientis.
493 2993 538 3056 Et
559 2994 634 3058 ideo
654 3013 786 3058 necesse
806 3004 857 3059 est
878 3003 915 3057 ut
930 2994 1087 3059 violentia
1105 3005 1139 3059 et
1160 2995 1287 3059 malitia
1309 2993 1426 3057 harum

277 3109 420 3180 quatuor
441 3116 612 3161 causarum
635 3099 744 3162 omnis
770 3098 849 3162 mali
872 3107 1115 3181 cognoscantur
1141 3099 1173 3161 in
1200 3098 1371 3183 principio,
1394 3109 1428 3164 et

277 3201 504 3285 reprobentur,
523 3215 559 3267 et
579 3201 679 3286 longe
698 3223 719 3266 a
741 3202 1005 3266 consideratione
1027 3203 1209 3286 sapientiae
1232 3201 1426 3284 relegentur.

279 3306 368 3370 Nam
384 3306 441 3369 ubi
456 3305 538 3370 haec
554 3308 617 3370 tria
632 3308 853 3385 dominantur,
868 3306 960 3369 nulla
980 3308 1066 3371 ratio
1086 3315 1212 3383 movet,
1225 3305 1352 3369 nullum
1372 3306 1428 3388 jus

275 3409 412 3492 judicat,
427 3409 517 3474 nulla
533 3409 588 3473 lex
604 3411 693 3494 ligat,
710 3410 760 3476 fas
776 3409 886 3475 locum
904 3430 968 3473 non
984 3409 1095 3485 habet,
1111 3420 1247 3474 naturae
1262 3410 1428 3474 dictamen

278 3516 374 3598 perit,
385 3515 485 3579 facies
500 3535 608 3578 rerum
625 3523 781 3595 mutatur,
790 3517 874 3579 ordo
889 3513 1110 3592 confunditur,
1122 3513 1287 3596 praevalet
1301 3514 1428 3590 vitium,

277 3619 381 3683 virtus
410 3620 627 3704 extinguitur,
657 3618 783 3683 falsitas
817 3628 944 3703 regnat,
972 3619 1094 3683 veritas
1127 3616 1329 3683 exsufflatur.
1383 3618 1429 3683 Et

279 3722 356 3786 ideo
378 3721 458 3786 nihil
482 3723 589 3806 magis
611 3723 832 3787 necessarium
855 3733 906 3786 est
929 3722 1191 3800 considerationi,
1214 3743 1315 3806 quam
1340 3733 1431 3788 certa

280 3824 453 3889 damnatio
476 3826 614 3889 istorum
636 3835 779 3909 quatuor
801 3846 862 3907 per
884 3827 1064 3892 sententias
1086 3824 1274 3910 sapientum
1297 3825 1431 3902 electas,

279 3928 399 4011 quibus
423 3949 490 3992 non
512 3930 635 4011 poterit
657 3928 848 3994 contradici.

324 4030 491 4113 Quoniam
506 4053 585 4095 vero
596 4033 762 4115 sapientes
773 4034 836 4097 tria
853 4033 961 4115 prima
976 4033 1074 4096 simul
1090 4031 1251 4097 collidunt
1269 4043 1303 4096 et
1320 4052 1430 4116 repro·

280 4135 372 4215 bant,
381 4145 416 4199 et
431 4144 586 4218 quartum
599 4147 734 4219 propter
748 4136 949 4217 singularem
965 4136 1140 4200 stultitiam
1154 4137 1319 4219 propriam
1337 4136 1431 4200 lima·

280 4247 389 4302 turam
407 4239 583 4317 desiderat,
602 4240 677 4304 ideo
692 4239 801 4322 primo
825 4241 925 4303 trium
947 4239 1108 4304 malitiam
1129 4241 1256 4324 aperire
1276 4241 1430 4305 conabor.

281 4339 349 4404 Sed
364 4341 517 4422 quamvis
531 4341 710 4405 auctoritas
724 4342 769 4406 sit
784 4361 887 4405 unum
907 4343 950 4407 de
970 4341 1049 4420 istis,
1066 4341 1156 4406 nulla
1172 4342 1300 4406 ratione
1314 4340 1432 4425 loquor

280 4447 323 4509 de
342 4444 447 4509 solida
467 4457 501 4509 et
515 4466 594 4509 vera
613 4446 821 4520 auctoritate,
842 4466 928 4528 quae
948 4444 1001 4509 vel
1023 4446 1086 4510 Dei
1099 4445 1224 4527 judicio
1244 4445 1367 4510 collata
1382 4456 1432 4508 est

312 4613 321 4642 ¹
339 4614 578 4664 caecutientes...
592 4613 603 4661 l
621 4621 722 4663 restore
739 4615 784 4664 the
800 4615 925 4664 omission
943 4614 1007 4663 from
1025 4615 1056 4664 B.
1066 4623 1093 4665 et
1105 4615 1146 4676 D.,
1156 4618 1272 4664 ‘omnem
1290 4613 1432 4678 sapientiae

280 4693 416 4755 fulgorem,
428 4692 608 4742 fastidientes!

828 4790 884 4840 132
