3575 5375
342 563 403 643 382
567 566 721 626 OPERIS
745 567 935 638 MAJORIS
959 565 1074 627 PARS
1099 565 1283 640 QUARTA.

344 729 483 793 brachiis
499 741 532 794 et
548 730 699 808 humeris,
714 731 895 814 periculum
911 743 962 796 est
982 742 1119 814 tangere
1136 731 1325 816 hujusmodi
1348 729 1500 795 membra

345 832 442 913 serro,
471 843 507 900 ut
538 836 729 912 minutione,
759 835 1003 914 scarificatione,
1032 857 1090 902 seu
1119 846 1268 911 ventosa,
1291 845 1326 900 et
1351 836 1500 900 maxime

345 938 481 1004 cultello
501 939 554 1002 vel
575 960 661 1004 ense.
708 939 754 1004 Et
776 961 841 1004 non
857 940 964 1005 solum
981 941 1034 1018 sic,
1049 942 1108 1006 sed
1124 942 1167 1007 de
1182 941 1337 1006 omnibus
1351 941 1497 1005 medica-

346 1045 486 1108 minibus
508 1044 708 1128 chirurgiae3
734 1043 965 1110 difficultatem
988 1047 1074 1109 enim
1098 1066 1255 1129 magnam
1279 1045 1440 1128 recipiunt
1463 1055 1500 1109 et

346 1149 549 1232 languorem,
571 1158 605 1212 et
627 1149 805 1230 aliquando
829 1160 993 1229 mortem;
1016 1171 1102 1232 quae
1124 1171 1191 1214 non
1214 1149 1330 1214 fierent
1352 1150 1379 1213 si
1403 1149 1501 1213 Luna

347 1264 434 1317 esset
449 1253 480 1316 in
498 1252 563 1316 alio
579 1254 683 1336 signo.
716 1253 806 1317 Nam
823 1253 1031 1319 Ptolemaeus
1046 1254 1124 1319 dicit
1139 1255 1171 1317 in
1190 1253 1385 1336 CentilogiO,
1401 1253 1501 1317 Luna

346 1357 509 1422 existente
525 1358 557 1420 in
574 1358 667 1440 signo
683 1358 902 1440 respondente
918 1359 1079 1433 membro,
1096 1358 1277 1441 periculum
1298 1367 1349 1422 est
1364 1368 1501 1440 tangere

347 1461 533 1526 membrum
568 1460 664 1526 ferro.
720 1462 765 1526 Et
796 1462 890 1544 Haly
922 1463 1078 1539 medicus,
1108 1466 1193 1528 dans
1226 1482 1361 1526 causam
1391 1460 1516 1543 hujus,

346 1566 435 1643 dicit,
468 1566 557 1648 quod
594 1577 672 1630 tunc
698 1576 835 1650 propter
860 1566 1072 1631 existentiam
1100 1567 1216 1632 Lunae
1245 1568 1278 1630 in
1310 1566 1369 1632 tali
1403 1566 1502 1649 signo

347 1669 520 1735 confluunt
542 1670 696 1734 humores
718 1671 762 1734 ad
783 1669 849 1734 tale
870 1672 1065 1750 membrum,
1086 1683 1121 1737 et
1141 1683 1301 1756 generant
1322 1690 1502 1737 nocumen-

349 1785 441 1854 tum;
477 1785 510 1839 et
543 1775 607 1840 hoc
639 1776 841 1860 experientia
866 1785 938 1840 tota
970 1777 1023 1840 die
1049 1777 1181 1860 probat.
1228 1777 1317 1841 Nam
1347 1778 1382 1840 in
1411 1795 1502 1839 anno

349 1881 566 1964 praecedente
597 1880 743 1945 medicus
775 1879 930 1944 famosior
960 1881 993 1944 in
1024 1880 1164 1945 Francia
1190 1881 1294 1946 tibiae
1319 1880 1428 1946 fratris
1450 1879 1503 1942 sui

350 1983 428 2048 fecit
460 1982 648 2066 chirurgum
676 1984 755 2047 dare
786 1983 1011 2062 medicamen;
1042 1987 1100 2049 sed
1131 1996 1342 2050 astronomus
1375 1983 1502 2068 peritus

350 2087 519 2171 prohibuit
539 2088 568 2151 ei
593 2108 634 2152 ne
658 2087 788 2166 laceret,
803 2088 882 2170 quia
908 2088 1004 2154 Luna
1026 2087 1089 2153 suit
1108 2091 1140 2152 in
1161 2089 1324 2172 Aquari0,
1341 2090 1432 2172 quod
1451 2097 1503 2151 est

349 2194 480 2276 signum
502 2193 704 2276 respondens
725 2192 823 2256 tibiis.
870 2193 917 2257 Et
936 2193 1059 2257 accidit
1080 2195 1170 2276 quod
1193 2194 1347 2258 continue
1366 2192 1504 2256 invaluit

350 2296 523 2362 infirmitas
547 2307 582 2360 et
608 2297 749 2379 languor
776 2316 880 2379 usque
909 2298 952 2361 ad
976 2307 1126 2362 mortem.
1175 2297 1376 2381 Hujusmodi
1407 2317 1503 2362 casus

350 2401 506 2466 accidunt
543 2421 652 2484 saepe,
687 2401 746 2464 sed
777 2409 912 2484 propter
936 2401 1154 2484 ignorantiam
1184 2401 1406 2466 astronomiae
1437 2420 1505 2464 non

349 2505 581 2589 percipiuntur.

182 2622 312 2686 Planerary
395 2608 463 2674 Sed
480 2630 531 2672 res
555 2610 703 2693 ejusdem
723 2609 863 2693 regionis
884 2630 950 2674 non
972 2608 1080 2674 solum
1098 2609 1145 2674 sic
1169 2611 1339 2675 variantur
1359 2609 1391 2673 in
1414 2629 1504 2672 com-

181 2690 264 2739 action
275 2703 309 2739 ou

182 2754 277 2819 special

180 2886 250 2949 days.

352 2715 562 2797 plexionibus
600 2735 659 2797 per
694 2716 918 2780 diversitatem
952 2714 1120 2799 signorum
1156 2725 1191 2780 et
1227 2715 1437 2800 planetarum
1471 2715 1510 2777 in

181 2821 257 2869 11⁰⁰ss
268 2819 317 2869 and
350 2821 470 2884 eodem
486 2830 645 2903 tempore,
661 2819 720 2883 sed
738 2819 771 2883 in
786 2820 934 2884 diversis.
980 2820 1070 2885 Nam
1085 2821 1174 2885 omni
1190 2818 1292 2884 horae
1315 2818 1505 2884 dominatur

351 2945 435 2989 unus
472 2923 623 3007 planeta·
643 2924 837 3007 specialiter,
870 2934 905 2989 et
943 2925 1104 2989 medietas
1136 2926 1219 3008 signi
1261 2924 1364 2988 oritur
1404 2943 1511 3007 super.

350 3028 523 3092 horizonta
539 3028 572 3091 in
588 3028 736 3110 qualibet
759 3026 849 3103 hora,
865 3048 909 3092 ex
927 3030 1047 3112 quibus
1065 3030 1233 3095 variantur
1253 3029 1355 3093 horae
1373 3048 1506 3110 semper

351 3142 385 3197 et
400 3141 538 3215 quartae
553 3133 681 3196 dierum
697 3132 841 3197 similiter
855 3142 889 3197 et
905 3134 967 3214 ipsi
983 3134 1065 3208 dies,
1079 3134 1136 3215 qui
1152 3134 1236 3197 sicut
1249 3133 1281 3195 in
1293 3133 1381 3196 omni
1393 3132 1505 3214 lingua

352 3237 422 3302 dies
443 3237 654 3302 nominantur
673 3259 694 3301 a
717 3236 866 3319 planetis,
882 3237 928 3300 sic
946 3236 1071 3302 habent
1090 3237 1312 3302 diversitatem
1334 3239 1377 3301 ab
1396 3237 1452 3315 eis,
1469 3247 1512 3301 ut

352 3363 468 3406 omnes
484 3343 685 3407 concordant
703 3342 880 3423 sapientes
928 3342 973 3406 Et
988 3341 1053 3407 hoc
1067 3353 1119 3407 est
1134 3364 1155 3405 a
1169 3342 1281 3406 divina
1296 3341 1505 3406 ordinatione

353 3468 374 3509 a
386 3446 543 3529 principio
559 3445 681 3511 mundi.
724 3445 826 3510 Unde
841 3446 873 3509 in
891 3446 996 3528 prima
1008 3445 1090 3508 hora
1101 3446 1164 3509 diei
1175 3446 1306 3510 sabbati
1317 3446 1507 3509 dominatur

354 3549 525 3626 Saturnus,
547 3559 580 3614 et
610 3550 672 3614 toti
699 3550 762 3613 diei
784 3549 1014 3634 principaliter,
1037 3550 1115 3631 quia
1136 3571 1196 3633 per
1218 3550 1289 3632 ejus
1311 3549 1506 3631 qualitatem

352 3655 512 3720 alteratur
531 3654 638 3737 prima
658 3653 750 3732 hora,
765 3674 851 3735 quae
870 3665 921 3718 est
939 3652 1134 3736 principalis,
1149 3664 1184 3717 et
1202 3654 1396 3736 principium
1418 3654 1508 3716 unde

352 3760 520 3824 derivatur
534 3759 636 3822 virtus
652 3756 785 3821 Saturni
796 3758 829 3821 in
845 3767 953 3821 totum
969 3759 1065 3822 diem.
1105 3758 1151 3822 Et
1166 3769 1245 3823 tunc
1260 3757 1390 3841 Jupiter
1405 3748 1507 3821 habet

354 3873 525 3947 aspectum
557 3864 599 3925 ad
630 3861 746 3925 horam
776 3861 965 3933 secundam,
998 3861 1091 3925 Mars
1124 3862 1167 3925 ad
1206 3862 1347 3937 tertiam,
1374 3860 1432 3925 Sol
1462 3860 1506 3925 ad

353 3975 516 4050 quartam,
538 3965 653 4028 Venus
686 3965 728 4027 ad
762 3965 924 4047 quintam,
954 3965 1135 4030 Mercurius
1159 3967 1203 4030 ad
1238 3975 1381 4038 sextam,
1412 3963 1508 4027 Luna

354 4072 398 4136 ad
413 4071 599 4153 septimam,
615 4078 648 4133 et
669 4069 785 4133 iterum
807 4068 972 4135 Saturnus
994 4069 1038 4133 ad
1060 4080 1222 4149 octavam,
1240 4079 1274 4134 et
1293 4069 1340 4132 sic
1362 4068 1509 4144 ulterius,

356 4186 394 4241 ut
409 4176 597 4239 dominetur
612 4174 645 4237 in
662 4195 717 4251 xv,
740 4184 774 4239 et
794 4175 892 4238 tertio
912 4174 945 4237 in
965 4174 1045 4249 xxii,
1063 4184 1101 4238 ut
1117 4174 1249 4256 Jupiter
1269 4174 1459 4237 dominetur
1475 4172 1508 4235 in

356 4280 447 4358 xxiii,
467 4288 502 4343 et
525 4279 616 4342 Mars
639 4278 670 4341 in
693 4278 787 4357 xxiv,
802 4287 837 4341 et
859 4277 905 4341 sic
927 4276 1113 4362 completur
1134 4279 1206 4342 dies
1228 4276 1385 4341 naturalis
1408 4276 1509 4358 ipsius

355 4383 497 4463 sabbati,
514 4394 550 4447 ut
566 4382 696 4466 incipiat
714 4381 774 4446 Sol
794 4381 955 4446 dominari
977 4382 1010 4444 in
1031 4382 1136 4463 prima
1156 4382 1238 4445 hora
1258 4381 1322 4444 dici
1345 4380 1509 4452 dominici,

354 4486 411 4571 qui
427 4487 501 4551 ideo
516 4501 653 4551 vocatur
671 4486 741 4551 dies
757 4485 834 4549 solis
848 4485 937 4567 apud
953 4504 1069 4548 omnes
1083 4485 1242 4549 nationes.
1289 4483 1336 4547 Et
1351 4483 1509 4565 perhanc

354 4600 461 4657 artem
477 4590 576 4657 currit
590 4590 727 4656 variatio
744 4588 890 4653 omnium
906 4588 1032 4653 dierum
1047 4588 1251 4673 septimanae
1266 4598 1300 4653 et
1315 4588 1479 4655 horarum
