3575 5375
392 580 452 660 306
614 578 769 638 OPERIS
792 575 981 647 MAJORIS
1005 574 1121 634 PARS
1145 573 1330 647 QUARTA.

391 752 452 822 est,
474 743 507 808 in
531 742 666 807 meridie
683 740 817 806 solstitii
833 739 1008 817 aestivalis,
1024 750 1058 804 et
1080 738 1144 803 hoc
1165 748 1216 804 est
1238 758 1351 802 versus
1373 736 1474 802 finem
1497 758 1551 804 se·

392 847 490 914 cundi
504 847 656 920 climatis,
669 849 711 912 de
726 867 792 930 qua
808 846 842 909 in
857 843 1034 910 Ezechiele
1049 843 1170 927 pluries
1183 863 1292 908 sermo
1307 841 1354 906 fit.
1385 842 1464 907 Alia
1473 843 1552 908 loca

393 953 548 1018 dicuntur
569 952 667 1030 ascia,
684 951 763 1034 quia
781 951 833 1015 bis
854 951 887 1014 in
906 969 995 1014 anno
1018 949 1170 1013 umbram
1191 968 1258 1012 non
1276 948 1410 1014 habent.
1456 947 1548 1012 Nam

393 1057 558 1139 quaedam
589 1057 622 1119 in
652 1063 780 1120 aestate
805 1064 917 1119 nostra
947 1053 1124 1135 projiciunt
1149 1053 1301 1116 umbram
1328 1053 1361 1116 in
1388 1063 1550 1128 austrum,

392 1158 497 1225 solem
519 1162 562 1224 ad
585 1160 775 1243 aquilonem
799 1159 969 1223 habentes.
1015 1157 1060 1222 Et
1079 1157 1112 1221 in
1136 1157 1258 1239 hyeme
1281 1167 1402 1234 nostra,
1421 1157 1550 1225 iaciunt

392 1266 545 1330 umbram
561 1264 605 1329 ad
624 1263 822 1347 aquilonem,
837 1263 996 1346 quoniam
1016 1261 1066 1328 sol
1092 1271 1144 1326 est
1167 1261 1200 1324 in
1225 1270 1348 1338 austro,
1363 1262 1547 1326 secundum

394 1368 535 1434 Plinium
548 1371 693 1435 secundo
709 1367 811 1432 libro:
835 1377 868 1432 et
883 1368 967 1433 haec
981 1366 1157 1431 alternatio
1173 1368 1310 1430 umbrae
1322 1364 1360 1429 fit
1375 1386 1433 1448 per
1447 1385 1549 1430 senos

394 1494 533 1551 menses,
549 1475 634 1538 sicut
658 1473 782 1537 Plinius
797 1473 878 1538 dicit
901 1482 1001 1536 sexto
1023 1470 1117 1548 libro,
1134 1470 1280 1556 capitulo
1299 1472 1430 1535 decimo
1446 1490 1547 1534 nono.

394 1576 494 1660 Quod
522 1578 727 1660 impossibile
756 1587 807 1642 est
836 1575 917 1652 fieri,
940 1575 1003 1640 nisi
1033 1576 1096 1640 sub
1126 1573 1365 1657 aequinoctiali,
1388 1574 1546 1657 quoniam

391 1680 469 1745 licet
484 1681 514 1745 ei
531 1683 588 1764 qui
611 1681 763 1746 habitant
787 1681 873 1745 inter
894 1682 1060 1764 tropicum
1078 1678 1198 1744 Cancri
1216 1687 1251 1742 et
1269 1677 1547 1761 aequinoctialem

391 1784 538 1850 habeant
559 1786 754 1850 varietatem
776 1784 993 1869 multiplicem
1016 1786 1059 1848 de
1079 1784 1204 1848 umbris
1226 1783 1436 1867 projiciendis
1459 1802 1548 1847 nunc

392 1889 436 1954 ad
456 1890 646 1972 aquilonem
668 1910 754 1954 nunc
774 1891 817 1954 ad
842 1890 1022 1965 meridiem,
1040 1900 1153 1954 tamen
1176 1908 1243 1951 non
1263 1897 1402 1970 possunt
1422 1888 1547 1952 habere

391 1992 477 2058 hanc
497 1995 691 2058 varietatem
707 2014 768 2076 per
784 2015 914 2058 menses
929 2015 1001 2067 sex,
1016 1994 1076 2057 sed
1099 1993 1174 2076 plus
1196 1991 1369 2075 projicient
1392 1993 1545 2056 umbram

391 2097 424 2160 in
440 2097 629 2181 aquilonem
652 2118 753 2182 quam
773 2099 806 2162 in
823 2099 1017 2178 meridiem;
1041 2097 1119 2180 quia
1140 2096 1244 2161 solem
1265 2096 1340 2179 plus
1363 2096 1486 2160 habent
1501 2097 1546 2161 ad

391 2202 560 2266 meridiem
589 2223 688 2286 quam
719 2203 933 2285 aquilonem3
967 2204 1025 2266 sed
1056 2201 1103 2266 illi
1132 2201 1189 2284 qui
1218 2201 1282 2264 sub
1311 2201 1546 2283 aequinoctiali

390 2306 512 2369 circulo
541 2317 626 2383 sunt,
653 2307 778 2372 habent
808 2307 990 2390 aequaliter
1018 2306 1124 2372 solem
1154 2308 1197 2370 ad
1224 2306 1479 2389 septentrionem
1510 2314 1546 2369 et

392 2411 569 2488 meridiem,
586 2411 710 2476 scilicet
725 2431 785 2494 per
799 2431 900 2477 senos
916 2431 1043 2476 menses
1063 2420 1249 2492 utrumque.
1294 2409 1342 2474 Et
1362 2409 1442 2473 haec
1462 2429 1547 2491 gens

391 2515 424 2578 in
450 2513 548 2579 India
568 2513 704 2580 Orestes
727 2516 882 2581 dicuntur
903 2526 938 2580 et
961 2515 1121 2580 Monedes
1142 2525 1177 2579 et
1200 2515 1333 2592 Simari,
1351 2515 1440 2597 apud
1459 2534 1546 2596 quos

391 2627 442 2681 est
458 2638 553 2684 mons
570 2618 701 2684 Maleus
716 2621 857 2700 nomine,
873 2621 906 2684 in
920 2642 988 2705 quo
1004 2622 1141 2685 umbrae
1155 2621 1203 2685 sic
1218 2639 1278 2703 per
1297 2639 1394 2683 senos
1413 2637 1545 2684 menses

390 2724 566 2801 variantur,
582 2734 619 2787 ut
639 2726 720 2789 dicit
736 2725 859 2790 Plinius
874 2728 1021 2792 secundo
1044 2735 1078 2791 et
1100 2735 1199 2791 sexto
1220 2724 1315 2790 libro.
1361 2723 1438 2801 Sed,
1453 2725 1544 2807 quod

390 2824 464 2909 plus
488 2836 548 2905 est,
570 2828 752 2893 invenimus
779 2849 938 2913 pereum
962 2831 1204 2895 habitationem
1230 2828 1299 2893 fieri
1326 2830 1388 2892 sub
1414 2828 1545 2910 tropico

391 2930 580 3014 Capricorni
600 2933 694 2996 ultra
740 2932 829 2998 Nam
844 2936 937 3018 regio
956 2935 1102 2999 Pathalis
1117 2936 1150 2999 in
1169 2935 1265 2999 lndia
1280 2933 1401 2998 dicitur
1416 2932 1544 2997 habens

390 3045 531 3119 portum,
547 3046 583 3100 ut
606 3038 693 3113 dicit,
709 3036 965 3115 celeberrimum,
981 3040 1037 3104 ubi
1060 3040 1199 3104 umbrae
1220 3038 1326 3102 solum
1351 3040 1384 3101 in
1407 3037 1545 3103 meridie

390 3141 533 3217 cadunt;
555 3162 634 3225 ergo
656 3141 859 3207 habitatores
874 3144 948 3226 ejus
962 3143 1086 3208 habent
1106 3163 1237 3225 semper
1254 3142 1359 3209 solem
1375 3142 1419 3205 ad
1434 3142 1544 3224 Aqui·

388 3243 509 3309 lenem.
556 3245 602 3309 Et
624 3245 713 3311 idem
736 3247 834 3312 reiert
857 3259 957 3313 sexto
979 3248 1064 3313 libro
1087 3250 1130 3313 de
1152 3246 1258 3313 insula
1280 3245 1481 3328 Taprobane
1506 3248 1541 3311 in

390 3348 497 3429 India,
519 3350 562 3415 de
583 3372 649 3434 qua
664 3351 822 3427 homines,
840 3374 916 3418 cum
941 3354 1087 3419 Romam
1102 3363 1261 3417 venerunt
1278 3350 1409 3416 Claudii
1425 3352 1544 3433 princi·

388 3464 481 3535 patu,
496 3455 604 3518 mirati
621 3466 697 3521 sunt
712 3459 802 3540 quod
819 3458 956 3523 umbrae
971 3478 1085 3523 eorum
1101 3456 1267 3522 cadebant
1287 3456 1320 3519 in
1338 3454 1542 3539 Aquilonem

389 3569 423 3621 et
432 3559 522 3641 quod
534 3559 582 3622 sol
593 3580 613 3622 a
624 3561 760 3627 meridie
771 3563 953 3639 oriebatur3
968 3574 1002 3627 et
1014 3563 1090 3628 ideo
1099 3562 1189 3644 apud
1201 3582 1258 3627 eos
1270 3562 1407 3625 umbrae
1417 3561 1543 3624 cadunt

388 3682 519 3744 semper
534 3664 566 3725 in
582 3665 762 3740 meridiem,
778 3676 811 3729 et
827 3667 876 3731 sol
893 3686 1024 3750 semper
1038 3667 1143 3731 oritur
1156 3666 1205 3730 eis
1219 3666 1419 3748 aquilonaris
1429 3662 1453 3727 ¹.

220 3780 275 3830 The
286 3780 366 3856 habit·
433 3766 479 3829 Et
491 3767 567 3830 ideo
576 3788 689 3831 verum
702 3779 752 3833 est
762 3771 852 3852 quod
865 3770 1075 3834 Ptolemaeus
1086 3771 1166 3835 dicit
1178 3770 1261 3834 libro
1271 3770 1314 3832 de
1323 3768 1543 3852 dispositione

220 3845 277 3895 ‘¹¹³¹‘
288 3860 374 3910 “⁸¹⁰⁰
386 3869 553 3950 sphaerae,
572 3872 662 3952 quod
686 3882 804 3938 natura
827 3874 933 3957 exigit
955 3884 993 3938 ut
1015 3875 1082 3939 sint
1104 3875 1172 3938 duo
1194 3894 1314 3957 genera
1331 3874 1541 3956 Aethiopum

219 3927 277 3975 may
284 3912 374 3961 extend

218 3976 316 4054 beyond
332 3976 374 4027 the
386 3974 449 4037 sub
470 3973 600 4037 duobus
619 3975 777 4060 Tropicis
823 3977 925 4061 Quod
947 3980 975 4042 si
997 3978 1046 4043 sol
1069 3978 1191 4043 habeat
1213 3978 1444 4056 eccentricum‚
1460 3989 1541 4043 tunc

219 4044 363 4172 {mk
387 4076 464 4141 licet
488 4089 651 4159 quantum
681 4081 723 4143 ad
756 4082 941 4147 naturalem
974 4084 1059 4147 coeli
1084 4082 1338 4165 dispositionem
1365 4083 1427 4147 erit
1448 4081 1540 4148 locus

386 4182 609 4247 inhabitabilis
632 4185 665 4248 in
688 4186 861 4268 superficie
883 4197 990 4251 terrae
1013 4199 1149 4271 propter
1168 4185 1321 4264 calorem,
1336 4186 1471 4269 quando
1488 4186 1541 4251 sol

419 4382 427 4410 ¹
446 4382 528 4444 Pliny,
543 4381 611 4431 Hirr.
623 4380 715 4431 Natur.
728 4380 769 4431 lib.
784 4382 818 4431 vi.
833 4398 888 4445 cap.
899 4398 932 4431 aa
946 4383 1016 4433 ‘Sed
1028 4384 1139 4433 maxime
1151 4384 1242 4433 mirum
1253 4383 1286 4433 iis
1298 4393 1353 4434 erat
1364 4384 1468 4436 umbras
1479 4400 1540 4437 mas

385 4462 411 4508 in
424 4469 540 4509 nostrum
552 4461 651 4510 caelum
663 4461 765 4519 cadere,
778 4476 830 4509 non
843 4462 869 4511 in
881 4476 973 4513 suumz
990 4462 1124 4525 solemque
1134 4478 1150 4511 a
1168 4464 1242 4511 laeva
1259 4463 1319 4512 oriri
1331 4463 1394 4513 etin
1408 4464 1539 4515 dexteram

385 4540 503 4588 occidere
514 4540 688 4601 potiusquam
700 4554 716 4587 e
727 4539 846 4589 diverse!
880 4540 919 4588 As
930 4540 1031 4602 Ceylon
1040 4541 1062 4589 is
1071 4541 1097 4589 in
1105 4542 1181 4590 north
1193 4541 1300 4591 latitude
1312 4542 1386 4592 these
1398 4558 1458 4592 men
1470 4550 1540 4593 must

384 4617 451 4667 heve
461 4634 533 4668 corne
544 4618 609 4667 lrom
621 4618 660 4667 iar
670 4634 742 4669 more
754 4619 852 4668 distant
863 4621 915 4668 and
926 4620 1062 4683 southerly
1072 4621 1185 4683 regions.
