3575 5375
362 597 423 658 254
585 581 740 640 OPERIS
764 578 954 648 MAJORIS
974 578 1094 638 PARS
1119 578 1302 652 QUARTA.

361 763 537 828 possumus
562 743 694 820 habere,
717 754 897 827 postquam
923 743 1113 828 philosophi
1138 744 1197 827 qui
1219 745 1311 808 ducti
1337 752 1416 809 sunt
1441 742 1515 808 solo

363 857 457 911 motu
481 849 619 912 rationis
641 849 739 913 nobis
761 848 983 925 consentiunt,
998 858 1034 911 et
1055 856 1180 912 sectam
1199 868 1257 913 seu
1276 848 1514 933 professionem
1633 870 1641 885 ·

362 951 440 1016 fidei
456 950 664 1016 Christianae
683 951 879 1016 confirmant
897 962 931 1016 et
949 953 1121 1017 nobiscum
1142 955 1346 1018 concordant
1363 954 1396 1017 in
1411 953 1514 1017 stabi-

362 1055 454 1120 litate
467 1055 566 1138 hujus
582 1067 692 1120 sectae
705 1079 712 1134 ;
735 1077 801 1120 non
817 1056 897 1138 quia
914 1077 1114 1139 quaeramus
1129 1058 1292 1122 rationem
1308 1068 1385 1124 ante
1401 1056 1512 1134 fidem,

361 1162 419 1225 sed
443 1170 520 1243 post
542 1159 653 1238 fidem,
671 1170 707 1224 ut
731 1160 856 1244 duplici
878 1161 1130 1226 confirmatione
1148 1161 1320 1227 certificati
1338 1161 1514 1226 laudemus

362 1264 473 1329 Deum
493 1266 534 1329 de
554 1275 668 1329 nostra
687 1264 793 1329 salute
813 1285 914 1348 quam
936 1265 1160 1332 indubitanter
1181 1275 1340 1331 tenemus
1387 1266 1434 1329 Et
1456 1285 1515 1349 per

360 1369 445 1434 hanc
454 1370 542 1434 viam
554 1370 808 1434 mathematicae
819 1390 885 1433 non
902 1369 1011 1434 solum
1023 1369 1242 1435 certificamur
1252 1372 1295 1435 de
1311 1371 1513 1453 professione

361 1485 483 1550 nostra,
505 1475 563 1538 sed
587 1475 834 1557 praemunimur
863 1484 978 1538 contra
1003 1484 1128 1541 sectam
1151 1475 1360 1552 Antichristi,
1381 1476 1426 1539 de
1445 1494 1514 1557 qua

361 1577 459 1641 simul
477 1597 554 1642 cum
575 1588 665 1643 secta
682 1576 804 1642 Christi
824 1576 863 1642 fit
880 1580 1103 1644 consideratio
1121 1580 1155 1642 in
1173 1580 1420 1644 mathematica
1466 1578 1513 1642 Et

361 1681 550 1764 hujusmodi
591 1682 796 1746 nobilissima
839 1684 1058 1766 perscrutatio
1098 1683 1136 1748 fit
1178 1705 1237 1768 per
1273 1683 1512 1749 revolutionem

361 1787 512 1849 omnium
553 1785 740 1850 sectarum¹
777 1787 1010 1870 principalium
1041 1809 1063 1851 a
1099 1788 1261 1872 principio
1293 1787 1420 1863 mundi,
1449 1806 1511 1851 nec

360 1897 500 1972 possunt
523 1909 594 1953 esse
617 1889 736 1973 plures,
756 1899 790 1954 et
812 1899 889 1953 sunt
912 1901 1024 1956 sectae
1043 1891 1284 1969 Hebraeorum,
1299 1901 1334 1956 et
1350 1889 1514 1956 Chaldae-

360 2014 468 2073 orum,
484 2004 517 2057 et
534 1993 788 2077 Aegyptiorum,
804 2003 838 2057 et
858 1993 1092 2077 Agarenarum
1111 2017 1170 2059 seu
1189 1994 1441 2067 Saracenorum,
1455 1994 1513 2076 qui

362 2096 493 2162 suerunt
508 2099 550 2161 de
565 2097 660 2180 Agar
675 2106 709 2161 et
725 2097 874 2174 Ismaele,
889 2108 981 2162 secta
996 2099 1129 2174 Christi,
1142 2119 1183 2163 ac
1201 2110 1291 2164 secta
1306 2098 1513 2164 Antichristi.

361 2203 433 2267 Nec
451 2202 570 2266 mirum
589 2203 616 2266 si
634 2201 738 2266 locuti
757 2214 836 2267 sunt
854 2202 1042 2286 philosophi
1062 2205 1106 2268 de
1125 2202 1187 2279 his,
1203 2204 1361 2286 quoniam
1381 2202 1513 2268 luerunt

360 2314 436 2390 post
459 2307 660 2389 patriarchas
681 2315 716 2370 et
739 2306 920 2390 prophetas
942 2316 976 2370 et
1000 2308 1147 2372 instructi
1171 2329 1230 2391 per
1251 2306 1337 2371 filios
1359 2317 1392 2374 et
1413 2308 1514 2374 libros

360 2431 482 2489 eorum,
498 2421 535 2476 ut
550 2412 639 2494 prius
654 2419 824 2474 ostensum
841 2421 902 2475 est

191 2537 334 2588 Themoral
405 2513 541 2598 Quanto
575 2514 675 2599 igitur
708 2514 839 2598 planius
871 2525 907 2580 et
942 2513 1071 2597 plenius
1103 2537 1239 2598 possum
1271 2517 1314 2580 ad
1349 2534 1514 2598 praesens,

190 2603 310 2719 nime
361 2620 509 2684 recitabo
531 2619 713 2683 sententias
736 2618 1047 2684 mathematicorum
1071 2619 1104 2683 in
1125 2621 1246 2704 quibus
1262 2629 1416 2686 auctores
1433 2639 1513 2684 con·

189 2686 222 2785 ll?
225 2736 287 2786 each
365 2724 513 2789 cordant.
560 2723 685 2787 Dicunt
716 2723 816 2806 igitur
844 2721 963 2805 Jovem
993 2734 1028 2789 et
1059 2724 1224 2789 Venerem
1258 2746 1330 2791 esse
1362 2726 1514 2808 planetas

189 2802 282 2866 planet.
363 2826 535 2893 benivolos
551 2837 585 2891 et
600 2828 795 2901 fortunatos,
813 2826 993 2891 Saturnum
1012 2839 1048 2893 et
1067 2829 1211 2894 Martem
1227 2829 1401 2893 malivolos
1415 2839 1450 2893 et
1465 2829 1514 2892 in·

363 2931 556 2996 fortunatos.
588 2930 791 3013 Mercurium
802 2931 916 2994 dicunt
929 2933 1040 2997 medio
1051 2934 1153 2997 modo
1164 2954 1200 2997 se
1208 2933 1340 3010 habere,
1348 2932 1426 3016 quia
1435 2950 1512 2995 curn

362 3037 457 3100 bonis
479 3046 530 3100 est
554 3036 669 3113 bonus,
686 3055 762 3099 cum
786 3034 881 3097 malis
904 3035 1020 3113 malus,
1035 3038 1114 3119 quia
1135 3036 1359 3103 convertibilis
1375 3045 1513 3101 naturae

365 3152 424 3207 est.
469 3142 524 3206 De
549 3139 708 3204 benivolis
734 3159 813 3204 vero
848 3139 1025 3204 fortunatis
1051 3140 1167 3205 dicunt
1195 3141 1314 3222 Jovem
1341 3141 1512 3205 meliorem

361 3267 444 3321 esse,
473 3257 508 3310 et
538 3246 700 3328 majorem
729 3243 894 3309 fortunam
922 3246 952 3309 ei
985 3244 1108 3322 deberi,
1134 3247 1360 3327 minoremque
1380 3244 1512 3309 Veneri.

361 3350 408 3414 Et
425 3351 500 3414 ideo
521 3370 597 3415 cum
615 3350 703 3413 duae
718 3349 805 3413 vitae
821 3358 907 3426 sunt,
922 3369 1077 3432 praesens
1092 3360 1126 3414 et
1143 3350 1261 3423 sutura,
1281 3360 1316 3413 et
1335 3349 1409 3432 plus
1423 3349 1513 3413 valet

360 3455 470 3519 sutura
485 3474 586 3538 quam
604 3474 770 3537 praesens,
786 3454 871 3518 sicut
885 3465 1056 3518 aeternum
1072 3475 1174 3537 quam
1190 3454 1382 3537 temporale,
1396 3454 1513 3517 dicunt

359 3559 526 3623 Venerem
549 3558 734 3643 significare
757 3578 856 3641 super
878 3556 1027 3622 fortunas
1048 3558 1148 3640 hujus
1169 3558 1267 3636 vitae,
1282 3568 1445 3641 quantum
1468 3557 1513 3620 ad

358 3662 455 3727 ludos
477 3672 511 3725 et
533 3662 654 3745 gaudia
677 3672 779 3743 atque
800 3660 962 3725 laetitiam
986 3672 1020 3725 et
1042 3662 1240 3744 hujusmodi,
1255 3671 1289 3725 et
1311 3660 1442 3744 Jupiter
1463 3680 1512 3725 re-

360 3777 510 3848 spectum
532 3766 633 3830 habet
653 3766 697 3829 ad
717 3766 804 3829 bona
821 3765 956 3830 alterius
976 3766 1075 3843 vitae,
1089 3786 1176 3849 quae
1191 3764 1318 3847 majora
1332 3774 1421 3831 sunt.
1464 3764 1513 3829 Et

360 3868 524 3952 significat
563 3889 663 3951 super
698 3869 897 3952 sapientiam
930 3878 966 3934 et
1000 3868 1205 3935 intellectum
1242 3877 1276 3932 et
1313 3868 1512 3933 solutionem

360 3974 565 4040 somniorum
587 3982 630 4037 .et
659 3972 810 4036 divinum
842 3972 968 4037 cultum
1002 3972 1103 4037 fidem
1133 3982 1167 4038 et
1199 3973 1281 4054 legis
1315 3973 1513 4048 doctrinam,

358 4079 551 4164 religionem
578 4088 612 4142 et
636 4078 882 4141 venerationem
910 4087 945 4141 et
972 4077 1037 4143 Dei
1064 4078 1218 4142 timorem
1245 4087 1279 4143 et
1304 4078 1512 4158 optationem

359 4203 489 4248 morum
505 4192 540 4248 et
557 4182 663 4246 multa
677 4182 758 4247 talia
770 4190 807 4245 ut
823 4182 1005 4246 astronomi
1020 4191 1164 4255 narrant.

185 4290 346 4406 (1Τίῗίεάᾞὲ
404 4288 579 4353 Praeterea
604 4287 812 4369 distinguunt
842 4295 952 4350 totum
981 4286 1113 4352 coelum
1141 4286 1175 4354 in
1202 4285 1252 4350 xii
1281 4294 1403 4367 partes,
1425 4304 1514 4367 quae

186 4422 279 4472 hom
391 4481 400 4511 ¹
415 4482 472 4537 The
483 4483 526 4533 list
537 4483 567 4532 oi
575 4482 698 4545 religione
710 4480 787 4543 given
800 4480 826 4527 in
838 4480 882 4528 the
894 4480 981 4529 fourth
993 4489 1051 4544 part
1063 4481 1094 4531 oi
1108 4481 1221 4531 Bacon’s
1232 4478 1339 4529 Moralr‘s
1349 4480 1514 4541 Philosoph‘l'

358 4564 379 4610 is
402 4562 547 4611 somewbat
569 4562 707 4621 different;
734 4558 781 4608 viz.
807 4558 916 4619 Pagani,
938 4558 1046 4623 Tartari,
1069 4560 1232 4622 ldololatme,
1255 4558 1389 4619 Saraceni,
1407 4558 1514 4621 Judaei,

357 4639 506 4689 Christiani.
