3575 5375
340 631 399 711 284
563 635 719 694 OPERIS
743 634 933 704 MAJORIS
957 634 1072 692 PARS
1097 629 1282 706 QUARTA.

340 806 474 877 propter
496 795 643 879 quinque
666 795 811 861 rationes
829 797 861 860 in
885 796 991 878 prima
1015 805 1109 877 parte
1132 795 1290 876 signatas.
1336 787 1494 873 Synodus

341 900 441 982 igitur
463 899 613 964 Nicaena
635 902 781 965 decrevit
805 899 936 982 cyclum
959 898 1125 963 observari
1147 899 1228 990 dum
1251 896 1388 961 haberet
1410 894 1495 958 veri·

342 1012 445 1067 tatem
461 1015 495 1067 et
511 1005 588 1086 quia
605 1004 667 1067 illis
682 1005 890 1088 temporibus
905 1025 971 1068 non
987 1002 1112 1068 fefellit.
1158 1001 1334 1066 Caeterum
1347 998 1495 1063 decrevit

341 1107 406 1170 hoc
422 1107 534 1182 teneri,
551 1116 587 1172 ut
601 1109 761 1173 vitaretur
776 1109 944 1173 contentio
956 1107 1057 1190 juxta
1072 1115 1173 1189 caput
1188 1105 1373 1189 cujuslibet,
1388 1104 1495 1166 donec

341 1213 503 1276 accideret
526 1213 558 1274 in
582 1213 721 1276 ecclesia
740 1211 804 1276 Dei
828 1222 977 1296 potestas
1001 1212 1268 1288 mathematicae,
1283 1230 1350 1291 qua
1374 1205 1493 1271 certifi-

341 1315 408 1379 cari
434 1327 571 1399 possunt
600 1317 713 1380 omnia
740 1317 928 1399 dequibus
955 1325 1006 1380 est
1035 1317 1215 1380 contentio
1262 1313 1375 1376 Minus
1405 1310 1494 1374 enim

343 1419 467 1483 malum
486 1430 537 1484 est
558 1422 628 1484 sine
647 1423 897 1505 comparatione
919 1442 1022 1484 unum
1043 1420 1276 1484 inconveniens
1295 1418 1339 1482 ad
1361 1427 1494 1497 tempus

342 1523 472 1587 tolerari
491 1535 627 1607 propter
642 1526 942 1609 impossibilitatem
964 1525 1112 1601 remedii,
1128 1545 1229 1608 quam
1248 1522 1338 1606 quod
1354 1520 1494 1604 quilibet

341 1627 530 1710 opinionem
546 1649 641 1693 suam
658 1630 842 1714 promulget
859 1651 965 1713 aeque
983 1628 1099 1693 salsam
1115 1631 1201 1693 sicut
1216 1639 1266 1692 est
1283 1627 1339 1689 illa
1350 1646 1435 1709 quae
1450 1624 1494 1687 ab

342 1731 496 1796 omnibus
512 1735 731 1798 communiter
745 1735 935 1798 sustinetur.
982 1735 1027 1798 Et
1042 1735 1089 1798 sic
1104 1734 1251 1818 loquitur
1267 1732 1368 1796 Beda.
1402 1728 1492 1791 Nam

342 1835 431 1914 dicit,
452 1839 548 1900 ‘cum
574 1837 686 1902 lunam
712 1840 759 1902 sic
785 1841 967 1903 secundum
997 1839 1082 1919 cycli
1113 1839 1274 1902 rationem
1305 1835 1493 1919 signabant,

341 1940 432 2005 aliud
449 1940 557 2023 majus
572 1943 753 2024 perieulum
768 1964 826 2026 per
841 1943 906 2007 hoc
922 1941 1189 2007 declinaverunt?
1237 1941 1282 2004 Et
1298 1941 1387 2023 quod
1401 1938 1494 2002 Beda

341 2046 482 2109 adduxit
506 2047 708 2125 miraculum,
731 2049 981 2112 concedendum
1007 2058 1057 2111 est
1081 2049 1173 2130 quod
1197 2046 1261 2110 illis
1287 2042 1494 2127 temporibus

341 2171 407 2214 non
423 2151 484 2215 suit
500 2172 590 2216 error
605 2154 637 2216 in
653 2153 758 2236 cyclo,
774 2163 810 2216 ut
827 2150 1039 2217 manifestum
1056 2163 1117 2226 est,
1131 2151 1189 2215 sed
1207 2160 1325 2233 postea
1339 2148 1443 2212 crevit
1458 2156 1492 2211 et

343 2255 497 2339 apparuit
512 2257 719 2322 sensibiliter.

385 2359 486 2444 Quod
514 2363 615 2426 etiam
641 2362 780 2426 adducit
807 2363 1000 2444 exemplum
1027 2362 1070 2426 de
1096 2359 1206 2445 lapide
1229 2357 1376 2436 selenite,
1398 2356 1492 2439 cujus

341 2464 498 2545 splendor
527 2466 641 2530 crescit
672 2487 748 2530 cum
780 2467 856 2530 luna
888 2467 985 2551 primi
1016 2465 1138 2529 mensis
1168 2473 1202 2528 et
1231 2462 1402 2540 decrescit,
1432 2481 1492 2544 per

341 2589 427 2650 quae
461 2579 687 2652 cognoverunt
724 2573 906 2654 antiquitus
943 2570 1159 2653 primationes
1193 2567 1373 2651 paschales,
1404 2566 1492 2629 istud

343 2694 410 2737 non
440 2685 490 2739 est
517 2695 577 2757 pro
604 2675 708 2757 cyclo,
734 2677 795 2740 nisi
829 2677 909 2741 dum
941 2675 1057 2741 habuit
1083 2675 1267 2752 veritatem,
1297 2673 1355 2737 sed
1387 2671 1493 2756 magis

342 2779 563 2842 contrarium:
600 2780 678 2863 quia
712 2780 767 2843 ille
803 2780 887 2863 lapis
925 2782 1073 2845 ostendit
1106 2780 1201 2845 nobis
1230 2798 1345 2842 verum
1379 2778 1493 2859 aequi-

343 2882 498 2957 noctium,
532 2891 566 2946 et
602 2883 766 2947 decimam
802 2896 956 2966 quartam
997 2885 1108 2949 lunam
1152 2882 1343 2969 paschalem
1381 2880 1415 2945 in
1452 2900 1494 2943 eo

342 2985 394 3049 vel
418 2995 493 3069 post
521 2986 629 3068 ipsum
656 2990 850 3052 sumendam
874 3010 935 3071 pro
957 2992 1098 3054 termino
1122 2988 1287 3064 Paschae;
1312 2987 1403 3069 quod
1427 3004 1492 3048 non

343 3099 453 3173 potest
477 3090 529 3155 hic
552 3093 664 3173 cyclus
686 3092 738 3156 his
763 3094 966 3175 temporibus
992 3093 1109 3170 iacere,
1131 3112 1191 3155 nec
1214 3111 1361 3174 unquam
1387 3089 1494 3167 saciet,

343 3215 403 3260 nec
425 3194 504 3258 iecit
527 3197 582 3260 diu
610 3198 776 3261 ecclesiae.
822 3196 1001 3262 Caeterum
1029 3198 1120 3263 Beda
1146 3197 1207 3261 luit
1232 3197 1319 3259 circa
1341 3204 1494 3277 tempora

343 3300 472 3363 exordii
504 3300 599 3383 cycli.
651 3301 740 3366 Nam
774 3302 844 3385 ipse
873 3302 973 3367 refert
1004 3304 1035 3365 in
1069 3311 1228 3384 computo
1258 3321 1318 3363 suo
1347 3320 1383 3363 se
1413 3308 1493 3363 tunc

343 3404 493 3487 attigisse
516 3426 639 3470 annum
665 3408 802 3470 Domini
825 3408 1159 3491 septingentesimum
1183 3406 1335 3490 primum.
1382 3404 1428 3467 Et
1451 3404 1494 3466 ab

345 3508 573 3573 lncamatione
604 3531 709 3593 usque
740 3512 783 3575 ad
813 3522 965 3595 tempora
993 3510 1215 3588 Constantini,
1242 3511 1304 3574 sub
1334 3529 1401 3591 quo
1433 3508 1493 3571 luit

342 3612 490 3694 synodus
518 3613 675 3688 Nicaena,
702 3614 833 3679 suerunt
855 3616 1011 3681 cccxxxii
1044 3615 1120 3679 anni
1147 3613 1329 3677 secundum
1355 3612 1492 3676 Bedam.

344 3715 390 3780 Et
412 3717 455 3780 ab
478 3716 541 3780 hoc
565 3729 715 3801 tempore
738 3740 841 3803 nsque
863 3722 907 3784 ad
923 3720 1128 3783 Mattianum
1156 3718 1338 3802 principem
1363 3718 1495 3781 fuerunt

343 3828 476 3884 centum
489 3819 605 3903 viginti
621 3822 708 3899 anni,
717 3824 780 3887 sub
791 3844 858 3906 quo
871 3824 943 3887 Leo
955 3845 1042 3907 papa
1054 3824 1124 3902 suit,
1135 3824 1191 3906 qui
1202 3835 1278 3887 sunt
1293 3824 1326 3886 in
1344 3823 1495 3886 universo

343 3924 463 3986 cccclii.
509 3924 565 3987 Ex
592 3946 660 4008 quo
688 3936 789 4008 patet,
811 3930 902 4010 quod
930 3927 1022 3991 Beda
1044 3948 1110 3992 non
1138 3927 1199 3991 suit
1223 3948 1282 4009 per
1307 3947 1363 3991 ccc
1390 3946 1495 3989 annos

342 4038 468 4110 postea,
493 4030 552 4093 sed
577 4049 678 4093 neca
702 4034 831 4113 synodo
856 4034 918 4095 nisi
942 4054 1001 4116 per
1023 4033 1152 4097 circiter
1173 4032 1305 4095 ccclxix
1329 4051 1443 4109 annos,
1461 4040 1495 4093 et

342 4133 417 4196 ideo
440 4153 506 4195 non
525 4135 634 4216 potuit
658 4135 784 4200 lunatio
808 4137 951 4201 multum
975 4137 1127 4201 recedere
1149 4158 1169 4200 a
1192 4136 1266 4200 loco
1289 4156 1359 4200 suo.
1405 4136 1495 4199 Nam

341 4238 383 4301 ad
404 4236 478 4319 plus
500 4258 559 4319 per
581 4260 683 4302 unum
704 4240 793 4303 diem
815 4241 982 4325 integrum
1005 4250 1039 4305 et
1059 4261 1119 4323 per
1134 4240 1256 4324 aliquid
1277 4242 1320 4304 de
1340 4240 1496 4317 secundo,

342 4360 382 4404 eo
405 4341 495 4423 quod
519 4343 551 4405 in
575 4362 631 4407 ccc
653 4345 748 4407 annis
771 4354 805 4408 et
829 4346 860 4408 iv
883 4345 921 4409 fit
945 4347 1086 4410 mutatio
1109 4347 1205 4409 unius
1228 4345 1303 4409 diei.
1349 4344 1395 4410 Et
1418 4346 1495 4409 ideo

340 4456 476 4527 propter
497 4466 614 4511 causas
638 4448 727 4530 prius
753 4457 859 4513 tactas
884 4448 970 4513 bene
995 4452 1104 4531 potuit
1130 4449 1244 4532 cyclus
1268 4449 1436 4514 observari
1461 4450 1495 4512 in

340 4558 491 4632 tempore
511 4549 630 4627 Bedae,
646 4551 730 4615 sicut
754 4552 786 4614 in
809 4561 962 4635 tempore
984 4554 1107 4617 Leonis
1130 4573 1248 4638 papae.
1295 4551 1363 4618 Sed
1379 4565 1494 4618 tamen

341 4652 514 4735 scrupulus
536 4654 752 4719 dubitationis
771 4655 840 4739 jam
865 4667 1002 4722 exortus
1025 4657 1086 4722 suit
1104 4678 1124 4722 a
1142 4667 1293 4741 ternpore
1316 4658 1447 4737 Leonis,
1462 4671 1497 4724 et
