3575 5375
397 621 748 681 MATHEMATICAE
772 623 824 681 IN
845 622 1016 682 DIVINIS
1043 623 1249 684 UTILITAS.
1338 640 1400 698 209

645 881 795 946 Tabulae
810 883 1002 967 explicatio.

291 1041 400 1108 Prima
415 1045 515 1126 igitur
529 1043 616 1110 linea
634 1047 666 1109 in
687 1047 795 1129 prima
815 1045 930 1111 tabula
950 1044 1083 1111 inferius
1104 1067 1278 1112 occurrens
1301 1035 1402 1111 tenet'

248 1167 353 1211 annos
375 1149 509 1213 Domini
530 1169 634 1233 usque
657 1151 699 1214 ad
723 1151 879 1231 xxxviii;
902 1152 981 1234 quia
1006 1160 1133 1215 certum
1159 1161 1209 1215 est
1233 1149 1315 1214 infra
1336 1151 1399 1215 hos

248 1251 357 1332 ipsum
372 1253 512 1318 subiisse
527 1255 725 1338 passionem.
767 1253 922 1320 Secunda
932 1254 1021 1319 linea
1036 1255 1138 1320 habet
1155 1275 1271 1320 omnes
1287 1255 1398 1320 literas

248 1352 402 1421 seriarum
432 1367 612 1438 sextarum‚
636 1379 722 1442 quae
752 1360 962 1445 contigerunt
984 1360 1017 1425 in
1040 1360 1104 1424 illis
1133 1360 1263 1423 xxxviii
1293 1359 1399 1423 annis.

249 1457 363 1524 Tertia
386 1461 469 1526 linea
491 1472 584 1527 tenet
605 1465 676 1528 dies
699 1466 871 1546 proximos
893 1475 972 1530 ante
993 1465 1241 1549 oppositionem
1263 1463 1343 1528 solis
1365 1473 1400 1527 et

248 1562 355 1628 lunae.
399 1556 537 1647 Quarta,
561 1567 649 1632 diem
680 1569 909 1652 oppositionis.
955 1568 1089 1653 Quinta,
1114 1569 1204 1632 diem
1233 1577 1311 1650 post
1340 1588 1400 1649 op-

249 1669 446 1750 positionem
472 1672 671 1736 immediate.
727 1671 841 1752 Sexta,
864 1675 953 1738 diem
976 1685 1180 1757 sequentem,
1204 1682 1239 1737 et
1261 1671 1401 1737 sumitur

249 1771 302 1834 hic
325 1775 492 1855 oppositio
510 1775 590 1840 solis
612 1786 645 1840 et
669 1776 765 1841 lunae
788 1778 907 1841 media.
954 1778 1106 1860 Septima
1127 1776 1214 1841 linea
1236 1797 1313 1841 cum
1336 1775 1400 1840 sibi

250 1878 389 1942 annexis
408 1889 500 1944 tenet
520 1891 652 1964 tempus
671 1892 873 1947 transactum
896 1884 940 1946 de
963 1882 1087 1946 Martio
1109 1892 1188 1945 ante
1210 1881 1300 1945 diem
1323 1901 1399 1962 pas·

250 1980 360 2046 sionis.
415 1983 558 2067 Reliqua
587 2006 664 2051 vero
694 1985 808 2050 tabula
838 1986 1027 2067 negotiatur
1055 1985 1143 2048 circa
1175 1984 1340 2069 Aprilem,
1364 1993 1400 2048 ut

252 2082 435 2151 inveniatur
455 2089 623 2171 oppositio
644 2090 676 2151 in
692 2089 800 2173 Aprili
817 2091 948 2154 circiter
962 2089 1052 2151 diem
1068 2088 1240 2172 passionis,
1256 2095 1400 2169 excepto

249 2191 339 2272 quod
354 2192 423 2253 xvii
439 2212 527 2254 anno
542 2202 576 2254 et
590 2193 698 2255 xxxvi
719 2194 839 2257 accidit
858 2194 890 2256 in
907 2193 1040 2256 Martio.
1085 2191 1265 2257 Sciendum
1287 2200 1399 2255 autem

250 2296 341 2374 quod
353 2294 416 2358 hae
430 2295 563 2359 tabulae
583 2295 690 2360 iactae
709 2307 786 2361 sunt
809 2298 851 2360 ad
876 2297 1046 2360 meridiem
1067 2296 1210 2359 civitatis
1226 2295 1402 2371 Novariae‚

251 2396 328 2460 licet
346 2398 443 2461 luerit
464 2399 552 2461 sacta
569 2400 734 2478 Parisius;
760 2402 819 2464 sed
838 2420 938 2465 causa
952 2400 1024 2479 suit,
1041 2399 1145 2482 magis
1166 2400 1253 2462 enim
1276 2406 1403 2463 secreta

251 2510 311 2576 est,
341 2511 374 2564 et
404 2502 557 2565 meridies
587 2504 631 2566 ibi
662 2505 829 2586 praecedit
862 2503 1032 2568 meridiem
1063 2503 1208 2567 Parisius
1238 2522 1299 2586 per
1328 2522 1401 2564 xxv

253 2604 380 2669 minuta
399 2606 492 2668 unius
515 2605 623 2671 horae.
670 2606 706 2673 Si
729 2608 830 2691 igitur
852 2609 896 2672 de
917 2618 1068 2692 tempore
1089 2606 1205 2671 habito
1227 2607 1402 2670 subtraxe-

253 2710 353 2772 rimus
390 2730 462 2773 xxv
496 2711 632 2790 minuta,
662 2712 864 2795 relinquetur
902 2723 1035 2797 tempus
1071 2710 1289 2794 oppositionis
1326 2720 1402 2793 post

253 2814 399 2878 medium
412 2814 501 2878 diem
514 2816 656 2881 civitatis
669 2816 821 2880 Parisios.
853 2815 1045 2881 Secundum
1061 2836 1141 2899 ergo
1153 2813 1238 2877 hanc
1253 2814 1403 2878 tabulam

251 2938 368 3000 passus
385 2917 448 2982 suit
467 2919 632 2984 Dominus
652 2920 685 2984 iii
701 2941 804 2985 nonas
824 2920 953 3003 Aprilis
975 2921 1030 2983 die
1052 2919 1192 2982 Veneris
1215 2920 1248 2981 in
1268 2919 1403 3002 opposi-

251 3022 341 3086 tione
361 3022 438 3087 solis
459 3033 493 3089 et
516 3023 611 3089 lunae
639 3027 768 3090 mediae
789 3046 837 3087 xv
866 3045 956 3089 anno
976 3023 1063 3106 cycli
1093 3022 1403 3086 decemnovennalis

252 3136 285 3190 et
308 3128 367 3190 xiv
392 3127 476 3209 cycli
500 3129 624 3207 solaris,
649 3149 738 3193 anno
763 3129 874 3192 xxxiii
906 3128 949 3192 ab
973 3127 1198 3193 incarnatione
1220 3126 1402 3190 secundum

252 3230 382 3312 cyclum
407 3232 569 3314 Dionysii,
585 3242 619 3296 et
644 3233 706 3296 hoc
728 3243 787 3312 est,
811 3232 910 3311 xxxii
932 3233 1115 3296 secundum
1127 3250 1240 3294 veram
1256 3240 1401 3293 aetatem

252 3333 398 3397 Domini.
443 3335 489 3399 Et
512 3336 599 3399 istud
616 3336 649 3399 in
669 3336 784 3400 tabula
799 3336 944 3399 secunda
964 3336 1086 3399 accidit
1111 3354 1210 3417 super
1230 3334 1252 3396 b
1271 3333 1402 3396 literam

253 3438 286 3501 in
308 3439 436 3502 directo
453 3438 564 3502 xxxiii
581 3440 659 3502 anni
675 3450 752 3523 post
767 3440 851 3503 duos
866 3440 936 3504 dies
952 3441 995 3503 de
1015 3437 1122 3521 Aprili
1145 3448 1180 3502 et
1202 3437 1271 3500 xvii
1295 3436 1403 3512 horas,

253 3550 287 3603 et
298 3543 354 3604 xvi
376 3542 513 3617 minuta,
527 3553 561 3606 et
584 3543 694 3606 xxxiii
716 3546 868 3623 secunda,
890 3542 900 3605 l
925 3544 1031 3622 tertia,
1049 3544 1133 3605 xxiv
1154 3552 1282 3625 quarta,
1299 3551 1333 3604 et
1356 3542 1402 3603 sic

252 3646 483 3727 sapientissimi
522 3648 555 3710 in
592 3647 641 3709 his
679 3646 998 3712 considerationibus
1039 3646 1307 3724 aestimaverunt,
1345 3645 1402 3729 qui

252 3800 338 3848 multa.
373 3799 405 3849 Et
419 3802 486 3850 hanc
500 3802 611 3850 tabulam
624 3800 704 3851 literis
717 3802 854 3851 Hebraicis
868 3802 926 3851 misi
937 3802 965 3850 in
982 3802 1060 3864 Opere
1071 3799 1168 3866 Maybri
1180 3816 1238 3850 curn
1254 3801 1310 3862 ejus
1324 3814 1405 3862 expo-

252 3878 347 3927 sitione
360 3885 385 3927 et
397 3880 538 3929 canonibus
555 3882 618 3940 suiS,
630 3880 772 3929 secundum
788 3882 857 3943 quod
875 3880 990 3943 pertinet
1006 3881 1041 3929 ad
1054 3886 1201 3941 computum
1219 3877 1325 3928 eorum?
1361 3877 1404 3926 He

253 3956 334 4004 reiers
351 3965 377 4005 to
392 3958 442 4005 this
457 3958 525 4007 table
539 3959 615 4019 again
631 3958 658 4006 in
676 3959 720 4007 the
732 3958 864 4021 following
878 3960 994 4021 chapter,
1005 3974 1031 4020 p.
1045 3974 1103 4006 aso.
1136 3958 1194 4005 The
1207 3957 1276 4006 table
1287 3958 1365 4019 given
1377 3956 1404 4004 in

251 4034 296 4083 the
309 4036 381 4097 Opus
391 4035 478 4100 Majus
488 4036 511 4085 is
522 4036 566 4085 the
579 4052 630 4086 one
640 4037 741 4099 spoken
754 4036 784 4085 os
792 4038 818 4085 in
831 4038 875 4086 the
888 4037 962 4099 Opus
976 4036 1000 4085 T
996 4038 1097 4096 ennena,
1108 4051 1134 4097 p.
1147 4050 1205 4096 aaa.

283 4112 366 4163 What
383 4130 470 4163 seems
493 4115 615 4177 probable
635 4115 658 4163 is
677 4116 733 4163 that
758 4115 845 4163 Bacon
867 4115 987 4163 included
1006 4115 1071 4163 with
1090 4115 1135 4163 the
1156 4115 1229 4177 Opus
1250 4112 1339 4176 Majus
1360 4113 1406 4162 the

251 4192 339 4241 whole
351 4209 382 4241 or
393 4200 450 4255 part
468 4194 497 4241 oi
505 4209 520 4241 a
531 4194 605 4242 work
622 4193 728 4242 written
743 4193 779 4254 by
795 4194 887 4242 himin
903 4192 1095 4254 1263,enrit1ed
1113 4192 1261 4254 computus,
1274 4192 1305 4241 ot'
1316 4192 1405 4240 which

251 4288 267 4320 a
278 4273 347 4333 good
359 4272 518 4333 description
530 4272 584 4321 will
602 4272 634 4320 be
650 4271 731 4320 found
745 4272 770 4319 in
783 4271 913 4320 Chnrles's
924 4270 1001 4320 work
1012 4286 1047 4319 on
1060 4270 1158 4329 Bacon,
1169 4285 1213 4332 pp.
1224 4271 1314 4331 gaon
1347 4269 1405 4317 The

253 4350 392 4411 Computus
399 4351 518 4399 contains
529 4367 545 4399 a
556 4350 600 4398 sull
612 4350 755 4398 discussion
766 4348 795 4397 oi
802 4350 848 4398 the
859 4350 928 4398 solar
937 4350 988 4402 and
999 4350 1075 4397 lunar
1081 4363 1146 4410 year
1154 4350 1206 4396 and
1215 4348 1315 4410 mouth,
1326 4346 1356 4396 oi
1360 4347 1405 4395 the

252 4427 327 4476 lunar
338 4428 411 4489 cycle
422 4428 452 4477 of
465 4429 586 4478 nineteen
598 4444 676 4490 years
686 4428 737 4476 and
754 4428 787 4476 its
800 4428 995 4490 insufficiency;
1011 4428 1063 4476 and
1072 4443 1089 4475 a
1100 4427 1182 4477 series
1193 4426 1223 4475 oi
1236 4426 1319 4474 tables
1336 4440 1405 4473 com·

251 4506 342 4569 paring
353 4507 396 4553 the
411 4506 607 4557 Mahommedan
619 4508 670 4556 and
682 4506 813 4556 Christian
825 4506 966 4555 calendars.

285 4584 340 4632 The
358 4585 424 4633 table
436 4586 500 4635 here
516 4586 592 4648 given
609 4586 745 4636 contained
757 4587 783 4634 in
794 4586 839 4634 the
851 4584 908 4633 first
918 4584 1015 4635 edition
1025 4583 1127 4633 several
1142 4598 1229 4632 errors
1238 4582 1326 4632 which
1340 4582 1408 4631 have
1453 4592 1457 4599 ·

251 4664 319 4713 been
331 4664 463 4713 corrected
475 4664 510 4726 by
521 4664 642 4715 collation
655 4664 685 4714 oi
692 4662 726 4716 0.
736 4664 801 4714 with
812 4664 869 4713 Tib.

295 4756 378 4808 VOL.
392 4758 415 4808 1.
820 4756 841 4805 Ρ
