<?xml version="1.0" encoding="UTF-8"?>
<!DOCTYPE html PUBLIC "-//W3C//DTD XHTML 1.0 Transitional//EN"
    "http://www.w3.org/TR/xhtml1/DTD/xhtml1-transitional.dtd">
<html xmlns="http://www.w3.org/1999/xhtml" xml:lang="en" lang="en">
 <head>
  <title>
</title>
<meta http-equiv="Content-Type" content="text/html;charset=utf-8" />
  <meta name='ocr-system' content='tesseract 3.04.00' />
  <meta name='ocr-capabilities' content='ocr_page ocr_carea ocr_par ocr_line ocrx_word'/>
</head>
<body>
  <div class='ocr_page' id='page_1' title='image "./opusmajusrogerb01bridgoog/opusmajusrogerb01bridgoog_0202.png"; bbox 0 0 3575 5375; ppageno 0'>
   <div class='ocr_carea' id='block_1_1' title="bbox 649 638 1418 715">
    <p class='ocr_par' dir='ltr' id='par_1_1' title="bbox 649 638 1418 715">
     <span class='ocr_line' id='line_1_1' title="bbox 649 638 1418 715; baseline -0.007 -15"><span class='ocrx_word' id='word_1_1' title='bbox 649 639 819 700; x_wconf 80' lang='lat' dir='ltr'><em>CAUSAE</em></span> <span class='ocrx_word' id='word_1_2' title='bbox 842 638 1043 696; x_wconf 84' lang='lat' dir='ltr'><em>ERRORIS.</em></span> <span class='ocrx_word' id='word_1_3' title='bbox 1398 652 1418 715; x_wconf 89' lang='lat'>5</span> 
     </span>
    </p>
   </div>
   <div class='ocr_carea' id='block_1_2' title="bbox 265 807 1420 4025">
    <p class='ocr_par' dir='ltr' id='par_1_2' title="bbox 265 807 1420 4025">
     <span class='ocr_line' id='line_1_2' title="bbox 266 807 1419 897; baseline -0.002 -21"><span class='ocrx_word' id='word_1_4' title='bbox 266 816 424 897; x_wconf 91' lang='lat' dir='ltr'>‘propter</span> <span class='ocrx_word' id='word_1_5' title='bbox 451 812 611 877; x_wconf 91' lang='lat' dir='ltr'>malitiam</span> <span class='ocrx_word' id='word_1_6' title='bbox 638 807 905 889; x_wconf 89' lang='lat' dir='ltr'>consuetudinis,’</span> <span class='ocrx_word' id='word_1_7' title='bbox 932 812 987 889; x_wconf 92' lang='lat' dir='ltr'>ait,</span> <span class='ocrx_word' id='word_1_8' title='bbox 1013 808 1205 874; x_wconf 88' lang='lat' dir='ltr'>‘difficulter</span> <span class='ocrx_word' id='word_1_9' title='bbox 1231 810 1419 874; x_wconf 89' lang='lat' dir='ltr'>reciduntur</span> 
     </span>
     <span class='ocr_line' id='line_1_3' title="bbox 265 914 1418 1000; baseline -0.003 -20"><span class='ocrx_word' id='word_1_10' title='bbox 265 916 356 994; x_wconf 89' lang='lat' dir='ltr'>vitia,</span> <span class='ocrx_word' id='word_1_11' title='bbox 370 938 457 1000; x_wconf 91' lang='lat' dir='ltr'>quae</span> <span class='ocrx_word' id='word_1_12' title='bbox 476 917 650 983; x_wconf 88' lang='lat' dir='ltr'>nobiscum</span> <span class='ocrx_word' id='word_1_13' title='bbox 666 928 838 982; x_wconf 91' lang='lat' dir='ltr'>creverunt</span> <span class='ocrx_word' id='word_1_14' title='bbox 848 914 879 978; x_wconf 88' lang='lat'>¹.’</span> <span class='ocrx_word' id='word_1_15' title='bbox 928 916 974 981; x_wconf 90' lang='lat' dir='ltr'>Et</span> <span class='ocrx_word' id='word_1_16' title='bbox 994 916 1027 979; x_wconf 93' lang='lat' dir='ltr'>in</span> <span class='ocrx_word' id='word_1_17' title='bbox 1049 914 1133 979; x_wconf 90' lang='lat' dir='ltr'>libro</span> <span class='ocrx_word' id='word_1_18' title='bbox 1149 915 1192 977; x_wconf 91' lang='lat' dir='ltr'>de</span> <span class='ocrx_word' id='word_1_19' title='bbox 1206 917 1294 978; x_wconf 91' lang='lat' dir='ltr'>vitae</span> <span class='ocrx_word' id='word_1_20' title='bbox 1315 915 1418 979; x_wconf 91' lang='lat' dir='ltr'>beati-</span> 
     </span>
     <span class='ocr_line' id='line_1_4' title="bbox 265 1018 1417 1106; baseline -0.002 -22"><span class='ocrx_word' id='word_1_21' title='bbox 265 1021 383 1084; x_wconf 87' lang='lat' dir='ltr'>tudine</span> <span class='ocrx_word' id='word_1_22' title='bbox 412 1032 527 1086; x_wconf 92' lang='lat' dir='ltr'>contra</span> <span class='ocrx_word' id='word_1_23' title='bbox 552 1021 643 1106; x_wconf 85' lang='lat' dir='ltr'>vulgi</span> <span class='ocrx_word' id='word_1_24' title='bbox 672 1023 851 1086; x_wconf 89' lang='lat' dir='ltr'>sententias</span> <span class='ocrx_word' id='word_1_25' title='bbox 878 1020 986 1095; x_wconf 81' lang='lat' dir='ltr'>refert,</span> <span class='ocrx_word' id='word_1_26' title='bbox 1010 1018 1130 1083; x_wconf 83' lang='lat' dir='ltr'>‘Nulla</span> <span class='ocrx_word' id='word_1_27' title='bbox 1155 1040 1206 1083; x_wconf 90' lang='lat' dir='ltr'>res</span> <span class='ocrx_word' id='word_1_28' title='bbox 1238 1018 1417 1100; x_wconf 88' lang='lat' dir='ltr'>majoribus</span> 
     </span>
     <span class='ocr_line' id='line_1_5' title="bbox 267 1123 1417 1209; baseline -0.002 -21"><span class='ocrx_word' id='word_1_29' title='bbox 267 1123 362 1189; x_wconf 90' lang='lat' dir='ltr'>malis</span> <span class='ocrx_word' id='word_1_30' title='bbox 391 1146 453 1189; x_wconf 92' lang='lat' dir='ltr'>nos</span> <span class='ocrx_word' id='word_1_31' title='bbox 482 1126 640 1209; x_wconf 91' lang='lat' dir='ltr'>implicat,</span> <span class='ocrx_word' id='word_1_32' title='bbox 666 1146 766 1209; x_wconf 92' lang='lat' dir='ltr'>quam</span> <span class='ocrx_word' id='word_1_33' title='bbox 794 1127 884 1208; x_wconf 92' lang='lat' dir='ltr'>quod</span> <span class='ocrx_word' id='word_1_34' title='bbox 912 1126 956 1188; x_wconf 91' lang='lat' dir='ltr'>ad</span> <span class='ocrx_word' id='word_1_35' title='bbox 983 1144 1149 1188; x_wconf 89' lang='lat' dir='ltr'>rumorem</span> <span class='ocrx_word' id='word_1_36' title='bbox 1178 1124 1417 1207; x_wconf 80' lang='lat' dir='ltr'>componimur,</span> 
     </span>
     <span class='ocr_line' id='line_1_6' title="bbox 265 1228 1415 1313; baseline -0.001 -21"><span class='ocrx_word' id='word_1_37' title='bbox 265 1232 394 1313; x_wconf 91' lang='lat' dir='ltr'>optima</span> <span class='ocrx_word' id='word_1_38' title='bbox 424 1230 486 1294; x_wconf 90' lang='lat' dir='ltr'>rati</span> <span class='ocrx_word' id='word_1_39' title='bbox 517 1250 556 1293; x_wconf 90' lang='lat' dir='ltr'>ea</span> <span class='ocrx_word' id='word_1_40' title='bbox 584 1250 671 1311; x_wconf 91' lang='lat' dir='ltr'>quae</span> <span class='ocrx_word' id='word_1_41' title='bbox 701 1250 824 1312; x_wconf 88' lang='lat' dir='ltr'>magno</span> <span class='ocrx_word' id='word_1_42' title='bbox 849 1248 986 1293; x_wconf 87' lang='lat' dir='ltr'>assensu</span> <span class='ocrx_word' id='word_1_43' title='bbox 1018 1239 1152 1311; x_wconf 89' lang='lat' dir='ltr'>recepta</span> <span class='ocrx_word' id='word_1_44' title='bbox 1176 1238 1261 1305; x_wconf 91' lang='lat' dir='ltr'>sunt,</span> <span class='ocrx_word' id='word_1_45' title='bbox 1288 1248 1347 1291; x_wconf 91' lang='lat' dir='ltr'>nec</span> <span class='ocrx_word' id='word_1_46' title='bbox 1373 1228 1415 1291; x_wconf 90' lang='lat' dir='ltr'>ad</span> 
     </span>
     <span class='ocr_line' id='line_1_7' title="bbox 267 1332 1417 1398; baseline -0.002 -1"><span class='ocrx_word' id='word_1_47' title='bbox 267 1334 429 1397; x_wconf 89' lang='lat' dir='ltr'>rationem</span> <span class='ocrx_word' id='word_1_48' title='bbox 451 1335 511 1397; x_wconf 91' lang='lat' dir='ltr'>sed</span> <span class='ocrx_word' id='word_1_49' title='bbox 534 1334 578 1396; x_wconf 90' lang='lat' dir='ltr'>ad</span> <span class='ocrx_word' id='word_1_50' title='bbox 600 1332 849 1397; x_wconf 90' lang='lat' dir='ltr'>similitudinem</span> <span class='ocrx_word' id='word_1_51' title='bbox 864 1334 1015 1397; x_wconf 88' lang='lat' dir='ltr'>vivimus.</span> <span class='ocrx_word' id='word_1_52' title='bbox 1064 1334 1146 1397; x_wconf 92' lang='lat' dir='ltr'>Inde</span> <span class='ocrx_word' id='word_1_53' title='bbox 1167 1343 1218 1398; x_wconf 88' lang='lat' dir='ltr'>est</span> <span class='ocrx_word' id='word_1_54' title='bbox 1239 1332 1302 1396; x_wconf 89' lang='lat' dir='ltr'>ista</span> <span class='ocrx_word' id='word_1_55' title='bbox 1322 1342 1417 1396; x_wconf 87' lang='lat' dir='ltr'>tanta</span> 
     </span>
     <span class='ocr_line' id='line_1_8' title="bbox 266 1436 1416 1521; baseline -0.003 -21"><span class='ocrx_word' id='word_1_56' title='bbox 266 1439 471 1501; x_wconf 87' lang='lat' dir='ltr'>coacervatio</span> <span class='ocrx_word' id='word_1_57' title='bbox 497 1436 637 1501; x_wconf 89' lang='lat' dir='ltr'>aliorum</span> <span class='ocrx_word' id='word_1_58' title='bbox 668 1458 768 1521; x_wconf 91' lang='lat' dir='ltr'>supra</span> <span class='ocrx_word' id='word_1_59' title='bbox 793 1437 876 1501; x_wconf 88' lang='lat' dir='ltr'>alios</span> <span class='ocrx_word' id='word_1_60' title='bbox 908 1438 1081 1501; x_wconf 91' lang='lat' dir='ltr'>ruentium.</span> <span class='ocrx_word' id='word_1_61' title='bbox 1132 1436 1232 1519; x_wconf 86' lang='lat' dir='ltr'>Quod</span> <span class='ocrx_word' id='word_1_62' title='bbox 1263 1436 1351 1500; x_wconf 91' lang='lat' dir='ltr'>enim</span> <span class='ocrx_word' id='word_1_63' title='bbox 1383 1436 1416 1498; x_wconf 91' lang='lat' dir='ltr'>in</span> 
     </span>
     <span class='ocr_line' id='line_1_9' title="bbox 266 1540 1416 1625; baseline -0.001 -20"><span class='ocrx_word' id='word_1_64' title='bbox 266 1552 377 1624; x_wconf 83' lang='lat' dir='ltr'>strage</span> <span class='ocrx_word' id='word_1_65' title='bbox 402 1540 529 1606; x_wconf 91' lang='lat' dir='ltr'>homini</span> <span class='ocrx_word' id='word_1_66' title='bbox 557 1561 680 1625; x_wconf 88' lang='lat' dir='ltr'>magna</span> <span class='ocrx_word' id='word_1_67' title='bbox 705 1542 824 1615; x_wconf 88' lang='lat' dir='ltr'>evenit,</span> <span class='ocrx_word' id='word_1_68' title='bbox 851 1562 927 1604; x_wconf 90' lang='lat' dir='ltr'>cum</span> <span class='ocrx_word' id='word_1_69' title='bbox 954 1561 991 1604; x_wconf 92' lang='lat' dir='ltr'>se</span> <span class='ocrx_word' id='word_1_70' title='bbox 1018 1540 1162 1625; x_wconf 92' lang='lat' dir='ltr'>populus</span> <span class='ocrx_word' id='word_1_71' title='bbox 1189 1542 1260 1624; x_wconf 91' lang='lat' dir='ltr'>ipse</span> <span class='ocrx_word' id='word_1_72' title='bbox 1286 1540 1416 1622; x_wconf 87' lang='lat' dir='ltr'><strong>premit,</strong></span> 
     </span>
     <span class='ocr_line' id='line_1_10' title="bbox 265 1645 1418 1729; baseline 0 -22"><span class='ocrx_word' id='word_1_73' title='bbox 265 1664 366 1708; x_wconf 89' lang='lat' dir='ltr'>nemo</span> <span class='ocrx_word' id='word_1_74' title='bbox 391 1646 439 1709; x_wconf 90' lang='lat' dir='ltr'>ita</span> <span class='ocrx_word' id='word_1_75' title='bbox 461 1645 552 1709; x_wconf 92' lang='lat' dir='ltr'>cadit</span> <span class='ocrx_word' id='word_1_76' title='bbox 579 1655 615 1709; x_wconf 90' lang='lat' dir='ltr'>ut</span> <span class='ocrx_word' id='word_1_77' title='bbox 641 1664 707 1708; x_wconf 93' lang='lat' dir='ltr'>non</span> <span class='ocrx_word' id='word_1_78' title='bbox 729 1645 831 1709; x_wconf 92' lang='lat' dir='ltr'>alium</span> <span class='ocrx_word' id='word_1_79' title='bbox 858 1646 891 1707; x_wconf 91' lang='lat' dir='ltr'>in</span> <span class='ocrx_word' id='word_1_80' title='bbox 915 1666 951 1708; x_wconf 91' lang='lat' dir='ltr'>se</span> <span class='ocrx_word' id='word_1_81' title='bbox 975 1645 1130 1719; x_wconf 87' lang='lat' dir='ltr'>attrahat,</span> <span class='ocrx_word' id='word_1_82' title='bbox 1154 1646 1317 1729; x_wconf 86' lang='lat' dir='ltr'>primique</span> <span class='ocrx_word' id='word_1_83' title='bbox 1339 1653 1418 1708; x_wconf 90' lang='lat' dir='ltr'>sunt</span> 
     </span>
     <span class='ocr_line' id='line_1_11' title="bbox 266 1748 1417 1832; baseline 0 -21"><span class='ocrx_word' id='word_1_84' title='bbox 266 1750 371 1812; x_wconf 89' lang='lat' dir='ltr'>exitio</span> <span class='ocrx_word' id='word_1_85' title='bbox 393 1748 625 1832; x_wconf 67' lang='lat' dir='ltr'>sequentibus!</span> <span class='ocrx_word' id='word_1_86' title='bbox 671 1749 718 1813; x_wconf 91' lang='lat' dir='ltr'>Et</span> <span class='ocrx_word' id='word_1_87' title='bbox 740 1750 859 1813; x_wconf 91' lang='lat' dir='ltr'>iterum</span> <span class='ocrx_word' id='word_1_88' title='bbox 881 1749 962 1812; x_wconf 91' lang='lat' dir='ltr'>dicit</span> <span class='ocrx_word' id='word_1_89' title='bbox 986 1750 1020 1812; x_wconf 92' lang='lat' dir='ltr'>in</span> <span class='ocrx_word' id='word_1_90' title='bbox 1042 1749 1169 1822; x_wconf 90' lang='lat' dir='ltr'>eodem,</span> <span class='ocrx_word' id='word_1_91' title='bbox 1188 1748 1283 1813; x_wconf 88' lang='lat' dir='ltr'>‘Stat</span> <span class='ocrx_word' id='word_1_92' title='bbox 1303 1757 1417 1811; x_wconf 91' lang='lat' dir='ltr'>contra</span> 
     </span>
     <span class='ocr_line' id='line_1_12' title="bbox 267 1850 1417 1938; baseline 0 -23"><span class='ocrx_word' id='word_1_93' title='bbox 267 1854 426 1917; x_wconf 89' lang='lat' dir='ltr'>rationem</span> <span class='ocrx_word' id='word_1_94' title='bbox 444 1852 597 1917; x_wconf 90' lang='lat' dir='ltr'>defensor</span> <span class='ocrx_word' id='word_1_95' title='bbox 613 1853 690 1916; x_wconf 91' lang='lat' dir='ltr'>mali</span> <span class='ocrx_word' id='word_1_96' title='bbox 705 1854 756 1917; x_wconf 92' lang='lat' dir='ltr'>sui</span> <span class='ocrx_word' id='word_1_97' title='bbox 772 1850 952 1938; x_wconf 91' lang='lat' dir='ltr'>populus&#39;;</span> <span class='ocrx_word' id='word_1_98' title='bbox 975 1862 1009 1917; x_wconf 90' lang='lat' dir='ltr'>et</span> <span class='ocrx_word' id='word_1_99' title='bbox 1025 1852 1118 1929; x_wconf 89' lang='lat' dir='ltr'>infra,</span> <span class='ocrx_word' id='word_1_100' title='bbox 1134 1853 1231 1917; x_wconf 88' lang='lat' dir='ltr'>‘Non</span> <span class='ocrx_word' id='word_1_101' title='bbox 1247 1862 1316 1916; x_wconf 90' lang='lat' dir='ltr'>tam</span> <span class='ocrx_word' id='word_1_102' title='bbox 1332 1855 1417 1916; x_wconf 89' lang='lat' dir='ltr'>bene</span> 
     </span>
     <span class='ocr_line' id='line_1_13' title="bbox 266 1952 1417 2041; baseline -0.001 -20"><span class='ocrx_word' id='word_1_103' title='bbox 266 1977 341 2022; x_wconf 92' lang='lat' dir='ltr'>cum</span> <span class='ocrx_word' id='word_1_104' title='bbox 364 1959 463 2021; x_wconf 89' lang='lat' dir='ltr'>rebus</span> <span class='ocrx_word' id='word_1_105' title='bbox 484 1957 637 2020; x_wconf 90' lang='lat' dir='ltr'>humanis</span> <span class='ocrx_word' id='word_1_106' title='bbox 659 1958 777 2041; x_wconf 84' lang='lat' dir='ltr'>agitur,</span> <span class='ocrx_word' id='word_1_107' title='bbox 797 1969 835 2022; x_wconf 90' lang='lat' dir='ltr'>ut</span> <span class='ocrx_word' id='word_1_108' title='bbox 858 1958 996 2022; x_wconf 84' lang='lat' dir='ltr'>meliora</span> <span class='ocrx_word' id='word_1_109' title='bbox 1019 1957 1168 2041; x_wconf 91' lang='lat' dir='ltr'>pluribus</span> <span class='ocrx_word' id='word_1_110' title='bbox 1190 1952 1362 2040; x_wconf 88' lang='lat' dir='ltr'>placeant,’</span> <span class='ocrx_word' id='word_1_111' title='bbox 1383 1966 1417 2020; x_wconf 91' lang='lat' dir='ltr'>et</span> 
     </span>
     <span class='ocr_line' id='line_1_14' title="bbox 265 2060 1417 2145; baseline -0.002 -20"><span class='ocrx_word' id='word_1_112' title='bbox 265 2063 424 2145; x_wconf 89' lang='lat' dir='ltr'>sequitur,</span> <span class='ocrx_word' id='word_1_113' title='bbox 436 2068 685 2143; x_wconf 83' lang='lat' dir='ltr'>‘argumentum</span> <span class='ocrx_word' id='word_1_114' title='bbox 703 2063 836 2145; x_wconf 82' lang='lat' dir='ltr'>pessimi</span> <span class='ocrx_word' id='word_1_115' title='bbox 849 2062 947 2125; x_wconf 90' lang='lat' dir='ltr'>turba</span> <span class='ocrx_word' id='word_1_116' title='bbox 963 2072 1013 2126; x_wconf 92' lang='lat' dir='ltr'>est</span> <span class='ocrx_word' id='word_1_117' title='bbox 1021 2060 1053 2125; x_wconf 69' lang='lat'>²!</span> <span class='ocrx_word' id='word_1_118' title='bbox 1087 2061 1133 2125; x_wconf 91' lang='lat' dir='ltr'>Et</span> <span class='ocrx_word' id='word_1_119' title='bbox 1147 2061 1277 2125; x_wconf 91' lang='lat' dir='ltr'>Marcus</span> <span class='ocrx_word' id='word_1_120' title='bbox 1288 2060 1417 2124; x_wconf 90' lang='lat' dir='ltr'>Tullius</span> 
     </span>
     <span class='ocr_line' id='line_1_15' title="bbox 266 2165 1416 2248; baseline -0.002 -19"><span class='ocrx_word' id='word_1_121' title='bbox 266 2166 365 2230; x_wconf 89' lang='lat' dir='ltr'>tertio</span> <span class='ocrx_word' id='word_1_122' title='bbox 381 2168 424 2230; x_wconf 91' lang='lat' dir='ltr'>de</span> <span class='ocrx_word' id='word_1_123' title='bbox 439 2166 687 2248; x_wconf 89' lang='lat' dir='ltr'>quaestionibus</span> <span class='ocrx_word' id='word_1_124' title='bbox 702 2165 899 2230; x_wconf 88' lang='lat' dir='ltr'>Tusculanis</span> <span class='ocrx_word' id='word_1_125' title='bbox 917 2167 975 2242; x_wconf 88' lang='lat' dir='ltr'>ait,</span> <span class='ocrx_word' id='word_1_126' title='bbox 990 2166 1095 2230; x_wconf 88' lang='lat' dir='ltr'>‘Cum</span> <span class='ocrx_word' id='word_1_127' title='bbox 1117 2167 1282 2248; x_wconf 86' lang='lat' dir='ltr'>magistris</span> <span class='ocrx_word' id='word_1_128' title='bbox 1304 2165 1416 2230; x_wconf 90' lang='lat' dir='ltr'>traditi</span> 
     </span>
     <span class='ocr_line' id='line_1_16' title="bbox 266 2270 1416 2347; baseline 0 -14"><span class='ocrx_word' id='word_1_129' title='bbox 266 2290 389 2345; x_wconf 88' lang='lat' dir='ltr'>sumus,</span> <span class='ocrx_word' id='word_1_130' title='bbox 413 2270 460 2335; x_wconf 92' lang='lat' dir='ltr'>ita</span> <span class='ocrx_word' id='word_1_131' title='bbox 482 2271 581 2334; x_wconf 91' lang='lat' dir='ltr'>variis</span> <span class='ocrx_word' id='word_1_132' title='bbox 605 2271 784 2334; x_wconf 89' lang='lat' dir='ltr'>imbuimur</span> <span class='ocrx_word' id='word_1_133' title='bbox 806 2270 981 2347; x_wconf 90' lang='lat' dir='ltr'>erroribus,</span> <span class='ocrx_word' id='word_1_134' title='bbox 1005 2280 1041 2334; x_wconf 91' lang='lat' dir='ltr'>ut</span> <span class='ocrx_word' id='word_1_135' title='bbox 1064 2271 1204 2334; x_wconf 89' lang='lat' dir='ltr'>vanitati</span> <span class='ocrx_word' id='word_1_136' title='bbox 1230 2270 1360 2342; x_wconf 85' lang='lat' dir='ltr'>veritas,</span> <span class='ocrx_word' id='word_1_137' title='bbox 1384 2279 1416 2333; x_wconf 90' lang='lat' dir='ltr'>et</span> 
     </span>
     <span class='ocr_line' id='line_1_17' title="bbox 266 2372 1418 2459; baseline -0.003 -20"><span class='ocrx_word' id='word_1_138' title='bbox 266 2375 414 2459; x_wconf 90' lang='lat' dir='ltr'>opinioni</span> <span class='ocrx_word' id='word_1_139' title='bbox 437 2374 652 2439; x_wconf 87' lang='lat' dir='ltr'>confirmatae</span> <span class='ocrx_word' id='word_1_140' title='bbox 675 2375 748 2458; x_wconf 90' lang='lat' dir='ltr'>ipsa</span> <span class='ocrx_word' id='word_1_141' title='bbox 768 2383 884 2438; x_wconf 89' lang='lat' dir='ltr'>natura</span> <span class='ocrx_word' id='word_1_142' title='bbox 908 2376 1006 2439; x_wconf 89' lang='lat' dir='ltr'>cedat</span> <span class='ocrx_word' id='word_1_143' title='bbox 1018 2372 1049 2439; x_wconf 85' lang='lat'>³.&#39;</span> <span class='ocrx_word' id='word_1_144' title='bbox 1093 2373 1209 2457; x_wconf 89' lang='lat' dir='ltr'>Atque</span> <span class='ocrx_word' id='word_1_145' title='bbox 1228 2375 1260 2437; x_wconf 93' lang='lat' dir='ltr'>in</span> <span class='ocrx_word' id='word_1_146' title='bbox 1277 2373 1418 2437; x_wconf 89' lang='lat' dir='ltr'>Lucullo</span> 
     </span>
     <span class='ocr_line' id='line_1_18' title="bbox 266 2478 1417 2562; baseline 0 -21"><span class='ocrx_word' id='word_1_147' title='bbox 266 2479 357 2557; x_wconf 89' lang='lat' dir='ltr'>dicit,</span> <span class='ocrx_word' id='word_1_148' title='bbox 381 2479 536 2562; x_wconf 87' lang='lat' dir='ltr'>‘quidam</span> <span class='ocrx_word' id='word_1_149' title='bbox 564 2480 714 2544; x_wconf 87' lang='lat' dir='ltr'>obsecuti</span> <span class='ocrx_word' id='word_1_150' title='bbox 740 2479 846 2543; x_wconf 93' lang='lat' dir='ltr'>amico</span> <span class='ocrx_word' id='word_1_151' title='bbox 873 2479 1004 2543; x_wconf 90' lang='lat' dir='ltr'>cuidam</span> <span class='ocrx_word' id='word_1_152' title='bbox 1029 2489 1087 2543; x_wconf 91' lang='lat' dir='ltr'>aut</span> <span class='ocrx_word' id='word_1_153' title='bbox 1113 2499 1278 2542; x_wconf 92' lang='lat' dir='ltr'>unacum</span> <span class='ocrx_word' id='word_1_154' title='bbox 1305 2478 1417 2560; x_wconf 89' lang='lat' dir='ltr'>aliquo</span> 
     </span>
     <span class='ocr_line' id='line_1_19' title="bbox 266 2582 1417 2667; baseline -0.001 -20"><span class='ocrx_word' id='word_1_155' title='bbox 266 2604 367 2667; x_wconf 91' lang='lat' dir='ltr'>quem</span> <span class='ocrx_word' id='word_1_156' title='bbox 389 2584 564 2648; x_wconf 89' lang='lat' dir='ltr'>audierunt</span> <span class='ocrx_word' id='word_1_157' title='bbox 586 2584 737 2648; x_wconf 89' lang='lat' dir='ltr'>oratione</span> <span class='ocrx_word' id='word_1_158' title='bbox 759 2586 859 2667; x_wconf 89' lang='lat' dir='ltr'>capti,</span> <span class='ocrx_word' id='word_1_159' title='bbox 877 2584 920 2647; x_wconf 92' lang='lat' dir='ltr'>de</span> <span class='ocrx_word' id='word_1_160' title='bbox 942 2584 1038 2647; x_wconf 90' lang='lat' dir='ltr'>rebus</span> <span class='ocrx_word' id='word_1_161' title='bbox 1062 2583 1239 2666; x_wconf 86' lang='lat' dir='ltr'>incognitis</span> <span class='ocrx_word' id='word_1_162' title='bbox 1258 2582 1417 2664; x_wconf 90' lang='lat' dir='ltr'>judicant,</span> 
     </span>
     <span class='ocr_line' id='line_1_20' title="bbox 266 2686 1417 2772; baseline -0.003 -20"><span class='ocrx_word' id='word_1_163' title='bbox 266 2698 300 2752; x_wconf 91' lang='lat' dir='ltr'>et</span> <span class='ocrx_word' id='word_1_164' title='bbox 319 2689 362 2753; x_wconf 90' lang='lat' dir='ltr'>ad</span> <span class='ocrx_word' id='word_1_165' title='bbox 380 2709 626 2772; x_wconf 87' lang='lat' dir='ltr'>quamcumque</span> <span class='ocrx_word' id='word_1_166' title='bbox 647 2699 723 2753; x_wconf 91' lang='lat' dir='ltr'>sunt</span> <span class='ocrx_word' id='word_1_167' title='bbox 745 2688 952 2770; x_wconf 85' lang='lat' dir='ltr'>disciplinam</span> <span class='ocrx_word' id='word_1_168' title='bbox 977 2689 1071 2772; x_wconf 91' lang='lat' dir='ltr'>quasi</span> <span class='ocrx_word' id='word_1_169' title='bbox 1093 2698 1291 2772; x_wconf 90' lang='lat' dir='ltr'>tempestate</span> <span class='ocrx_word' id='word_1_170' title='bbox 1307 2686 1417 2764; x_wconf 89' lang='lat' dir='ltr'>delati,</span> 
     </span>
     <span class='ocr_line' id='line_1_21' title="bbox 269 2791 1418 2877; baseline -0.003 -20"><span class='ocrx_word' id='word_1_171' title='bbox 269 2803 429 2877; x_wconf 90' lang='lat' dir='ltr'>tanquam</span> <span class='ocrx_word' id='word_1_172' title='bbox 455 2794 498 2857; x_wconf 91' lang='lat' dir='ltr'>ad</span> <span class='ocrx_word' id='word_1_173' title='bbox 528 2813 649 2856; x_wconf 87' lang='lat' dir='ltr'>saxum</span> <span class='ocrx_word' id='word_1_174' title='bbox 678 2792 931 2870; x_wconf 84' lang='lat' dir='ltr'>inhaerescunt3</span> <span class='ocrx_word' id='word_1_175' title='bbox 966 2793 1114 2877; x_wconf 90' lang='lat' dir='ltr'>plerique</span> <span class='ocrx_word' id='word_1_176' title='bbox 1143 2813 1252 2856; x_wconf 90' lang='lat' dir='ltr'>errare</span> <span class='ocrx_word' id='word_1_177' title='bbox 1282 2791 1418 2866; x_wconf 89' lang='lat' dir='ltr'>malunt,</span> 
     </span>
     <span class='ocr_line' id='line_1_22' title="bbox 267 2895 1419 2981; baseline -0.003 -19"><span class='ocrx_word' id='word_1_178' title='bbox 267 2917 409 2978; x_wconf 87' lang='lat' dir='ltr'>eamque</span> <span class='ocrx_word' id='word_1_179' title='bbox 422 2897 632 2970; x_wconf 72' lang='lat' dir='ltr'>,sententiam</span> <span class='ocrx_word' id='word_1_180' title='bbox 660 2916 761 2981; x_wconf 90' lang='lat' dir='ltr'>quam</span> <span class='ocrx_word' id='word_1_181' title='bbox 790 2907 983 2961; x_wconf 89' lang='lat' dir='ltr'>amaverunt</span> <span class='ocrx_word' id='word_1_182' title='bbox 1010 2895 1196 2970; x_wconf 81' lang='lat' dir='ltr'>defendere,</span> <span class='ocrx_word' id='word_1_183' title='bbox 1222 2916 1323 2979; x_wconf 90' lang='lat' dir='ltr'>quam</span> <span class='ocrx_word' id='word_1_184' title='bbox 1349 2897 1419 2959; x_wconf 92' lang='lat' dir='ltr'>sine</span> 
     </span>
     <span class='ocr_line' id='line_1_23' title="bbox 266 2998 1420 3086; baseline -0.003 -21"><span class='ocrx_word' id='word_1_185' title='bbox 266 3001 445 3086; x_wconf 89' lang='lat' dir='ltr'>pertinacia</span> <span class='ocrx_word' id='word_1_186' title='bbox 460 3001 648 3085; x_wconf 88' lang='lat' dir='ltr'>perquirere</span> <span class='ocrx_word' id='word_1_187' title='bbox 660 3002 739 3085; x_wconf 91' lang='lat' dir='ltr'>quid</span> <span class='ocrx_word' id='word_1_188' title='bbox 751 3002 1018 3066; x_wconf 89' lang='lat' dir='ltr'>constantissime</span> <span class='ocrx_word' id='word_1_189' title='bbox 1029 3003 1142 3065; x_wconf 92' lang='lat' dir='ltr'>dicant</span> <span class='ocrx_word' id='word_1_190' title='bbox 1152 2998 1186 3062; x_wconf 79' lang='lat'>⁴.&#39;</span> <span class='ocrx_word' id='word_1_191' title='bbox 1222 3001 1268 3064; x_wconf 86' lang='lat' dir='ltr'>Et</span> <span class='ocrx_word' id='word_1_192' title='bbox 1283 3011 1420 3084; x_wconf 89' lang='lat' dir='ltr'>propter</span> 
     </span>
     <span class='ocr_line' id='line_1_24' title="bbox 267 3105 1418 3191; baseline -0.002 -23"><span class='ocrx_word' id='word_1_193' title='bbox 267 3106 466 3191; x_wconf 89' lang='lat' dir='ltr'>pravitatem</span> <span class='ocrx_word' id='word_1_194' title='bbox 487 3105 734 3170; x_wconf 88' lang='lat' dir='ltr'>consuetudinis</span> <span class='ocrx_word' id='word_1_195' title='bbox 754 3107 903 3189; x_wconf 90' lang='lat' dir='ltr'>queritur</span> <span class='ocrx_word' id='word_1_196' title='bbox 923 3107 957 3169; x_wconf 91' lang='lat' dir='ltr'>in</span> <span class='ocrx_word' id='word_1_197' title='bbox 978 3106 1086 3189; x_wconf 78' lang='lat' dir='ltr'>prImo</span> <span class='ocrx_word' id='word_1_198' title='bbox 1102 3106 1144 3170; x_wconf 89' lang='lat' dir='ltr'>de</span> <span class='ocrx_word' id='word_1_199' title='bbox 1159 3105 1271 3169; x_wconf 93' lang='lat' dir='ltr'>divina</span> <span class='ocrx_word' id='word_1_200' title='bbox 1291 3115 1418 3178; x_wconf 88' lang='lat' dir='ltr'>natura,</span> 
     </span>
     <span class='ocr_line' id='line_1_25' title="bbox 267 3208 1419 3294; baseline -0.002 -22"><span class='ocrx_word' id='word_1_201' title='bbox 267 3217 355 3273; x_wconf 91' lang='lat' dir='ltr'>‘non</span> <span class='ocrx_word' id='word_1_202' title='bbox 386 3211 490 3294; x_wconf 90' lang='lat' dir='ltr'>pudet</span> <span class='ocrx_word' id='word_1_203' title='bbox 519 3211 762 3293; x_wconf 89' lang='lat' dir='ltr'>speculatorem</span> <span class='ocrx_word' id='word_1_204' title='bbox 793 3219 930 3274; x_wconf 90' lang='lat' dir='ltr'>naturae</span> <span class='ocrx_word' id='word_1_205' title='bbox 960 3211 1003 3274; x_wconf 94' lang='lat' dir='ltr'>ab</span> <span class='ocrx_word' id='word_1_206' title='bbox 1033 3209 1151 3272; x_wconf 91' lang='lat' dir='ltr'>animis</span> <span class='ocrx_word' id='word_1_207' title='bbox 1182 3208 1419 3273; x_wconf 89' lang='lat' dir='ltr'>consuetudine</span> 
     </span>
     <span class='ocr_line' id='line_1_26' title="bbox 267 3311 1420 3398; baseline -0.001 -22"><span class='ocrx_word' id='word_1_208' title='bbox 267 3314 404 3378; x_wconf 91' lang='lat' dir='ltr'>imbutis</span> <span class='ocrx_word' id='word_1_209' title='bbox 427 3322 540 3398; x_wconf 92' lang='lat' dir='ltr'>petere</span> <span class='ocrx_word' id='word_1_210' title='bbox 563 3314 790 3378; x_wconf 90' lang='lat' dir='ltr'>testimonium</span> <span class='ocrx_word' id='word_1_211' title='bbox 806 3314 952 3377; x_wconf 90' lang='lat' dir='ltr'>veritatis</span> <span class='ocrx_word' id='word_1_212' title='bbox 963 3312 993 3377; x_wconf 80' lang='lat'>⁵.’</span> <span class='ocrx_word' id='word_1_213' title='bbox 1040 3313 1086 3378; x_wconf 91' lang='lat' dir='ltr'>Et</span> <span class='ocrx_word' id='word_1_214' title='bbox 1106 3323 1222 3378; x_wconf 90' lang='lat' dir='ltr'>contra</span> <span class='ocrx_word' id='word_1_215' title='bbox 1237 3311 1326 3396; x_wconf 86' lang='lat' dir='ltr'>vulgi</span> <span class='ocrx_word' id='word_1_216' title='bbox 1345 3332 1420 3375; x_wconf 89' lang='lat' dir='ltr'>sen·</span> 
     </span>
     <span class='ocr_line' id='line_1_27' title="bbox 267 3416 1420 3502; baseline -0.003 -20"><span class='ocrx_word' id='word_1_217' title='bbox 267 3438 341 3482; x_wconf 92' lang='lat' dir='ltr'>sum</span> <span class='ocrx_word' id='word_1_218' title='bbox 370 3419 451 3482; x_wconf 92' lang='lat' dir='ltr'>dicit</span> <span class='ocrx_word' id='word_1_219' title='bbox 485 3419 635 3502; x_wconf 90' lang='lat' dir='ltr'>proemio</span> <span class='ocrx_word' id='word_1_220' title='bbox 668 3419 804 3482; x_wconf 89' lang='lat' dir='ltr'>secundi</span> <span class='ocrx_word' id='word_1_221' title='bbox 835 3418 1078 3500; x_wconf 75' lang='lat' dir='ltr'>quaestionum,</span> <span class='ocrx_word' id='word_1_222' title='bbox 1108 3416 1318 3502; x_wconf 91' lang='lat' dir='ltr'>philosophia</span> <span class='ocrx_word' id='word_1_223' title='bbox 1348 3422 1420 3479; x_wconf 90' lang='lat' dir='ltr'>‘est</span> 
     </span>
     <span class='ocr_line' id='line_1_28' title="bbox 268 3520 1419 3606; baseline -0.003 -20"><span class='ocrx_word' id='word_1_224' title='bbox 268 3523 381 3606; x_wconf 90' lang='lat' dir='ltr'>paucis</span> <span class='ocrx_word' id='word_1_225' title='bbox 390 3532 546 3587; x_wconf 91' lang='lat' dir='ltr'>contenta</span> <span class='ocrx_word' id='word_1_226' title='bbox 554 3523 730 3605; x_wconf 84' lang='lat' dir='ltr'>judicibus,</span> <span class='ocrx_word' id='word_1_227' title='bbox 740 3522 989 3586; x_wconf 91' lang='lat' dir='ltr'>multitudinem</span> <span class='ocrx_word' id='word_1_228' title='bbox 1003 3522 1110 3606; x_wconf 85' lang='lat' dir='ltr'>ipsam</span> <span class='ocrx_word' id='word_1_229' title='bbox 1122 3520 1272 3586; x_wconf 90' lang='lat' dir='ltr'>consulto</span> <span class='ocrx_word' id='word_1_230' title='bbox 1281 3521 1419 3605; x_wconf 86' lang='lat' dir='ltr'>fugiens,</span> 
     </span>
     <span class='ocr_line' id='line_1_29' title="bbox 267 3625 1418 3712; baseline -0.002 -22"><span class='ocrx_word' id='word_1_231' title='bbox 267 3628 364 3710; x_wconf 91' lang='lat' dir='ltr'>eique</span> <span class='ocrx_word' id='word_1_232' title='bbox 382 3637 537 3712; x_wconf 90' lang='lat' dir='ltr'>suspecta</span> <span class='ocrx_word' id='word_1_233' title='bbox 552 3635 586 3691; x_wconf 90' lang='lat' dir='ltr'>et</span> <span class='ocrx_word' id='word_1_234' title='bbox 602 3628 705 3691; x_wconf 91' lang='lat' dir='ltr'>invisa</span> <span class='ocrx_word' id='word_1_235' title='bbox 715 3627 746 3703; x_wconf 81' lang='lat'>⁶,’</span> <span class='ocrx_word' id='word_1_236' title='bbox 762 3636 796 3692; x_wconf 89' lang='lat' dir='ltr'>et</span> <span class='ocrx_word' id='word_1_237' title='bbox 818 3627 851 3691; x_wconf 92' lang='lat' dir='ltr'>in</span> <span class='ocrx_word' id='word_1_238' title='bbox 872 3627 991 3691; x_wconf 90' lang='lat' dir='ltr'>eodem</span> <span class='ocrx_word' id='word_1_239' title='bbox 1011 3627 1094 3691; x_wconf 92' lang='lat' dir='ltr'>libro</span> <span class='ocrx_word' id='word_1_240' title='bbox 1110 3627 1167 3705; x_wconf 90' lang='lat' dir='ltr'>ait,</span> <span class='ocrx_word' id='word_1_241' title='bbox 1182 3625 1418 3690; x_wconf 90' lang='lat' dir='ltr'>‘laudabiliora</span> 
     </span>
     <span class='ocr_line' id='line_1_30' title="bbox 267 3728 1419 3816; baseline -0.001 -22"><span class='ocrx_word' id='word_1_242' title='bbox 267 3732 347 3794; x_wconf 91' lang='lat' dir='ltr'>mihi</span> <span class='ocrx_word' id='word_1_243' title='bbox 362 3731 515 3795; x_wconf 90' lang='lat' dir='ltr'>videntur</span> <span class='ocrx_word' id='word_1_244' title='bbox 530 3733 641 3795; x_wconf 90' lang='lat' dir='ltr'>omnia</span> <span class='ocrx_word' id='word_1_245' title='bbox 656 3753 742 3814; x_wconf 88' lang='lat' dir='ltr'>quae</span> <span class='ocrx_word' id='word_1_246' title='bbox 762 3733 832 3795; x_wconf 91' lang='lat' dir='ltr'>sine</span> <span class='ocrx_word' id='word_1_247' title='bbox 852 3733 980 3816; x_wconf 92' lang='lat' dir='ltr'>populo</span> <span class='ocrx_word' id='word_1_248' title='bbox 995 3742 1081 3796; x_wconf 89' lang='lat' dir='ltr'>teste</span> <span class='ocrx_word' id='word_1_249' title='bbox 1102 3729 1227 3795; x_wconf 83' lang='lat' dir='ltr'>fiunt⁷.&#39;</span> <span class='ocrx_word' id='word_1_250' title='bbox 1274 3728 1341 3795; x_wconf 88' lang='lat' dir='ltr'>Sed</span> <span class='ocrx_word' id='word_1_251' title='bbox 1363 3730 1419 3795; x_wconf 90' lang='lat' dir='ltr'>alii</span> 
     </span>
     <span class='ocr_line' id='line_1_31' title="bbox 267 3834 1419 3920; baseline 0 -22"><span class='ocrx_word' id='word_1_252' title='bbox 267 3836 398 3899; x_wconf 91' lang='lat' dir='ltr'>divisim</span> <span class='ocrx_word' id='word_1_253' title='bbox 420 3835 503 3900; x_wconf 91' lang='lat' dir='ltr'>haec</span> <span class='ocrx_word' id='word_1_254' title='bbox 522 3837 586 3899; x_wconf 87' lang='lat' dir='ltr'>tria</span> <span class='ocrx_word' id='word_1_255' title='bbox 608 3847 859 3920; x_wconf 87' lang='lat' dir='ltr'>persequuntur.</span> <span class='ocrx_word' id='word_1_256' title='bbox 905 3836 994 3899; x_wconf 90' lang='lat' dir='ltr'>Nam</span> <span class='ocrx_word' id='word_1_257' title='bbox 1014 3837 1047 3898; x_wconf 90' lang='lat' dir='ltr'>in</span> <span class='ocrx_word' id='word_1_258' title='bbox 1071 3835 1156 3899; x_wconf 94' lang='lat' dir='ltr'>libro</span> <span class='ocrx_word' id='word_1_259' title='bbox 1176 3834 1419 3917; x_wconf 89' lang='lat' dir='ltr'>Quaestionum</span> 
     </span>
     <span class='ocr_line' id='line_1_32' title="bbox 267 3939 1420 4025; baseline 0.001 -20"><span class='ocrx_word' id='word_1_260' title='bbox 267 3941 479 4005; x_wconf 89' lang='lat' dir='ltr'>Naturalium</span> <span class='ocrx_word' id='word_1_261' title='bbox 491 3939 610 4004; x_wconf 86' lang='lat' dir='ltr'>Alardi</span> <span class='ocrx_word' id='word_1_262' title='bbox 620 3939 632 3976; x_wconf 79' lang='lat'>⁸</span> <span class='ocrx_word' id='word_1_263' title='bbox 644 3942 815 4025; x_wconf 89' lang='lat' dir='ltr'>quaeritur</span> <span class='ocrx_word' id='word_1_264' title='bbox 826 3942 868 4004; x_wconf 92' lang='lat' dir='ltr'>de</span> <span class='ocrx_word' id='word_1_265' title='bbox 879 3942 1078 4007; x_wconf 89' lang='lat' dir='ltr'>auctoritate</span> <span class='ocrx_word' id='word_1_266' title='bbox 1097 3940 1223 4024; x_wconf 84' lang='lat' dir='ltr'>fragili:</span> <span class='ocrx_word' id='word_1_267' title='bbox 1247 3940 1355 4023; x_wconf 86' lang='lat' dir='ltr'>‘Quid</span> <span class='ocrx_word' id='word_1_268' title='bbox 1368 3950 1420 4006; x_wconf 90' lang='lat' dir='ltr'>est</span> 
     </span>
    </p>
   </div>
   <div class='ocr_carea' id='block_1_3' title="bbox 268 4161 1421 4784">
    <p class='ocr_par' dir='ltr' id='par_1_3' title="bbox 300 4161 615 4225">
     <span class='ocr_line' id='line_1_33' title="bbox 300 4161 615 4225; baseline 0.006 -15"><span class='ocrx_word' id='word_1_269' title='bbox 300 4162 308 4190; x_wconf 92' lang='lat'>¹</span> <span class='ocrx_word' id='word_1_270' title='bbox 326 4161 437 4225; x_wconf 79' lang='lat' dir='ltr'>Seneca,</span> <span class='ocrx_word' id='word_1_271' title='bbox 448 4161 516 4212; x_wconf 81' lang='lat' dir='ltr'>Dial.</span> <span class='ocrx_word' id='word_1_272' title='bbox 530 4163 563 4212; x_wconf 93' lang='lat' dir='ltr'>iv.</span> <span class='ocrx_word' id='word_1_273' title='bbox 577 4163 615 4212; x_wconf 82' lang='lat'>18.</span> 
     </span>
    </p>

    <p class='ocr_par' dir='ltr' id='par_1_4' title="bbox 299 4239 1064 4306">
     <span class='ocr_line' id='line_1_34' title="bbox 299 4239 1064 4306; baseline 0.005 -18"><span class='ocrx_word' id='word_1_274' title='bbox 299 4239 310 4268; x_wconf 85' lang='lat'><strong>¹</strong></span> <span class='ocrx_word' id='word_1_275' title='bbox 325 4240 413 4288; x_wconf 68' lang='lat' dir='ltr'>These</span> <span class='ocrx_word' id='word_1_276' title='bbox 424 4256 547 4302; x_wconf 66' lang='lat' dir='ltr'>pamages</span> <span class='ocrx_word' id='word_1_277' title='bbox 557 4257 601 4290; x_wconf 78' lang='lat' dir='ltr'>are</span> <span class='ocrx_word' id='word_1_278' title='bbox 613 4241 678 4291; x_wconf 85' lang='lat' dir='ltr'>from</span> <span class='ocrx_word' id='word_1_279' title='bbox 691 4241 802 4306; x_wconf 78' lang='lat' dir='ltr'>Seneca,</span> <span class='ocrx_word' id='word_1_280' title='bbox 815 4241 883 4291; x_wconf 80' lang='lat' dir='ltr'>Dr&#39;al.</span> <span class='ocrx_word' id='word_1_281' title='bbox 896 4241 937 4294; x_wconf 91' lang='lat' dir='ltr'>vii.</span> <span class='ocrx_word' id='word_1_282' title='bbox 952 4259 963 4292; x_wconf 87' lang='lat'>1</span> <span class='ocrx_word' id='word_1_283' title='bbox 977 4244 1029 4292; x_wconf 85' lang='lat' dir='ltr'>and</span> <span class='ocrx_word' id='word_1_284' title='bbox 1041 4259 1064 4292; x_wconf 82' lang='lat' dir='ltr'>a.</span> 
     </span>
    </p>

    <p class='ocr_par' dir='ltr' id='par_1_5' title="bbox 300 4317 787 4383">
     <span class='ocr_line' id='line_1_35' title="bbox 300 4317 787 4383; baseline 0.002 -15"><span class='ocrx_word' id='word_1_285' title='bbox 300 4319 310 4347; x_wconf 81' lang='lat'><strong>³</strong></span> <span class='ocrx_word' id='word_1_286' title='bbox 326 4319 378 4368; x_wconf 79' lang='lat' dir='ltr'>Cic</span> <span class='ocrx_word' id='word_1_287' title='bbox 396 4317 466 4368; x_wconf 84' lang='lat' dir='ltr'>Tusc.</span> <span class='ocrx_word' id='word_1_288' title='bbox 479 4319 579 4383; x_wconf 81' lang='lat' dir='ltr'>Disput.</span> <span class='ocrx_word' id='word_1_289' title='bbox 592 4319 636 4368; x_wconf 90' lang='lat' dir='ltr'>lib.</span> <span class='ocrx_word' id='word_1_290' title='bbox 649 4320 683 4370; x_wconf 84' lang='lat' dir='ltr'>iii.</span> <span class='ocrx_word' id='word_1_291' title='bbox 695 4335 752 4382; x_wconf 78' lang='lat' dir='ltr'>cap.</span> <span class='ocrx_word' id='word_1_292' title='bbox 766 4335 787 4370; x_wconf 90' lang='lat'>1.</span> 
     </span>
    </p>

    <p class='ocr_par' dir='ltr' id='par_1_6' title="bbox 268 4397 1420 4540">
     <span class='ocr_line' id='line_1_36' title="bbox 300 4397 1420 4463; baseline 0.003 -18"><span class='ocrx_word' id='word_1_293' title='bbox 300 4397 446 4446; x_wconf 61' lang='lat' dir='ltr'>‘Araden</span> <span class='ocrx_word' id='word_1_294' title='bbox 459 4397 589 4458; x_wconf 72' lang='lat' dir='ltr'>Prienam,</span> <span class='ocrx_word' id='word_1_295' title='bbox 600 4399 643 4449; x_wconf 83' lang='lat' dir='ltr'>lrb.</span> <span class='ocrx_word' id='word_1_296' title='bbox 655 4399 680 4448; x_wconf 91' lang='lat' dir='ltr'>ii.</span> <span class='ocrx_word' id='word_1_297' title='bbox 694 4413 718 4460; x_wconf 76' lang='lat'>3.</span> <span class='ocrx_word' id='word_1_298' title='bbox 752 4399 885 4449; x_wconf 76' lang='lat' dir='ltr'>Thinisa</span> <span class='ocrx_word' id='word_1_299' title='bbox 902 4399 1026 4449; x_wconf 85' lang='lat' dir='ltr'>selection</span> <span class='ocrx_word' id='word_1_300' title='bbox 1043 4399 1073 4449; x_wconf 94' lang='lat' dir='ltr'>of</span> <span class='ocrx_word' id='word_1_301' title='bbox 1086 4408 1139 4449; x_wconf 86' lang='lat' dir='ltr'>two</span> <span class='ocrx_word' id='word_1_302' title='bbox 1157 4415 1282 4463; x_wconf 84' lang='lat' dir='ltr'>passages</span> <span class='ocrx_word' id='word_1_303' title='bbox 1297 4399 1361 4448; x_wconf 86' lang='lat' dir='ltr'>from</span> <span class='ocrx_word' id='word_1_304' title='bbox 1376 4400 1420 4448; x_wconf 87' lang='lat' dir='ltr'>the</span> 
     </span>
     <span class='ocr_line' id='line_1_37' title="bbox 268 4476 1061 4540; baseline 0.001 -14"><span class='ocrx_word' id='word_1_305' title='bbox 268 4477 382 4539; x_wconf 78' lang='lat' dir='ltr'>chapter.</span> <span class='ocrx_word' id='word_1_306' title='bbox 415 4476 471 4524; x_wconf 83' lang='lat' dir='ltr'>The</span> <span class='ocrx_word' id='word_1_307' title='bbox 483 4477 618 4538; x_wconf 79' lang='lat' dir='ltr'>quotation</span> <span class='ocrx_word' id='word_1_308' title='bbox 630 4477 653 4525; x_wconf 85' lang='lat' dir='ltr'>is</span> <span class='ocrx_word' id='word_1_309' title='bbox 664 4484 711 4525; x_wconf 90' lang='lat' dir='ltr'>not</span> <span class='ocrx_word' id='word_1_310' title='bbox 723 4477 834 4540; x_wconf 85' lang='lat' dir='ltr'>entirely</span> <span class='ocrx_word' id='word_1_311' title='bbox 845 4487 973 4527; x_wconf 79' lang='lat' dir='ltr'>accurate.</span> <span class='ocrx_word' id='word_1_312' title='bbox 1058 4497 1061 4502; x_wconf 91' lang='lat'>·</span> 
     </span>
    </p>

    <p class='ocr_par' dir='ltr' id='par_1_7' title="bbox 300 4558 1355 4625">
     <span class='ocr_line' id='line_1_38' title="bbox 300 4558 1355 4625; baseline 0.002 -19"><span class='ocrx_word' id='word_1_313' title='bbox 300 4559 490 4607; x_wconf 78' lang='lat' dir='ltr'>’DeDeomm</span> <span class='ocrx_word' id='word_1_314' title='bbox 501 4559 611 4618; x_wconf 81' lang='lat' dir='ltr'>Natum,</span> <span class='ocrx_word' id='word_1_315' title='bbox 624 4561 639 4609; x_wconf 77' lang='lat' dir='ltr'>i,</span> <span class='ocrx_word' id='word_1_316' title='bbox 653 4575 694 4621; x_wconf 81' lang='lat'>30.</span> <span class='ocrx_word' id='word_1_317' title='bbox 907 4558 1008 4611; x_wconf 75' lang='lat' dir='ltr'>‘Tusa</span> <span class='ocrx_word' id='word_1_318' title='bbox 1020 4561 1093 4625; x_wconf 78' lang='lat' dir='ltr'>Di&#39;sp.</span> <span class='ocrx_word' id='word_1_319' title='bbox 1105 4561 1147 4611; x_wconf 89' lang='lat' dir='ltr'>lib.</span> <span class='ocrx_word' id='word_1_320' title='bbox 1161 4561 1184 4610; x_wconf 81' lang='lat' dir='ltr'>ii</span> <span class='ocrx_word' id='word_1_321' title='bbox 1198 4575 1253 4622; x_wconf 80' lang='lat' dir='ltr'>cap.</span> <span class='ocrx_word' id='word_1_322' title='bbox 1269 4575 1291 4620; x_wconf 92' lang='lat'>1,</span> <span class='ocrx_word' id='word_1_323' title='bbox 1305 4563 1318 4620; x_wconf 66' lang='lat' dir='ltr'>t</span> <span class='ocrx_word' id='word_1_324' title='bbox 1331 4579 1355 4621; x_wconf 85' lang='lat'>4.</span> 
     </span>
    </p>

    <p class='ocr_par' dir='ltr' id='par_1_8' title="bbox 300 4635 626 4700">
     <span class='ocr_line' id='line_1_39' title="bbox 300 4635 626 4700; baseline 0.006 -15"><span class='ocrx_word' id='word_1_325' title='bbox 300 4635 311 4664; x_wconf 80' lang='lat'>&#39;</span> <span class='ocrx_word' id='word_1_326' title='bbox 329 4637 383 4686; x_wconf 87' lang='lat' dir='ltr'>Lib.</span> <span class='ocrx_word' id='word_1_327' title='bbox 396 4638 421 4686; x_wconf 89' lang='lat' dir='ltr'>ii.</span> <span class='ocrx_word' id='word_1_328' title='bbox 434 4653 490 4700; x_wconf 80' lang='lat' dir='ltr'>cap.</span> <span class='ocrx_word' id='word_1_329' title='bbox 503 4638 544 4699; x_wconf 73' lang='lat'>26,</span> <span class='ocrx_word' id='word_1_330' title='bbox 560 4640 626 4698; x_wconf 68' lang='lat'><strong>5⁶⁴·</strong></span> 
     </span>
    </p>

    <p class='ocr_par' dir='ltr' id='par_1_9' title="bbox 300 4719 1421 4784">
     <span class='ocr_line' id='line_1_40' title="bbox 300 4719 1421 4784; baseline 0.002 -15"><span class='ocrx_word' id='word_1_331' title='bbox 300 4719 393 4781; x_wconf 77' lang='lat' dir='ltr'>&#39;jebb</span> <span class='ocrx_word' id='word_1_332' title='bbox 410 4721 458 4770; x_wconf 77' lang='lat' dir='ltr'>has</span> <span class='ocrx_word' id='word_1_333' title='bbox 475 4719 566 4781; x_wconf 68' lang='lat' dir='ltr'>Mardi,</span> <span class='ocrx_word' id='word_1_334' title='bbox 577 4737 594 4770; x_wconf 85' lang='lat' dir='ltr'>a</span> <span class='ocrx_word' id='word_1_335' title='bbox 606 4721 819 4784; x_wconf 78' lang='lat' dir='ltr'>mistekewbicb,</span> <span class='ocrx_word' id='word_1_336' title='bbox 833 4722 856 4771; x_wconf 93' lang='lat' dir='ltr'>if</span> <span class='ocrx_word' id='word_1_337' title='bbox 868 4721 903 4771; x_wconf 87' lang='lat' dir='ltr'>he</span> <span class='ocrx_word' id='word_1_338' title='bbox 920 4721 971 4771; x_wconf 81' lang='lat' dir='ltr'>had</span> <span class='ocrx_word' id='word_1_339' title='bbox 988 4722 1038 4770; x_wconf 78' lang='lat' dir='ltr'>hed</span> <span class='ocrx_word' id='word_1_340' title='bbox 1056 4722 1102 4772; x_wconf 87' lang='lat' dir='ltr'>the</span> <span class='ocrx_word' id='word_1_341' title='bbox 1120 4720 1220 4772; x_wconf 81' lang='lat' dir='ltr'>Oxford</span> <span class='ocrx_word' id='word_1_342' title='bbox 1238 4720 1315 4772; x_wconf 72' lang='lat' dir='ltr'>MSS.</span> <span class='ocrx_word' id='word_1_343' title='bbox 1332 4720 1421 4771; x_wconf 79' lang='lat' dir='ltr'>before</span> 
     </span>
    </p>
   </div>
   <div class='ocr_carea' id='block_1_4' title="bbox 0 0 1796 5375">
    <p class='ocr_par' dir='ltr' id='par_1_10' title="bbox 0 0 1796 5375">
     <span class='ocr_line' id='line_1_41' title="bbox 0 0 1796 5375; baseline 0 0"><span class='ocrx_word' id='word_1_344' title='bbox 0 0 1796 5375; x_wconf 95' lang='lat' dir='ltr'> </span> 
     </span>
    </p>
   </div>
  </div>
 </body>
</html>
