3575 5375
348 617 409 696 264
572 619 729 679 OPERIS
754 619 943 690 MAJORIS
967 619 1082 677 PARS
1106 617 1291 692 QUARTA.

351 780 557 846 Mercurialis
587 784 819 864 producendae
849 783 881 846 in
909 783 1069 846 mundum
1092 802 1152 864 per
1174 781 1372 866 prophetam
1396 780 1504 847 nasci·

351 894 462 949 turum
480 887 521 950 de
547 886 673 970 virgine
691 887 818 968 absque
841 886 941 949 maris
961 885 1211 960 commixtione,
1232 904 1333 968 quam
1357 885 1503 949 suturam

350 1008 424 1053 esse
445 990 612 1072 praedixit
635 989 825 1074 postillam
856 989 1124 1073 conjunctionem
1155 1011 1213 1074 per
1235 1009 1339 1055 annos
1360 1009 1433 1067 sex,
1457 988 1505 1052 ita

354 1094 446 1176 quod
489 1093 670 1157 secundum
709 1095 818 1177 ipsum
857 1102 1047 1158 nasceretur
1083 1115 1163 1156 xxx
1200 1115 1288 1157 anno
1326 1093 1504 1159 Octaviani

350 1197 507 1280 Augusti.
555 1197 642 1263 Nam
673 1198 721 1261 xii
747 1198 824 1262 anni
851 1197 1020 1262 fluxerunt
1045 1219 1065 1262 a
1090 1208 1198 1262 morte
1222 1197 1304 1278 Julii
1328 1217 1435 1280 usque
1460 1197 1505 1260 ad

353 1301 492 1367 Actium
518 1301 653 1379 bellum,
671 1302 704 1366 in
727 1323 796 1385 quo
820 1302 919 1385 plene
938 1302 1082 1366 obtinuit
1101 1302 1276 1384 imperium
1298 1302 1505 1367 Octavianus

352 1406 536 1490 Augustus.
582 1406 672 1469 Nam
688 1417 766 1470 ante
784 1407 890 1489 magis
910 1405 1073 1470 laboravit
1093 1415 1131 1469 nt
1151 1407 1337 1488 acquireret
1356 1425 1505 1488 reguum,

352 1530 453 1593 quam
485 1511 642 1593 possedit.
689 1510 735 1573 Et
767 1520 846 1575 tunc
885 1508 1037 1574 Christus
1070 1510 1134 1575 luit
1163 1519 1261 1575 natus
1299 1531 1375 1573 xxx
1415 1529 1505 1573 anno

355 1613 542 1678 Octaviani.
588 1613 625 1678 Si
644 1634 724 1678 vero
743 1624 980 1697 computentur
999 1614 1046 1679 illi
1065 1615 1113 1677 xii
1130 1615 1206 1677 anni
1226 1617 1269 1678 de
1289 1633 1393 1695 regno
1422 1613 1507 1696 ejus,

355 1727 433 1781 tunc
458 1716 610 1782 Christus
632 1715 694 1782 suit
716 1728 813 1783 natus
834 1718 895 1782 xlii
917 1738 1006 1782 anno
1031 1718 1186 1801 Augusti,
1208 1719 1389 1783 secundum
1413 1718 1505 1799 quod

355 1821 409 1884 alii
433 1831 628 1906 computant
685 1821 752 1887 Sed
775 1823 808 1886 in
832 1823 919 1888 idem
943 1824 1037 1888 redit.
1083 1822 1196 1887 Gessit
1218 1823 1306 1886 enirn
1328 1822 1506 1905 Augustus

355 1927 502 2010 quinque
524 1926 611 1990 bella
634 1927 742 1991 civilia
764 1947 886 2011 magna
908 1926 990 1991 infra
1012 1926 1085 1991 illos
1107 1928 1155 1991 xii
1179 1946 1296 2003 annos,
1311 1936 1348 1990 ut
1371 1938 1508 1989 narrant

356 2030 520 2109 historiae,
536 2041 570 2095 et
594 2032 741 2096 maxime
765 2031 903 2096 Orosius
931 2032 965 2094 in
991 2031 1077 2096 libro
1100 2032 1143 2095 de
1173 2029 1352 2095 Ormestal
1374 2029 1506 2093 Mundi.

358 2135 524 2200 Ultimum
534 2155 614 2200 vero
629 2133 690 2200 luit
704 2138 748 2200 ad
761 2135 908 2210 Actium,
924 2135 957 2199 in
969 2155 1038 2217 quo
1054 2135 1238 2200 Antonium
1248 2145 1283 2198 et
1294 2134 1508 2216 Cleopatram

355 2240 476 2304 devicit
492 2249 525 2303 et
540 2240 667 2322 quievit
687 2240 860 2322 imperium
883 2239 917 2302 irr
938 2260 1030 2323 pace.
1074 2239 1232 2322 Loquens
1251 2239 1351 2322 igitur
1367 2236 1509 2302 Ovidius

356 2345 398 2408 de
421 2343 653 2426 conjunctione
683 2344 808 2427 majore
834 2354 868 2408 et
889 2342 956 2408 sere
985 2343 1133 2407 maxima
1154 2343 1236 2407 dicit
1259 2343 1293 2406 in
1315 2352 1423 2406 metro
1445 2361 1509 2405 suo

356 2447 419 2512 hoc
444 2449 552 2528 mod0,

465 2611 563 2676 ‘Una
586 2612 719 2695 quidem
742 2611 819 2674 talis
841 2610 935 2675 fatali
958 2621 1111 2696 tempore
1135 2631 1241 2694 nuper

489 2716 637 2781 Caesaris
662 2716 808 2799 Augusti
829 2716 890 2781 luit
913 2737 1002 2781 anno
1025 2716 1076 2781 bis
1098 2717 1253 2780 duodeno

488 2820 523 2883 A
547 2821 639 2901 regni
662 2822 810 2885 novitate
832 2821 893 2899 sui,
917 2841 1004 2902 quae
1026 2819 1225 2903 significavit

489 2924 568 2988 Post
590 2944 713 2988 annum
738 2936 871 2988 sextum
896 2926 985 2989 nasci
1010 2925 1131 2989 debere
1152 2924 1361 3009 prophetam,

486 3028 629 3111 Absque
650 3030 750 3094 maris
773 3032 862 3095 coitu
885 3031 928 3095 de
949 3030 1087 3112 virgine,
1110 3030 1203 3112 cujus
1224 3029 1366 3093 habetur

491 3132 619 3215 Typus‚
644 3133 691 3197 uti
713 3133 789 3216 plus
811 3134 968 3197 Mercurii
990 3135 1041 3197 vis
1064 3132 1314 3216 multiplicatur.

492 3236 595 3319 Cujus
618 3238 679 3302 erit
702 3259 839 3303 concors
861 3238 1050 3321 complexio
1072 3239 1180 3321 prima
1202 3236 1333 3301 suturae

492 3342 613 3407 Sectae
636 3362 713 3405 nam
736 3362 901 3425 nusquam
925 3343 968 3405 de
991 3342 1094 3425 signis
1115 3343 1163 3405 sic
1185 3342 1376 3406 dominatur

491 3446 676 3511 Mercurius
698 3448 783 3511 sicut
803 3447 837 3510 in
858 3446 956 3531 signo
977 3444 1142 3531 Virginis’

404 3635 450 3699 Et
488 3635 596 3716 prima
625 3634 724 3699 facies
757 3635 905 3719 Virginis
927 3636 1124 3701 ascendebat
1158 3636 1191 3698 in
1224 3635 1360 3711 oriente,
1379 3634 1514 3716 quando

361 3739 551 3821 conjunctio
587 3738 643 3803 illa
674 3740 762 3804 facta
793 3739 864 3804 fuir.
923 3740 969 3806 Et
1005 3739 1065 3804 suit
1095 3740 1284 3821 conjunctio
1318 3738 1373 3803 illa
1408 3759 1514 3822 prope

361 3854 460 3925 caput
483 3842 616 3906 Arietis.
662 3841 697 3907 Si
720 3844 808 3907 enim
834 3845 1043 3910 revolvamus
1073 3855 1184 3908 motus
1207 3842 1342 3908 Saturni
1364 3853 1399 3907 et
1420 3842 1514 3924 Jovis

361 3948 403 4010 ad
439 3958 573 4030 tempus
611 3947 702 4023 illud,
741 3948 945 4013 inveniemus
982 3969 1039 4014 eos
1076 3947 1174 4013 fuisse
1214 3946 1411 4030 conjunctos
1455 3966 1515 4030 per

362 4050 490 4115 medios
512 4070 625 4115 cursos
647 4073 724 4117 suos
747 4064 826 4116 ante
851 4054 1060 4117 nativitatem
1084 4052 1206 4117 Christi
1232 4072 1293 4135 per
1315 4072 1376 4117 sex
1402 4072 1514 4126 annos,

359 4154 507 4238 quinque
528 4156 611 4229 dies,
627 4168 660 4220 et
682 4165 750 4219 tres
769 4157 868 4220 horas
879 4178 887 4236 ;
915 4168 949 4221 et
969 4168 1040 4222 erat
1061 4157 1189 4221 medius
1209 4176 1323 4221 cursus
1345 4156 1515 4239 utriusque

361 4260 393 4322 in
411 4259 527 4323 Ariete
545 4261 661 4324 decem
676 4262 808 4344 gradus,
823 4260 867 4324 lvi
885 4262 1021 4338 minuta,
1036 4260 1070 4324 lii
1091 4262 1245 4325 secunda.
1292 4260 1423 4325 Medius
1437 4280 1516 4324 vero

394 4421 402 4450 ¹
419 4420 476 4469 The
493 4421 556 4483 title,
572 4421 687 4471 Ormesta
699 4422 799 4485 Mundi,
813 4438 870 4472 was
880 4423 954 4472 osten
970 4422 1076 4485 applied
1086 4430 1116 4472 to
1126 4422 1170 4471 the
1188 4422 1389 4484 encyclopaedic
1399 4422 1474 4471 work
1490 4422 1521 4470 oi

362 4498 481 4548 Orosius.
517 4498 640 4561 Ducange
653 4501 752 4549 throws
764 4508 809 4550 out
821 4501 865 4549 the
877 4501 1030 4562 suggestion
1041 4502 1097 4549 that
1110 4500 1231 4549 Ormesta
1247 4500 1297 4549 isa
1308 4500 1466 4561 misreading
1476 4500 1518 4550 ior

361 4577 512 4639 Orchestra,
520 4593 599 4627 scene
612 4594 642 4627 or
653 4578 791 4641 spectacle.
826 4578 878 4627 But
889 4579 941 4628 this
952 4594 1038 4628 seems
1050 4579 1144 4642 hardly
1151 4596 1167 4628 a
1178 4577 1343 4641 satisfactory
1350 4578 1517 4642 explanation

361 4655 391 4704 ol
399 4656 443 4703 the
456 4656 538 4704 word.
