3575 5375
414 601 765 662 MATHEMATICAE
789 601 841 659 IN
861 600 1032 659 DIVINIS
1059 600 1266 660 UTILITAS.
1359 613 1415 676 175

351 1076 753 1170 ΜΑΤΗΕΜΑΤΙῼΑΕ
786 1077 836 1140 ΙΝ
870 1075 1055 1142 DlVlNlS
1086 1074 1327 1142 UTILITAS.

307 1249 511 1335 Postquam¹
530 1251 703 1317 manifesta
720 1261 772 1314 est
793 1251 972 1315 necessitas
991 1249 1247 1314 mathematicae
1269 1249 1302 1312 iu
1318 1247 1415 1312 rebus
1428 1252 1574 1302 Connexion

262 1355 359 1438 hujus
382 1355 495 1418 mundi
519 1357 608 1420 etin
632 1355 776 1420 scientiis
798 1354 953 1419 humanis
976 1375 1062 1418 nunc
1085 1363 1195 1436 potest
1217 1352 1306 1417 istud
1326 1354 1414 1417 idem
1428 1317 1583 1434 fflffih

262 1461 391 1525 ostendi
415 1461 447 1523 in
471 1459 599 1524 divinis.
646 1460 692 1524 Et
718 1459 782 1524 hoc
812 1470 863 1524 est
893 1459 1001 1543 magis
1029 1456 1315 1534 considerandum,
1337 1456 1416 1541 quia
1428 1449 1555 1515 theotogy.

261 1563 409 1628 humana
432 1563 514 1627 nihil
533 1565 644 1629 valent
667 1565 727 1628 nisi
750 1564 958 1647 applicentur
979 1563 1022 1627 ad
1046 1563 1163 1627 divina.
1209 1560 1295 1626 Cum
1316 1561 1416 1645 igitur

262 1679 433 1732 ostensum
455 1669 498 1732 sit
521 1671 611 1752 quod
635 1669 847 1752 philosophia
869 1688 936 1732 non
967 1677 1078 1752 potest
1099 1667 1173 1730 sciri
1202 1667 1263 1730 nisi
1293 1666 1416 1730 sciatur

262 1773 506 1850 mathematica,
522 1784 555 1838 et
571 1795 686 1838 omnes
702 1775 808 1839 sciant
826 1775 916 1857 quod
937 1772 1108 1855 theologia
1125 1791 1192 1836 non
1209 1780 1320 1855 potest
1340 1770 1414 1834 scin'

261 1880 323 1942 nisi
342 1880 465 1953 sciatur
485 1878 703 1963 philosophia,
721 1899 854 1944 necesse
870 1888 921 1942 est
937 1888 973 1942 ut
989 1878 1166 1960 theologus
1188 1875 1270 1941 sciat
1286 1877 1415 1941 mathe-

262 1984 429 2046 maticam.
475 1982 653 2049 Caeterum
670 1983 763 2046 Deus
779 1983 890 2066 posuit
905 2003 957 2046 res
976 1991 1104 2046 creatas
1120 1983 1153 2046 in
1168 1982 1329 2065 scriptura
1343 2000 1414 2056 sua,

261 2088 318 2168 qui
345 2085 436 2150 solus
461 2088 554 2152 novit
588 2097 789 2170 potestatem
816 2097 1041 2150 creaturarum
1065 2107 1148 2170 quas
1170 2085 1328 2161 condidit,
1352 2105 1413 2148 nec

260 2199 372 2273 potest
394 2190 512 2255 salsum
533 2193 663 2266 sentire,
679 2212 739 2258 nec
760 2194 856 2256 decet
875 2211 970 2255 suam
991 2191 1175 2254 veritatem.
1221 2189 1315 2272 Ergo
1336 2209 1412 2254 cum

260 2314 377 2359 omnes
400 2316 493 2360 resa
516 2297 591 2361 Deo
618 2306 651 2361 et
677 2296 803 2380 angelis
826 2307 860 2360 et
885 2295 1023 2359 summis
1048 2295 1216 2359 coelomm
1239 2315 1343 2376 usque
1369 2295 1412 2358 ad

260 2399 417 2463 terminos
442 2419 555 2463 eorum
582 2411 748 2483 ponantur
770 2399 802 2462 in
826 2399 995 2485 scriptura,
1010 2399 1062 2463 vel
1088 2400 1121 2463 in
1147 2421 1184 2463 se
1207 2400 1260 2463 vel
1285 2400 1317 2462 in
1344 2398 1412 2462 suis

261 2503 425 2568 similibus
439 2504 492 2568 vel
519 2504 552 2566 in
579 2505 646 2568 suis
670 2505 850 2581 contrariis,
877 2513 911 2569 et
946 2505 1187 2569 contrariorum
1215 2512 1266 2568 est
1291 2503 1409 2568 eadem

261 2607 409 2686 scientia,
439 2618 475 2672 ut
501 2609 581 2672 dicit
608 2608 816 2689 Aristoteles,
838 2619 872 2674 et
894 2631 1009 2674 verum
1032 2620 1082 2674 est
1105 2608 1157 2672 vel
1181 2610 1214 2672 in
1238 2607 1412 2673 universali

260 2712 313 2777 vel
329 2713 361 2775 in
378 2713 575 2797 particulari,
592 2735 723 2779 necesse
739 2726 789 2779 est
806 2715 1000 2800 theologum
1016 2715 1098 2781 scire
1113 2736 1163 2779 res
1175 2713 1272 2797 hujus
1288 2714 1414 2792 mundi,

260 2818 289 2881 si
305 2828 434 2883 textum
451 2839 578 2884 sacrum
595 2819 695 2884 debet
709 2822 799 2884 scire.

306 2922 478 2987 Praeterea
494 2944 556 2988 nos
579 2924 741 3003 videmus,
755 2926 846 3006 quod
868 2947 982 2989 sensus
1000 2924 1137 2990 literalis
1159 2934 1226 2988 stat
1247 2923 1280 2986 in
1301 2925 1413 3006 cogni·

260 3027 352 3091 tione
374 3038 566 3093 naturarum
590 3040 624 3093 et
655 3030 897 3112 proprietatum
927 3040 1159 3105 creaturarum,
1181 3041 1217 3093 ut
1247 3048 1307 3112 per
1335 3048 1413 3093 con·

259 3132 666 3217 venientesaptationeset
675 3131 911 3197 similitudines
920 3132 1412 3214 eliciantursensusspirituales.

259 3234 350 3298 Nam
366 3237 413 3300 sic
428 3246 604 3320 exponunt
619 3236 724 3299 sancti
745 3246 778 3299 et
799 3256 916 3301 omnes
936 3238 1103 3319 sapientes
1122 3237 1261 3318 antiqui,
1275 3246 1308 3299 et
1329 3233 1411 3299 haec

260 3348 311 3402 est
333 3360 411 3402 vera
433 3348 467 3401 et
488 3341 615 3402 sincera
638 3339 814 3421 expositio,
837 3360 938 3421 quam
962 3339 1104 3423 Spiritus
1128 3339 1269 3405 Sanctus
1291 3340 1412 3403 docuit.

259 3442 475 3525 Quapropter
496 3450 627 3525 oportet
648 3440 840 3524 theologum
862 3444 946 3507 scire
968 3444 1096 3526 optime
1121 3451 1296 3506 creaturas.
1342 3439 1412 3506 Sed

259 3557 430 3611 ostensum
461 3555 520 3619 est,
553 3547 643 3627 quod
674 3547 744 3611 sine
781 3546 1018 3612 mathematica
1055 3548 1130 3613 sciri
1168 3568 1233 3611 non
1263 3556 1411 3629 possunt.

259 3650 353 3733 Ergo
370 3649 607 3715 mathematica
623 3652 760 3716 omnino
776 3662 827 3717 est
844 3654 1027 3717 necessaria
1042 3672 1154 3718 sacrae
1169 3652 1335 3717 scientiae.

304 3755 350 3819 Et
372 3757 436 3819 hoc
458 3756 558 3820 tertio
578 3776 637 3839 per
659 3759 793 3841 propria
813 3766 926 3839 potest
946 3758 1085 3821 ostendi.
1132 3758 1178 3821 Et
1201 3777 1276 3822 cum
1298 3755 1412 3821 multis
1426 3760 1523 3840 Mathe

260 3862 368 3923 modis
383 3858 578 3944 probabitur
595 3863 686 3945 quod
702 3863 847 3940 intendo,
858 3863 965 3945 primo
981 3872 1093 3927 tamen
1109 3884 1168 3946 per
1179 3862 1412 3944 occupationes
1424 3828 1572 3959 ffilffdg,

258 3973 447 4027 sanctorum
486 3966 684 4047 persuadere
722 3968 880 4045 conabor,
909 3988 986 4031 curn
1024 3967 1219 4030 exclusione
1255 3966 1412 4031 infamiae
1425 3960 1570 4075 “m

259 4068 516 4135 mathematicae
539 4089 640 4153 quam
664 4070 760 4133 multi
786 4072 1015 4154 imprudenter
1038 4070 1194 4154 allegant,
1215 4072 1294 4155 quia
1316 4091 1410 4136 sanc·
1424 4040 1458 4090 μ

257 4181 368 4236 torum
407 4174 598 4238 testimonia
635 4193 702 4236 non
747 4174 947 4258 intelligunt
1007 4175 1215 4241 Patriarchae
1251 4176 1340 4240 enim
1376 4184 1411 4239 et

259 4275 445 4359 Prophetae
460 4286 539 4342 ante
550 4277 709 4342 diluvium
722 4288 756 4343 et
768 4290 845 4361 post
857 4278 1052 4343 invenemnt
1062 4280 1168 4363 ipsam
1182 4290 1217 4343 et
1227 4282 1412 4344 docuerunt

257 4390 404 4445 caeteros
416 4381 578 4463 homines,
593 4400 619 4445 1.
638 4380 835 4461 Chaldaeos,
852 4400 880 4449 2.
893 4383 1104 4467 Aegyptios;
1125 4392 1159 4449 et
1173 4384 1218 4447 ab
1230 4382 1412 4467 Aegyptiis

257 4486 300 4549 ad
325 4484 471 4550 Graecos
492 4486 684 4563 descendit3
714 4497 748 4551 et
771 4507 837 4553 non
870 4489 918 4552 ita
940 4488 1111 4553 evidenter
1139 4487 1293 4551 scribitur
1320 4487 1412 4570 quod

586 4638 595 4667 ¹
612 4639 737 4704 etopus
753 4640 871 4702 Tettium,
884 4641 958 4703 chap.
969 4654 1010 4702 54.
