3575 5375
373 634 413 695 74
590 619 748 679 OPERIS
772 620 962 690 MAJORIS
986 620 1099 679 PARS
1127 620 1292 679 TERTIA.

371 780 518 845 Gallicus
547 793 581 846 et
609 783 776 846 Picardus.
832 783 963 847 Idioma
989 782 1076 846 enim
1103 794 1154 848 est
1180 784 1365 866 proprietas
1391 785 1524 869 linguae

369 887 459 967 apud
486 885 631 969 aliquam
655 888 825 951 nationem
848 886 1113 963 determinatam,
1133 889 1219 952 unde
1244 889 1418 953 Hebraeus
1439 892 1522 955 dicit

369 990 483 1054 Eloim
501 1011 563 1072 pro
580 992 655 1055 Deo
670 992 722 1055 vel
740 990 836 1069 Diis3
862 989 1052 1055 Chaldaeus
1071 993 1153 1056 dicit
1168 993 1264 1068 Eloa,
1281 1014 1341 1075 pro
1362 992 1456 1058 coelo
1470 995 1522 1058 vel

370 1096 478 1160 coelis.
524 1095 588 1159 Pro
610 1117 682 1175 non,
704 1096 878 1160 Hebraeus
899 1096 979 1160 dicit
1000 1096 1039 1174 lo,
1056 1095 1242 1161 Chaldaeus
1263 1098 1345 1162 dicit
1364 1100 1407 1175 la,
1422 1109 1456 1163 et
1477 1100 1522 1165 sic

368 1201 402 1262 in
418 1199 502 1263 aliis.

414 1304 542 1368 Tamen
560 1305 649 1387 quod
665 1306 747 1368 haec
767 1305 923 1387 pericope
943 1304 1104 1369 scribatur
1124 1324 1277 1370 sermone
1293 1306 1346 1369 hic
1364 1307 1522 1372 Hebraeo

370 1418 404 1471 et
421 1406 580 1486 Chaldeo,
592 1422 736 1492 ponetur
750 1407 990 1492 alphabetum¹
1008 1409 1209 1487 Hebraeum,
1223 1420 1260 1473 ut
1274 1410 1401 1475 facilius
1413 1412 1522 1476 valeat

370 1512 509 1595 intelligi
546 1513 696 1596 quaestio
733 1514 918 1597 proposita,
956 1522 990 1577 et
1026 1514 1135 1597 primo
1172 1516 1360 1578 scribuntur
1398 1514 1522 1599 figurae

371 1616 576 1692 Hebraicae;
602 1618 748 1682 secundo
771 1619 805 1680 in
828 1618 916 1682 linea
937 1618 1095 1701 superiori
1120 1629 1287 1701 ponuntur
1308 1620 1462 1697 nomina;
1488 1630 1522 1684 et

370 1740 526 1804 supremo
555 1721 766 1804 assignantur
795 1722 925 1785 litterae
955 1742 1041 1804 quae
1075 1722 1179 1786 literis
1210 1723 1385 1787 Hebraicis
1414 1744 1522 1788 corre·

370 1825 557 1908 spondent;
594 1835 631 1889 ut
661 1825 829 1889 literarum
864 1826 1105 1890 Hebraicarum
1140 1828 1282 1891 sciamus
1315 1829 1452 1892 virtutes
1487 1840 1522 1893 et

371 1940 571 2012 potestatem
598 1950 764 2008 sonorum,
782 1932 964 1995 secundum
988 1932 1078 2014 quod
1102 1934 1266 2013 quaedam
1290 1942 1368 1997 sunt
1389 1934 1521 1999 vocales

370 2045 404 2097 et
418 2036 582 2115 quaedam
602 2043 829 2099 consonantes.

383 2171 393 2204 l
489 2172 511 2221 Ο
616 2173 636 2220 Π
737 2173 748 2225 l
843 2173 853 2223 l
938 2174 957 2223 r'l
1059 2174 1078 2223 'l
1190 2176 1202 2225 2
1314 2176 1334 2225 ³
1435 2176 1456 2225 tt

368 2268 405 2317 lot
471 2270 525 2319 teth
590 2268 650 2319 heth
711 2271 765 2319 zain
825 2268 870 2319 vaf
933 2271 965 2320 he
1030 2270 1098 2321 dalet
1154 2271 1233 2336 gimel
1293 2273 1353 2322 beth
1414 2270 1488 2337 aleph

384 2355 1457 2440 ithzvedgba

376 2484 1501 2583 quesnel-1³

368 2622 400 2672 pe
478 2624 509 2672 pe
585 2609 627 2657 ain
700 2610 800 2660 samech
883 2627 933 2660 nun
1016 2626 1082 2660 mem
1165 2610 1241 2662 lamet
1323 2612 1385 2663 chaf
1457 2610 1518 2663 chaf

377 2712 506 2774 pp
746 2697 1507 2765 snmlchch

980 2853 1595 2918 ner-rer.

967 2950 1007 3000 taf
1068 2951 1123 3000 shin
1188 2950 1238 3000 rish
1304 2950 1375 3016 koph
1439 2950 1522 3001 tsadilr

980 3045 994 3100 t
1081 3035 1120 3099 sh
1208 3057 1225 3100 r
1321 3035 1344 3098 k
1469 3047 1500 3100 ts

416 3187 502 3253 Sunt
520 3198 631 3253 autem
653 3210 715 3253 sex
733 3190 874 3265 vocales,
890 3190 953 3252 viz.
975 3189 1082 3273 aleph,
1098 3191 1164 3269 ain,
1183 3190 1234 3267 he,
1253 3191 1345 3260 heth,
1365 3191 1421 3268 iot,
1436 3211 1499 3254 vau
1514 3211 1522 3270 ;

370 3294 515 3376 reliquae
537 3303 614 3357 sunt
637 3303 875 3358 consonantes:
909 3295 952 3357 he
978 3305 1012 3358 et
1038 3295 1118 3358 heth
1144 3295 1340 3377 aspirantur,
1363 3305 1400 3358 ut
1422 3295 1465 3359 he
1488 3295 1521 3358 in

370 3398 540 3482 principio,
556 3398 636 3462 heth
659 3419 724 3462 non
746 3399 852 3462 solum
877 3398 910 3461 in
934 3399 1040 3482 primo
1063 3401 1121 3462 sed
1145 3400 1177 3462 in
1198 3398 1274 3476 fine,
1291 3409 1325 3463 et
1345 3409 1523 3481 generatur

370 3503 403 3564 in
423 3514 566 3586 gutture,
582 3502 625 3566 he
646 3503 678 3565 in
700 3524 758 3566 ore
770 3525 778 3581 ;
800 3502 900 3585 aleph
920 3502 1070 3566 similiter
1091 3503 1123 3566 in
1142 3523 1216 3578 ore3
1237 3505 1290 3568 ain
1310 3503 1343 3566 in
1363 3513 1522 3586 gutture3

369 3608 427 3670 sed
451 3609 727 3672 considerandum
748 3608 838 3689 quod
859 3605 967 3671 solum
989 3608 1037 3670 iot
1057 3607 1159 3670 habet
1178 3628 1278 3671 unum
1297 3627 1414 3672 sonum
1436 3609 1522 3671 sicut

369 3711 379 3772 i
398 3721 556 3786 nostrum,
572 3722 606 3775 et
625 3711 669 3774 sit
688 3730 874 3774 consonans
894 3720 929 3774 et
949 3710 1073 3774 vocalis
1093 3712 1177 3774 sicut
1193 3713 1282 3794 apud
1304 3732 1365 3776 nos
1378 3711 1401 3792 j.
1445 3711 1521 3776 Vau

368 3835 455 3893 vero,
476 3825 512 3879 ut
534 3817 614 3879 dicit
636 3815 863 3894 Hieronymus
887 3815 920 3877 in
944 3813 1119 3878 Hebraicis
1142 3814 1401 3898 quaestionibus,
1420 3815 1522 3880 habet

369 3918 536 4001 duplicem
560 3939 689 3994 sonum,
711 3919 772 3981 viz.
793 3939 815 3982 v
836 3926 985 3981 nostrum
1009 3927 1044 3982 et
1066 3939 1106 3983 o:
1130 3919 1256 4002 reliqua
1279 3939 1357 3982 vero
1380 3929 1523 4001 quatuor

369 4024 492 4088 habent
507 4044 624 4087 sonum
640 4025 786 4106 quinque
800 4022 962 4088 vocalium
979 4034 1174 4100 nostrarum,
1186 4027 1248 4086 viz.
1264 4045 1294 4101 a,
1310 4045 1337 4101 e,
1354 4025 1373 4101 i,
1385 4035 1415 4102 o',
1429 4033 1464 4086 et
1480 4045 1499 4085 u
1514 4045 1523 4103 ;

369 4129 453 4192 sicut
476 4139 569 4210 patet
591 4149 650 4210 per
674 4129 915 4209 Hieronymum
940 4129 972 4190 in
996 4127 1080 4191 libro
1104 4128 1419 4211 interpretationum.
1475 4127 1522 4192 Et

401 4264 410 4293 ¹
428 4264 538 4313 Neither
552 4265 603 4312 this
618 4265 734 4313 Hebrew
745 4265 866 4327 alphabet
883 4280 932 4312 nor
948 4265 993 4313 the
1012 4263 1098 4313 Greek
1113 4264 1235 4326 alphabet
1246 4264 1333 4312 which
1350 4263 1453 4313 follows
1468 4263 1522 4311 will

369 4345 402 4392 be
414 4344 493 4391 found
506 4343 533 4390 in
544 4341 633 4402 Jebb's
645 4345 751 4407 edition,
765 4345 852 4392 which
865 4345 912 4392 has
924 4358 1060 4392 moreover
1071 4344 1232 4404 manyother
1244 4343 1389 4404 omissious,
1403 4343 1522 4404 supplied

369 4423 432 4470 here
449 4421 515 4469 from
530 4422 575 4482 Jul
616 4422 680 4470 Tuis
696 4423 718 4470 is
734 4424 778 4471 the
796 4437 868 4471 more
885 4431 992 4484 strange
1009 4438 1039 4470 as
1053 4422 1121 4482 Jebb
1138 4421 1316 4483 undoubtedly
1328 4421 1379 4470 had
1396 4421 1448 4468 this
1464 4420 1522 4470 lllS.

367 4500 456 4548 before
468 4501 527 4553 him,
540 4501 591 4548 and
604 4501 678 4548 made
689 4516 738 4548 use
750 4499 780 4548 of
788 4500 808 4549 it
820 4500 846 4546 in
858 4500 902 4547 the
915 4501 970 4549 first
981 4508 1044 4562 part.
1080 4499 1123 4548 He
1134 4500 1185 4548 had
1197 4500 1241 4548 the
1252 4501 1397 4561 advantage
1409 4499 1439 4547 of
1447 4499 1525 4561 using

368 4580 388 4626 it
406 4595 422 4627 a
439 4594 505 4640 year
522 4595 552 4626 or
571 4587 625 4628 two
642 4579 731 4627 before
748 4579 768 4628 it
785 4593 839 4627 was
856 4594 887 4627 so
905 4579 1029 4640 damagcd
1046 4579 1080 4640 by
1098 4579 1144 4627 fire
1161 4594 1190 4628 as
1208 4586 1235 4627 to
1253 4580 1348 4627 render
1365 4579 1441 4627 much
1458 4577 1489 4626 of
1503 4577 1523 4628 ir

368 4657 489 4718 illegible.
