3575 5375
380 645 440 706 226
604 647 759 705 OPERIS
783 645 973 716 MAJORIS
997 647 1112 705 PARS
1136 647 1319 720 QUARTA.

381 810 526 894 quinque
549 811 710 893 septimae
733 811 831 874 unius
853 809 968 874 cubiti.
1024 809 1069 873 Et
1092 809 1176 889 ideo,
1198 810 1225 872 si
1249 809 1325 893 quis
1347 810 1433 874 bene
1455 830 1536 873 con-

381 915 512 990 sideret,
532 915 602 999 ipse
621 927 771 998 respectu
792 914 945 979 diametri
967 922 1001 978 et
1021 914 1268 992 semidiametri,
1283 915 1405 997 quibus
1419 916 1537 989 utitur,

381 1021 507 1084 omittit
523 1031 643 1085 octavo
658 1019 807 1103 capitulo
823 1020 856 1082 in
871 1018 934 1082 hac
950 1018 1070 1096 radice,
1086 1039 1171 1100 quae
1187 1028 1238 1083 est
1253 1019 1423 1101 quantitas
1438 1039 1538 1082 arcus

381 1135 488 1188 terrae
507 1135 658 1206 respectu
678 1125 802 1207 gradus
823 1124 856 1186 in
872 1121 976 1195 coelo,
992 1119 1058 1204 50¹
1076 1123 1336 1188 sexcentesimas
1352 1125 1537 1187 tricesimas

381 1229 476 1293 unius
504 1229 657 1304 milliarii,
680 1229 749 1292 sive
775 1227 864 1309 quod
889 1227 978 1290 idem
1005 1236 1066 1304 est,
1089 1243 1153 1309 317
1176 1228 1318 1302 cubitos,
1340 1237 1374 1291 et
1399 1228 1536 1292 tertiam

381 1334 496 1412 cubiti,
527 1333 567 1400 28
598 1334 823 1416 sexagesimas
852 1330 969 1395 tertias
999 1331 1095 1395 unius
1124 1331 1239 1409 cubiti,
1275 1331 1435 1415 quoniam
1468 1352 1537 1394 non

381 1439 539 1519 exprimit
566 1438 612 1502 ibi
638 1438 701 1501 nisi
728 1436 819 1519 quod
847 1456 942 1499 arcus
968 1435 1031 1497 iste
1057 1445 1163 1499 terrae
1186 1445 1237 1500 est
1259 1436 1302 1516 56
1326 1434 1477 1499 milliaria
1500 1445 1537 1498 et

380 1541 467 1606 duae
489 1543 608 1606 tertiae
622 1543 718 1606 unius
740 1540 897 1604 milliaris.
944 1539 1011 1603 Sed
1035 1539 1111 1603 licet
1130 1540 1274 1603 radicem
1298 1539 1432 1623 plenam
1456 1561 1538 1622 sup-

380 1654 494 1729 ponat,
524 1655 637 1710 tamen
674 1643 849 1709 fractiones
887 1643 1018 1726 aliquas
1053 1643 1179 1708 omittit
1214 1653 1349 1726 propter
1383 1645 1536 1707 taedium

381 1770 602 1814 numerorum.
648 1749 726 1815 Mos
756 1749 842 1814 enim
873 1748 945 1831 ejus
975 1757 1025 1812 est
1056 1750 1089 1812 in
1119 1749 1211 1812 libris
1241 1749 1308 1812 suis
1339 1747 1537 1812 multotiens

381 1854 534 1920 omittere
554 1854 729 1919 fractiones
750 1863 783 1917 et
804 1853 956 1917 similiter
973 1853 1096 1917 faciunt
1114 1853 1171 1915 alii
1186 1862 1327 1917 autores
1373 1851 1410 1918 Si
1433 1853 1538 1934 igitur

380 1957 533 2024 volumus
559 1958 635 2022 huic
663 1959 840 2040 quantitati
868 1957 1031 2033 diametri,
1053 1956 1178 2022 scilicet
1205 1958 1300 2039 6,500
1326 1977 1393 2039 qua
1420 1959 1538 2032 utitur,

379 2065 541 2146 adaptare
563 2063 719 2138 radicem,
733 2062 882 2126 dicemus
905 2061 996 2143 quod
1017 2081 1112 2125 arcus
1126 2071 1233 2126 terrae
1255 2062 1460 2145 respondens
1479 2063 1537 2125 uni

380 2169 498 2253 gradui
527 2168 559 2230 in
586 2167 683 2232 coelo
707 2167 855 2231 eontinet
881 2167 924 2246 56
947 2165 1109 2241 milliaria,
1132 2176 1167 2230 et
1192 2166 1275 2230 duas
1298 2167 1414 2230 tertias
1437 2166 1539 2231 unius

382 2272 537 2348 milliaria,
567 2285 606 2353 27
635 2271 866 2354 nonagesimas
893 2269 1047 2348 milliarii,
1069 2278 1103 2332 et
1130 2291 1229 2333 unam
1255 2270 1536 2333 sexcentesimam

380 2377 589 2442 tricesimam.
638 2377 684 2440 Et
700 2376 728 2438 si
747 2375 901 2438 volumus
921 2384 1114 2456 computare
1129 2394 1187 2456 per
1202 2373 1342 2452 cubitos,
1356 2374 1419 2438 erit
1437 2395 1537 2439 arcus

380 2491 488 2545 terrae
515 2481 717 2564 respondens
743 2479 800 2543 uni
826 2478 944 2561 gradui
970 2479 1003 2540 in
1031 2478 1124 2542 coelo
1150 2477 1193 2558 56
1221 2478 1382 2550 milliaria,
1405 2488 1440 2543 et
1465 2481 1539 2543 duo

381 2585 486 2650 millia
519 2585 716 2660 cubitorum,
746 2583 902 2666 nongenti
932 2583 1103 2667 octoginta
1136 2593 1280 2664 quatuor
1308 2583 1422 2658 cubiti,
1451 2594 1487 2648 et
1516 2585 1536 2644 8

380 2690 609 2771 sexagesimae
631 2689 747 2752 tertiae
770 2688 865 2751 unius
886 2686 997 2766 cubiti,
1012 2708 1098 2769 quae
1121 2686 1140 2749 8
1163 2690 1394 2772 sexagesimae
1415 2690 1538 2753 tertiae

378 2804 456 2856 sunt
471 2792 546 2874 plus
568 2813 668 2874 quarn
685 2812 750 2855 una
772 2802 891 2856 octava
912 2792 1014 2855 cubiti
1036 2811 1095 2874 per
1109 2811 1209 2856 unam
1231 2792 1537 2876 quingentesimam

379 2908 530 2978 quartam
555 2898 652 2959 unius
675 2896 788 2967 cubiti,
804 2896 896 2977 quod
916 2896 960 2959 de
983 2893 1069 2958 facili
1092 2904 1193 2978 patet.
1238 2895 1328 2959 Nam
1343 2908 1421 2961 octo
1436 2916 1538 2961 sexa·

380 3001 527 3083 gesimae
563 3001 680 3064 tertiae
715 2998 826 3063 valent
858 3002 901 3074 64
930 2999 1212 3082 quingentesimas
1245 3009 1391 3083 quartas,
1424 3010 1459 3064 et
1492 3002 1536 3084 ⁶3

380 3105 667 3187 quingentesimae
692 3112 830 3187 quartae
858 3113 937 3166 sunt
966 3113 1085 3167 octava
1110 3104 1234 3182 totius;
1266 3126 1346 3188 ergo
1372 3104 1416 3181 64
1438 3106 1536 3187 quin·

380 3209 586 3293 gentesimae
606 3218 744 3292 quartae
764 3207 934 3272 excedunt
955 3218 1108 3271 octavam
1130 3208 1164 3271 in
1183 3228 1248 3271 una
1267 3210 1537 3291 quingentesima

380 3323 517 3396 quarta3
552 3322 585 3377 et
616 3315 662 3377 ita
691 3323 769 3377 octo
799 3312 1031 3395 sexagesimae
1061 3312 1178 3376 tertiae
1211 3312 1307 3376 unius
1339 3314 1443 3377 cubiti
1473 3335 1536 3377 ex·
1654 3342 1663 3355 ·

381 3419 504 3482 cedunt
531 3430 684 3482 octavam
711 3416 783 3497 ejus
807 3418 839 3479 in
867 3436 935 3480 una
955 3416 1223 3499 quingentesima
1252 3427 1383 3499 quarta.
1429 3418 1477 3482 Et
1506 3420 1535 3483 si

380 3521 656 3604 triplicaverimus
690 3521 889 3584 diametrum
929 3518 1016 3582 hanc
1047 3519 1142 3601 6,500
1179 3531 1212 3585 et
1250 3521 1322 3603 ejus
1354 3524 1535 3605 septimam

382 3624 616 3697 addiderimus,
640 3622 816 3688 habebitur
846 3624 1110 3687 circumferentia
1138 3626 1242 3688 totius
1268 3635 1384 3703 terrae,
1411 3635 1446 3689 et
1472 3630 1537 3692 erit

381 3728 529 3810 praecise
540 3727 658 3808 viginti
675 3726 776 3789 millia
790 3726 1016 3790 milliariorum
1028 3729 1261 3809 quadringenti
1277 3739 1312 3793 et
1323 3731 1443 3815 viginti
1455 3742 1537 3796 octo

381 3828 542 3903 milliaria,
567 3840 600 3893 et
623 3831 691 3893 duo
714 3829 817 3893 millia
841 3831 975 3895 ducenti
998 3832 1172 3913 octoginta
1194 3834 1340 3914 quinque
1362 3834 1477 3911 cubiti,
1501 3848 1537 3901 et

381 3932 528 4015 quinque
553 3934 715 4015 septimae
741 3933 837 3996 unius
866 3934 990 4011 cubiti;
1020 3935 1073 3998 vel
1103 3955 1204 4019 penes
1236 3936 1318 4000 alias
1348 3938 1536 4019 fractiones,

380 4036 443 4101 erit
474 4055 629 4099 numerus
660 4036 712 4102 hic
741 4036 882 4119 vigesies
913 4036 1001 4101 mille
1033 4040 1268 4122 quadringenti
1301 4041 1420 4126 viginti
1455 4055 1536 4110 octo

381 4138 542 4215 milliaria,
562 4149 596 4203 et
614 4150 756 4221 quatuor
778 4140 942 4224 septimae
964 4142 1060 4204 unius
1084 4143 1236 4206 milliarii.
1282 4143 1329 4208 Et
1351 4148 1538 4212 secundum

381 4244 444 4309 hoc
474 4252 548 4307 tota
580 4252 687 4307 terrae
719 4242 910 4327 superficies
938 4246 1002 4309 erit
1032 4248 1157 4310 centies
1184 4248 1336 4331 trigesies
1362 4250 1415 4313 bis
1445 4252 1538 4317 mille

382 4346 486 4411 millia
504 4346 654 4411 milliaria
669 4348 855 4413 sexcenties
873 4348 962 4413 mille
978 4348 1138 4414 milliaria.
1184 4350 1231 4416 Et
1248 4354 1434 4418 secundum
1449 4354 1538 4422 hanc

382 4450 525 4515 radicem
561 4448 707 4532 perfecte
744 4460 972 4533 computatam
1007 4453 1069 4516 erit
1105 4463 1224 4537 quarta
1260 4465 1370 4520 terrae
1407 4458 1538 4524 habens
1579 4476 1584 4482 ·

382 4570 574 4639 33,150,000
608 4554 760 4641 milliaria
797 4554 829 4617 in
864 4575 925 4617 sua
958 4556 1140 4639 superficie
1184 4557 1232 4621 Et
1270 4572 1391 4625 octava
1427 4572 1538 4629 terrae

464 4672 905 4736 ¹Theomissionisgreaterthan
917 4674 1113 4735 Baconstates;
1130 4677 1455 4741 teitisfflolamile
