3575 5375
569 634 744 705 JUDICIA
770 631 1092 692 ASTRONOMIAE.
1353 647 1413 708 243

211 829 213 834 .
262 805 312 860 est
327 798 369 860 ad
392 818 493 862 unum
512 807 546 862 et
568 800 612 862 ad
630 795 741 862 aliud?
786 797 924 880 Propter
943 798 1036 879 quod
1057 796 1204 882 capitulo
1228 797 1279 862 lix
1301 796 1414 862 Centi-

261 900 339 983 logii
366 904 548 968 secundum
564 923 664 968 unam
678 900 936 966 'translationem
963 902 1054 978 dicit,
1076 910 1169 966 ‘cum
1191 903 1413 984 interrogatus

261 1004 360 1070 fueris
374 1009 417 1071 de
432 1008 579 1082 absente,
595 1029 660 1071 non
673 1007 801 1089 judices
816 1008 859 1072 de
881 1027 923 1071 eo
946 1016 1097 1084 mortem,
1111 1007 1217 1070 donec
1240 1025 1412 1071 removeas

260 1109 303 1172 ab
328 1131 368 1174 eo
388 1113 582 1177 ebrietatem
600 1133 606 1188 ;
629 1132 689 1176 nec
709 1112 838 1188 vulnus,
858 1112 965 1175 donec
989 1110 1088 1174 tollas
1109 1113 1154 1176 ab
1178 1131 1218 1176 eo
1241 1111 1412 1194 sanguinis

261 1215 501 1295 minutionem;
533 1236 592 1280 nec
614 1217 833 1280 substantiam
863 1214 1075 1297 adquisitam,
1104 1216 1210 1280 donec
1236 1216 1412 1298 pecuniam

260 1319 323 1384 sibi
362 1321 572 1385 commissam
611 1340 801 1396 removea53
845 1330 896 1385 est
934 1319 1022 1382 enim
1059 1319 1093 1384 in
1130 1320 1285 1384 omnibus
1323 1321 1412 1384 idem

258 1422 442 1504 judicium!
487 1425 532 1489 Et
547 1425 628 1490 dicit
646 1425 736 1499 Hali,
754 1426 832 1507 ‘qui
848 1433 970 1490 tractat
985 1425 1029 1488 de
1045 1423 1188 1506 judiciis,
1208 1423 1338 1506 judicat
1354 1445 1413 1506 per

261 1527 385 1593 formas
399 1549 485 1611 quae
500 1540 575 1594 sunt
590 1549 693 1613 prope
708 1529 892 1608 veritatem,
907 1529 985 1611 quia
1001 1549 1067 1591 non
1089 1528 1255 1593 invenitur
1270 1530 1303 1594 in
1318 1528 1413 1594 lorti·

261 1633 375 1697 tudine
405 1633 604 1715 judiciorum
626 1633 762 1717 partitio
794 1632 846 1695 vel
877 1632 1064 1697 differentia
1092 1632 1178 1697 inter
1198 1635 1344 1716 sopitum
1377 1642 1412 1698 et

263 1747 439 1812 mortuum,
461 1746 495 1802 et
518 1739 603 1802 inter
623 1737 831 1802 vulneratum
854 1745 888 1801 et
917 1737 1094 1815 minutum,
1116 1757 1178 1801 nec
1211 1739 1296 1802 inter
1317 1738 1411 1802 illum
1509 1781 1515 1788 -

262 1843 314 1906 cui
336 1843 514 1908 commissa
536 1854 587 1907 est
608 1842 748 1926 pecunia
766 1852 801 1907 et
824 1842 917 1906 illum
937 1843 994 1924 qui
1016 1840 1233 1924 adquisivit':
1257 1854 1292 1907 et
1317 1843 1413 1908 addit

262 1948 464 2030 exemplum,
485 1949 593 2030 ‘quod
611 1957 705 2030 patre
718 1967 780 2011 suo
795 1967 831 2010 se
853 1946 1078 2010 abscondente
1096 1966 1171 2010 cum
1193 1946 1266 2009 aliis
1287 1968 1309 2012 a
1330 1946 1415 2012 facie

263 2051 480 2133 imperatoris,
504 2051 690 2135 astrologus
712 2051 849 2114 visitans
872 2070 947 2113 eum
972 2049 1121 2131 quotidie
1142 2052 1311 2132 praecepit
1334 2051 1414 2133 poni

265 2155 425 2220 concham
445 2158 627 2219 maximam
644 2175 781 2220 aeneam
805 2153 939 2237 plenam
960 2173 1057 2236 aqua,
1071 2173 1172 2236 supra
1190 2175 1292 2237 quarn
1307 2175 1412 2239 pone-

264 2271 354 2323 retur
368 2259 559 2332 scabellum,
574 2258 805 2340 consuluitque
825 2257 855 2320 ei
877 2267 914 2321 ut
935 2258 1078 2341 desuper
1095 2259 1225 2322 sederet
1246 2259 1280 2322 in
1295 2258 1414 2340 majori

266 2373 360 2446 parte
376 2365 463 2440 diei;
486 2373 520 2426 et
535 2363 598 2427 hoc
612 2363 687 2426 ideo
704 2362 882 2444 praecepit,
900 2372 936 2426 ut
953 2359 1074 2426 iaceret
1093 2381 1203 2426 errare
1227 2361 1414 2446 astrologos

264 2467 473 2551 imperatoris
502 2468 535 2531 in
568 2467 745 2531 existentia
779 2466 1062 2531 absconditorum.
1121 2465 1288 2532 Dixerunt
1324 2469 1414 2532 enirn

264 2572 354 2655 quod
375 2580 462 2634 esset
482 2571 515 2634 in
537 2571 648 2635 medio
668 2571 767 2636 maris
786 2581 922 2653 propter
939 2569 1190 2636 similitudinem
1210 2590 1317 2653 aquae
1337 2593 1415 2635 con·

266 2676 357 2746 chae.
373 2675 427 2739 cui
442 2667 716 2759 superinsederat.
763 2676 976 2759 Distinguere
996 2676 1085 2740 enim
1096 2675 1182 2741 inter
1196 2676 1261 2741 hoc
1280 2686 1314 2741 et
1333 2675 1414 2742 illud

265 2800 331 2845 non
356 2790 510 2863 poterant
532 2789 670 2864 propter
691 2781 891 2847 continentis
915 2790 948 2845 et
981 2781 1128 2845 contenti
1151 2781 1413 2847 similitudinem

269 2885 369 2966 Aqua
391 2885 479 2948 enim
503 2887 649 2968 undique
671 2886 911 2959 continebatur,
935 2893 969 2949 et
994 2884 1083 2951 vasis
1111 2886 1301 2951 concavitas
1329 2886 1415 2951 alvei

265 2990 380 3053 marini
400 2990 642 3055 concavitatem
658 2988 839 3073 expressit’

309 3093 471 3159 Similiter
497 3093 707 3159 Ptolemaeus
737 3095 770 3158 in
804 3094 889 3158 libro
919 3094 962 3157 de
988 3092 1217 3176 Dispositione
1242 3092 1414 3176 Sphaerae
1428 3111 1505 3161 From

267 3199 358 3279 dicit,
379 3200 490 3281 ‘quod
509 3198 727 3281 judicationes
750 3198 931 3263 astronomi
947 3198 989 3261 de
1005 3197 1102 3262 rebus
1121 3197 1326 3263 inferioribus
1346 3219 1414 3263 non
1426 3178 1551 3239 Ptolemy,

265 3313 342 3366 sunt
367 3304 519 3367 inventae
541 3325 585 3366 ex
609 3302 745 3367 scientia
768 3300 940 3379 artificiali,
962 3321 1065 3384 quare
1090 3312 1167 3366 sunt
1191 3300 1272 3365 fines
1299 3322 1412 3365 earum

265 3406 475 3482 necessariae,
491 3407 549 3471 sed
572 3415 649 3469 sunt
672 3427 716 3469 ex
739 3406 787 3470 eis
810 3425 897 3487 quae
918 3413 996 3467 sunt
1016 3406 1199 3469 secundum
1214 3404 1414 3487 plurimum.’

267 3510 314 3573 Et
330 3511 449 3573 iterum
466 3511 556 3583 dicit,
571 3510 772 3575 ‘astronomi
787 3508 1035 3572 affirmaverunt
1055 3508 1136 3572 illud
1152 3529 1219 3572 non
1234 3511 1415 3573 secundum

267 3615 352 3677 viam
370 3612 586 3687 artificialem,
603 3636 662 3679 nec
686 3616 868 3678 secundum
890 3614 1057 3695 ingenium
1074 3614 1343 3691 determinatum,
1357 3614 1416 3677 sed

265 3739 325 3801 per
362 3720 628 3782 convenientiam
666 3720 842 3783 cadentem
880 3738 981 3802 super
1017 3737 1087 3781 rern
1125 3714 1416 3801 propinquiorem.'

266 3823 313 3886 Et
333 3822 433 3886 tertio
455 3823 547 3901 dicit,
563 3824 674 3906 ‘quod
699 3823 913 3888 manifestum
932 3833 983 3887 est
1006 3822 1097 3907 quod
1118 3821 1199 3887 illud
1220 3822 1311 3905 quod
1330 3822 1417 3887 affir-

267 3910 359 3991 mant
378 3947 445 3991 non
467 3938 520 3993 est
541 3928 740 3993 affirmatum
759 3928 822 3993 nisi
845 3930 1028 3993 secundum
1055 3948 1124 3991 rem
1147 3926 1335 4011 plurimam,
1350 3947 1416 3991 non

265 4033 447 4095 secundum
477 4032 566 4095 viam
597 4030 802 4097 artificialem
834 4042 867 4097 et
906 4052 972 4097 non
1002 4042 1054 4096 est
1087 4052 1138 4097 res
1176 4032 1299 4097 iaciens
1336 4032 1418 4096 illud

266 4132 507 4199 necessarium.¹
553 4136 694 4219 Propter
717 4136 797 4199 illud
824 4156 903 4219 ergo
926 4138 1025 4200 cadet
1051 4135 1246 4199 multotiens
1269 4156 1358 4199 error
1383 4137 1419 4199 in

265 4239 322 4317 eis,
344 4248 381 4303 ut
404 4239 557 4305 affirmat„
604 4238 650 4303 Et
674 4239 884 4303 Ptolemaeus
908 4240 942 4303 in
965 4240 1073 4321 primo
1095 4237 1261 4325 capitulo¹
1285 4240 1418 4323 quadri·

298 4433 307 4462 ¹
325 4434 381 4483 The
400 4435 488 4483 νυοί-λα
508 4434 617 4485 entitled
636 4433 801 4498 Centr‘logr'um
822 4436 874 4483 and
894 4432 1122 4497 Quadrr'parfflm,
1141 4441 1169 4483 to
1190 4434 1278 4484 which
1301 4434 1421 4496 frequent

266 4513 400 4565 reference
417 4513 439 4562 is
457 4515 531 4563 made
549 4514 576 4561 in
594 4514 638 4561 the
657 4512 730 4574 opus
746 4510 842 4575 Majus,
860 4527 906 4561 are
924 4512 988 4561 both
1007 4511 1037 4561 οί
1054 4512 1126 4561 them
1142 4512 1307 4574 ntrologicnl
1322 4512 1419 4564 works.

265 4592 322 4641 The
335 4591 422 4641 Greek
434 4599 489 4641 text
501 4592 532 4640 os
539 4591 603 4640 both
612 4606 669 4641 was
680 4590 782 4653 printed
794 4590 821 4638 in
834 4589 1035 4651 Nurembergin
1048 4603 1128 4652 15353
1145 4589 1189 4637 tbe
1201 4589 1258 4639 title
1269 4590 1299 4637 οί
1306 4591 1352 4639 the
1363 4591 1421 4641 first

266 4670 345 4732 being
356 4668 478 4717 Κλαυδίου
487 4666 643 4730 Πτολεμαίου
654 4668 758 4725 Βιβλίαν
773 4668 787 4717 ὁ
804 4666 901 4731 κοριίυ,
916 4667 947 4716 oi
954 4668 999 4716 tbe
1010 4668 1118 4727 second,
1130 4666 1252 4716 Κλαυδίου
1265 4667 1421 4731 Πτολεμαίου

824 4766 884 4817 Ra
