3575 5375
705 569 987 628 ASTROLOGIA.
1168 561 1173 570 ’
1361 569 1422 648 387

267 751 341 796 cum
372 732 482 795 studio
511 741 545 795 et
572 731 830 813 perscrutatione
857 731 1053 810 vehementi,
1080 741 1113 794 et
1144 730 1250 794 inveni
1281 733 1421 797 eandem

266 857 377 899 veram
401 845 434 900 et
454 845 577 900 certam
600 856 685 919 quae
709 855 775 898 non
797 836 890 918 perit,
906 845 940 899 et
963 846 1012 899 est
1033 856 1084 900 res
1106 856 1207 916 quam
1229 837 1421 901 invenerunt

266 941 421 1024 astrologi
454 941 621 1022 Aegyptii.
676 940 722 1005 Et
754 950 804 1004 est
833 941 924 1021 quod
957 941 1052 1004 Luna
1084 941 1195 1022 signat
1224 962 1322 1023 super
1351 943 1419 1005 dies

266 1043 405 1124 qualiter
423 1045 482 1108 erit
501 1045 669 1128 dispositio
688 1043 829 1108 hominis
847 1045 879 1106 in
901 1045 1107 1127 aegritudine
1127 1054 1160 1108 et
1178 1046 1321 1110 sanitate
1340 1067 1419 1120 sua3

266 1149 355 1230 quod
378 1159 439 1228 est,
459 1150 485 1211 si
508 1148 716 1232 applicentur
739 1149 856 1212 Lunae
878 1149 1042 1230 quaedam
1064 1147 1180 1213 stellae
1201 1148 1364 1231 aequales,
1385 1161 1420 1215 et

265 1254 329 1317 sint
344 1252 459 1318 stellae
474 1273 559 1335 quae
573 1253 785 1317 nominantur
799 1251 960 1330 fortunae,
972 1263 1067 1316 erunt
1082 1253 1128 1315 illi
1145 1253 1215 1317 dies
1231 1254 1277 1316 illi
1293 1254 1419 1318 homini

266 1358 505 1421 convenientes.
553 1359 599 1421 Et
625 1357 652 1420 si
678 1356 886 1439 applicentur
911 1356 956 1419 illi
982 1357 1148 1439 quaedam
1179 1357 1296 1422 stellae
1325 1379 1417 1442 egre·

266 1462 392 1526 dientes
422 1461 465 1526 ab
490 1460 698 1544 aequalitate,
720 1470 817 1524 erunt
843 1460 888 1523 illi
915 1461 985 1524 dies
1011 1460 1163 1525 laesionis
1190 1472 1223 1526 et
1249 1461 1419 1527 tristitiae’

268 1567 314 1631 Et
339 1567 438 1631 sumit
468 1567 519 1631 hic
549 1566 787 1650 applicationes
813 1587 873 1649 pro
904 1565 1192 1647 conjunctionibus
1223 1577 1256 1630 et
1283 1568 1419 1631 caeteris

267 1672 463 1754 aspectibus,
483 1681 516 1734 et
542 1671 645 1735 multa
667 1670 745 1734 dicit
769 1670 820 1733 hic
843 1671 885 1734 de
908 1669 970 1733 hac
997 1671 1143 1734 materia.
1189 1671 1304 1752 Atque
1327 1672 1420 1753 Haly

268 1775 412 1838 medicus
435 1776 467 1838 in
498 1775 581 1839 libro
610 1775 653 1838 de
676 1774 849 1857 Regimine
873 1773 991 1856 Regali
1019 1774 1116 1839 docet
1140 1777 1306 1857 praeclare
1328 1779 1418 1858 quod

268 1879 384 1942 medici
407 1879 554 1962 indigent
576 1878 835 1942 consideratione
857 1877 1056 1958 hujusmodi,
1075 1880 1163 1942 unde
1185 1881 1239 1956 ait,
1259 1881 1421 1945 medicina

268 1994 344 2068 eget
360 1986 567 2063 astronomia,
582 2005 668 2067 quae
684 1983 954 2049 medicaminibus
971 1984 1084 2048 electis
1099 1985 1202 2048 utitur
1216 1986 1420 2068 temporibus

268 2089 387 2166 electis,
399 2089 518 2171 quibus
533 2100 582 2152 est
595 2087 692 2153 Luna
704 2088 798 2152 bonis
813 2099 847 2152 et
859 2087 1005 2152 felicibus
1020 2098 1268 2171 contemperata
1281 2089 1420 2172 planetis

267 2201 302 2256 et
327 2192 589 2274 competentibus
619 2190 730 2274 figuris
761 2191 895 2257 zodiaci.
941 2192 987 2255 Et
1016 2213 1131 2257 omnes
1161 2204 1311 2258 auctores
1341 2215 1420 2257 con-

267 2297 405 2360 cordant
420 2296 452 2359 in
468 2297 548 2360 istis.
594 2296 639 2360 Et
655 2306 791 2380 propter
804 2296 864 2360 has
885 2296 1134 2376 conjunctiones
1152 2307 1186 2362 et
1201 2298 1421 2362 revolutiones

269 2399 474 2482 planetarum
487 2413 619 2464 mutuas
625 2400 800 2465 Avicenna
810 2402 958 2464 secundo
969 2401 1053 2464 libro
1063 2402 1322 2466 deAnimalibus
1331 2404 1421 2478 dicit,

268 2515 373 2569 totam
400 2506 643 2588 generationem
670 2505 810 2587 regulari
834 2517 868 2569 et
891 2506 1107 2595 augmentari,
1130 2517 1164 2569 et
1186 2507 1311 2570 initium
1334 2508 1421 2571 vitae

269 2621 302 2673 et
318 2611 441 2674 mortis·
485 2610 585 2674 Unde
599 2609 653 2686 ait,
668 2630 752 2693 opus
767 2618 817 2674 est
834 2619 870 2674 ut
886 2611 1014 2672 termini
1030 2611 1118 2674 vitae
1133 2621 1167 2673 et
1182 2611 1297 2674 mortis
1312 2622 1422 2675 essent

269 2716 364 2797 positi
393 2716 424 2777 in
451 2715 566 2799 specie,
590 2715 694 2778 donec
721 2715 762 2778 sit
788 2715 856 2778 vita
882 2716 1087 2780 concordans
1116 2735 1191 2780 cum
1218 2718 1422 2781 revolutione

269 2819 406 2901 alicujus
420 2818 535 2883 stellae
551 2827 608 2881 aut
624 2816 801 2883 multarum
817 2818 998 2886 stellarum.
1053 2820 1099 2883 Et
1123 2821 1248 2903 primus
1263 2822 1422 2886 terminus

269 2934 319 2987 est
334 2925 405 2988 dies
422 2944 496 2988 cum
512 2944 572 2987 sua
587 2933 702 2987 nocte:
722 2923 843 2987 deinde
859 2934 910 2987 est
925 2923 1016 3002 alins,
1028 2945 1127 3007 quem
1142 2926 1238 2989 Luna
1252 2927 1422 2992 constituit

269 3028 302 3091 in
322 3038 441 3110 quarta
463 3030 513 3091 sui
533 3026 664 3101 circuli;
691 3028 810 3091 deinde
832 3036 883 3090 est
907 3029 1036 3106 mensis,
1052 3030 1108 3112 qui
1128 3040 1179 3092 est
1201 3030 1350 3108 circulus,
1366 3034 1422 3115 qui

270 3132 455 3216 completur
484 3133 516 3193 in
546 3132 779 3213 conjunctione
810 3130 900 3195 Solis
931 3143 965 3195 et
996 3132 1132 3210 Lunae3
1170 3135 1290 3198 deinde
1318 3155 1423 3199 annus

271 3236 476 3319 planetarum
489 3258 498 3314 ;
531 3237 652 3299 deinde
677 3256 783 3299 annus
808 3236 990 3299 mediarum
1016 3236 1286 3318 conjunctionum
1314 3249 1349 3303 et
1372 3259 1423 3304 re·

270 3340 457 3402 versionum
472 3341 516 3403 ad
532 3361 587 3403 eas
603 3338 724 3421 figuras
739 3340 773 3402 in
789 3340 910 3421 quibus
925 3339 1054 3404 fuerunt
1067 3341 1151 3405 istae
1166 3342 1423 3423 conjunctiones,

270 3463 356 3526 quae
388 3442 511 3507 iaciunt
545 3446 588 3507 ad
621 3454 837 3525 augmentum
871 3444 1071 3507 naturalium
1106 3456 1141 3508 et
1170 3447 1421 3511 diminutionem

271 3548 513 3613 innaturalium.
560 3549 605 3611 Et
628 3568 692 3611 non
716 3547 821 3611 solum
844 3547 926 3611 haec
948 3549 1102 3613 accidunt
1123 3549 1156 3613 in
1179 3560 1268 3614 recta
1289 3570 1423 3632 genera·

271 3654 372 3729 tione,
388 3654 445 3716 sed
468 3654 500 3715 in
521 3663 729 3716 monstruosa
751 3662 784 3715 et
805 3654 951 3734 peccatis
971 3662 1118 3726 naturae,
1133 3655 1315 3718 secundum
1332 3659 1422 3737 quod

272 3758 343 3839 ipse
366 3757 540 3821 Avicenna
564 3757 663 3850 docet
687 3756 805 3819 eodem
829 3755 926 3835 libro,
949 3757 1069 3829 dicens,
1092 3756 1128 3821 Si
1151 3759 1291 3841 embryo
1313 3770 1425 3842 potest

273 3863 416 3943 recipere
441 3862 691 3937 humanitatem,
711 3870 823 3943 potest
847 3861 991 3943 recipere
1013 3862 1262 3942 animalitatem,
1284 3864 1369 3927 sicut
1392 3864 1424 3927 in

273 3967 371 4029 rebus
404 3967 628 4043 monstruosis,
658 3975 694 4027 ut
724 3966 858 4046 quando
889 3964 976 4028 filius
1004 3964 1148 4029 hominis
1178 3966 1296 4030 habuit
1326 3978 1425 4051 caput

272 4070 393 4143 arietis,
416 4079 450 4131 et
481 4089 585 4151 agnus
611 4069 730 4132 habuit
756 4076 856 4150 caput
887 4069 982 4144 tauri,
1006 4070 1162 4151 quoniam
1188 4072 1292 4133 virtus
1321 4072 1353 4132 in
1384 4092 1426 4135 eo

273 4174 405 4237 induxit
422 4172 544 4237 lormas
559 4182 593 4236 et
608 4172 729 4255 figuras
745 4172 915 4249 coelestes,
930 4192 1017 4254 quae
1032 4174 1187 4237 accidunt
1204 4174 1387 4257 unicuique.

317 4278 389 4340 Nec
408 4276 515 4339 solum
539 4276 589 4340 his
612 4277 720 4339 modis
743 4276 897 4341 accidunt
919 4276 1133 4341 alterationes
1154 4277 1423 4361 complexionum
1438 4294 1537 4342 Plancis
1549 4294 1573 4341 in

273 4402 380 4446 rerum
397 4381 592 4455 interiorum,
605 4383 662 4445 sed
678 4391 814 4464 propter
825 4381 1031 4446 ascensiones
1046 4381 1253 4463 planetarum
1268 4384 1310 4446 ad
1322 4404 1424 4465 auges
1436 4359 1593 4473 ξῗζὴζζζώ

273 4506 408 4549 suorum
435 4486 639 4559 circulorum,
662 4496 695 4548 et
719 4494 835 4569 postea
861 4487 1090 4550 descensiones
1112 4489 1154 4550 ad
1178 4488 1421 4570 oppositionem
1436 4491 1522 4539 omns.

273 4591 407 4675 augium
435 4602 570 4672 propter
593 4590 818 4654 fortitudinem
846 4600 998 4655 motuum
1023 4592 1055 4654 in
1082 4592 1225 4673 augibus
1248 4604 1282 4655 et
1308 4593 1424 4657 debili-

804 4707 826 4758 C
841 4716 860 4758 c
877 4712 896 4760 2
