3575 5375
611 644 872 703 LINGUARUM
898 644 1108 703 COGNITIO.
1392 640 1432 719 87

277 816 453 888 parasceue
466 805 510 869 sit
529 805 703 881 Graecum,
719 806 859 869 dicimus
880 806 972 888 quod
993 806 1160 870 derivatur
1174 827 1194 869 a
1210 815 1305 887 paro,
1320 816 1435 889 paras,

284 920 318 974 et
338 931 443 986 coena,
458 931 577 986 coenae,
593 931 679 992 quae
700 918 777 973 sunt
801 909 929 973 Latina
976 908 1043 973 Etl
1067 909 1180 973 dicunt
1203 912 1293 991 quod
1315 909 1434 992 dogma

285 1016 403 1079 dicitur
417 1037 438 1079 a
452 1014 552 1090 doceo,
562 1026 596 1079 et
611 1016 655 1077 sic
665 1017 707 1078 de
722 1013 859 1077 infinitis
873 1034 959 1095 quae
970 1014 1082 1077 omnia
1091 1014 1174 1077 falsa
1184 1025 1268 1077 sunt.
1306 1013 1352 1077 Et
1364 1034 1432 1077 non

284 1119 390 1182 solum
406 1119 525 1202 vulgus
536 1119 733 1182 Latinorum
749 1120 808 1182 sed
823 1129 974 1181 auctores
990 1119 1022 1181 in
1038 1118 1089 1182 his
1104 1119 1267 1194 oberrant,
1277 1130 1310 1182 et
1328 1118 1432 1202 Hugo

284 1233 318 1287 et
348 1222 420 1305 ejus
443 1233 624 1288 sectatores
648 1223 705 1305 qui
732 1224 911 1286 aestimant
926 1221 1089 1304 jubileum
1116 1244 1136 1285 a
1150 1222 1259 1304 jubilo
1282 1222 1432 1299 derivari,

284 1347 358 1390 cum
395 1338 508 1391 tamen
534 1326 698 1409 jubileum
734 1327 835 1390 debet
874 1346 947 1391 esse
978 1326 1177 1390 Hebraeum.
1236 1326 1352 1400 Jubilo
1381 1336 1432 1390 est

286 1429 463 1508 Latinum;
486 1432 545 1495 sed
576 1451 641 1494 non
671 1432 771 1494 debet
801 1430 866 1494 dici
899 1429 1067 1503 Jubileum
1098 1440 1136 1494 ut
1166 1430 1261 1495 litera
1287 1431 1302 1494 i
1325 1431 1369 1495 sit
1399 1432 1431 1493 in

283 1536 427 1599 secunda
453 1535 583 1618 syllaba
609 1534 695 1598 sicut
722 1535 755 1597 in
781 1534 905 1608 Jubilo.
963 1534 1074 1598 Debet
1099 1534 1114 1597 i
1135 1554 1248 1599 essee
1276 1534 1371 1599 litera
1395 1546 1432 1599 ut

283 1638 413 1703 dicatur
424 1639 582 1722 jubeleus,
604 1640 691 1704 sicut
706 1638 777 1702 vult
800 1638 950 1702 Isidorus
968 1648 1002 1702 et
1025 1638 1154 1719 Papias,
1169 1648 1203 1702 et
1221 1659 1337 1702 omnes
1358 1639 1431 1702 libri

283 1744 409 1825 antiqui
425 1744 472 1805 sic
488 1744 622 1807 habent.
667 1742 757 1806 Nam
773 1743 893 1806 dicitur
912 1764 932 1805 a
942 1741 1034 1824 jobel
1051 1744 1141 1825 quod
1161 1754 1211 1807 est
1228 1743 1430 1807 Hebraeum.

285 1845 338 1910 Ita
370 1848 584 1910 aestimamus
621 1846 713 1928 quod
751 1846 856 1909 multa
886 1844 1049 1909 vocabula
1084 1866 1170 1928 quae
1199 1856 1276 1909 sunt
1306 1847 1339 1909 in
1371 1867 1430 1910 usu

284 1949 478 2014 Latinorum
494 1951 618 2014 debent
633 1949 757 2033 exponi
774 1969 832 2033 per
846 1947 927 2012 alias
942 1947 1079 2031 linguas.

325 2052 463 2119 Assueti
489 2066 600 2117 autem
628 2054 662 2117 in
685 2054 748 2118 hoc
772 2054 937 2117 credimus
962 2054 1053 2135 quod
1078 2052 1177 2135 longe
1200 2052 1305 2137 plura,
1327 2074 1427 2137 quam
1441 2063 1500 2111 Man

281 2159 402 2222 veritas
417 2159 471 2235 sit,
480 2159 617 2242 capiunt
631 2158 870 2240 etymologiam
886 2157 1028 2221 aliunde.
1075 2157 1162 2221 Nam
1179 2158 1251 2220 sola
1266 2156 1428 2223 illavoca-
1442 2143 1524 2242 ffl
1535 2129 1564 2177 ⁰s

281 2261 370 2339 bula,
394 2282 480 2344 quae
509 2264 660 2327 oriuntur
687 2272 721 2326 et
745 2262 939 2326 derivantur
966 2282 1010 2324 ex
1038 2260 1167 2324 Graeco
1197 2272 1232 2326 et
1264 2262 1429 2341 Hebraeo,
1442 2259 1521 2322 ⁰¹¹ei¹¹

281 2365 404 2430 debent
425 2368 547 2431 habere
572 2366 863 2448 interpretationes
887 2386 946 2448 per
969 2364 1096 2446 linguas
1129 2364 1211 2429 illas.
1258 2365 1310 2429 Ea
1333 2367 1430 2445 enim,
1443 2325 1590 2453 {ffillro

280 2490 365 2552 quae
384 2490 465 2554 pure
485 2470 606 2535 Latina
629 2480 717 2548 sunt,
733 2490 798 2533 non
814 2477 951 2551 possunt
967 2469 1088 2533 habere
1103 2470 1349 2550 expositionem
1369 2472 1429 2534 nisi
1443 2457 1472 2505 ἃ
1484 2456 1587 2519 ‘⁰¹²³ssn·

281 2595 339 2657 per
368 2575 530 2640 vocabula
566 2575 695 2639 Latina
755 2575 843 2639 Nam
873 2594 991 2656 purum
1024 2574 1181 2638 Latinum
1212 2585 1264 2640 est
1294 2577 1430 2639 omnino

279 2678 445 2744 diversum
469 2682 513 2745 ab
537 2680 627 2744 omni
652 2680 776 2765 lingua,
799 2690 833 2743 et
859 2679 935 2744 ideo
963 2700 1029 2744 non
1053 2691 1166 2761 potest
1188 2680 1310 2745 habere
1333 2682 1431 2746 inter·

279 2786 499 2866 pretationem
522 2785 679 2849 aliunde:
701 2786 760 2849 sed
781 2784 892 2848 Latini
914 2805 981 2848 non
996 2785 1060 2848 hoc
1090 2786 1320 2850 considerant:
1363 2787 1430 2851 imo

281 2887 505 2953 indifferenter
534 2910 616 2973 pura
648 2889 771 2953 Latina
799 2909 859 2971 per
887 2889 969 2954 alias
1000 2889 1127 2971 linguas
1163 2891 1428 2974 interpretantur.

281 2992 383 3057 Unde
419 2993 533 3058 multis
567 2995 675 3058 modis
712 2993 776 3058 hoc
804 2994 943 3057 verbum
976 2993 1096 3057 coelum
1134 2996 1226 3076 quod
1263 3005 1314 3059 est
1347 3015 1429 3077 pure

282 3095 438 3160 latinum
460 3096 586 3161 Graece
607 3098 864 3179 interpretantur
886 3098 1035 3161 dicentes
1057 3098 1148 3180 quod
1168 3099 1287 3162 coelum
1308 3099 1430 3163 dicitur

278 3201 373 3282 quasi
397 3222 475 3264 casa
498 3201 608 3278 helios,
638 3202 691 3265 ie.
721 3201 841 3265 domus
863 3200 954 3278 solis,
980 3221 1056 3264 nam
1079 3202 1128 3265 sol
1155 3203 1274 3266 dicitur
1303 3201 1429 3280 heli0s;

278 3306 338 3368 sed
369 3307 549 3387 incongrue
577 3308 694 3371 dicunt
722 3315 756 3369 et
785 3304 878 3370 salso.
925 3304 1058 3368 Debent
1083 3306 1171 3369 enirn
1195 3307 1314 3384 dicere,
1344 3305 1429 3371 casa

279 3407 376 3486 heliu,
390 3429 466 3473 cum
482 3409 588 3473 helios
607 3410 650 3472 sit
665 3409 860 3473 nominativi
878 3428 984 3484 casus,
1001 3406 1088 3471 heliu
1103 3408 1250 3491 genitivi.
1296 3408 1428 3473 Deinde

279 3510 364 3576 laiso
386 3513 515 3577 dicitur.
561 3514 650 3577 Nam
679 3514 766 3578 sicut
790 3513 898 3577 Varro
928 3513 1146 3595 peritissimus
1172 3512 1368 3577 Latinorum
1394 3525 1429 3576 et

281 3616 406 3681 Plinius
431 3618 464 3679 in
496 3617 636 3701 prologo
665 3617 762 3702 plene
791 3617 975 3692 confirmat,
995 3615 1124 3680 coelum
1148 3617 1268 3681 dicitur
1291 3637 1311 3679 a
1339 3616 1429 3694 coelo,

278 3719 388 3792 coelas,
403 3722 494 3804 quod
516 3731 567 3786 est
585 3721 701 3803 sculpo,
724 3723 762 3798 is,
784 3722 862 3804 quia
882 3721 987 3786 stellis
1009 3721 1177 3804 sculptum
1201 3731 1252 3785 est
1275 3730 1309 3785 et
1332 3742 1429 3786 orna-

278 3833 361 3888 tum.
418 3824 519 3907 Quod
546 3828 646 3889 etiarn
670 3834 721 3890 est
743 3824 818 3908 lege
839 3827 1022 3908 scripturae
1045 3826 1292 3889 vocabulorum.
1337 3825 1427 3890 Nam

276 3927 366 4006 coelo,
386 3928 497 4005 coelas,
519 3949 581 4012 pro
599 3929 713 4011 sculpe
726 3928 855 4012 sculpes,
870 3930 1025 3995 scribitur
1045 3950 1104 4013 per
1126 3930 1371 4014 diphthongum
1390 3952 1429 3995 oe

278 4031 312 4094 in
334 4033 488 4097 omnibus
508 4033 602 4096 libris
622 4035 778 4115 antiquis.
824 4035 871 4098 Et
894 4035 942 4098 sic
965 4035 1029 4099 hoc
1044 4036 1180 4098 verbum
1201 4035 1320 4099 coelum
1337 4037 1427 4119 apud

278 4155 394 4201 omnes
416 4138 548 4202 codices
571 4137 726 4219 antiquos
749 4138 903 4202 scribitur
927 4159 986 4222 per
1007 4138 1253 4220 diphthongum
1277 4139 1428 4203 eandem.

278 4239 326 4304 Et
339 4241 416 4305 ideo
427 4241 593 4305 derivatur
607 4239 731 4304 acoelo
746 4243 838 4323 quod
856 4252 907 4305 est
922 4241 1045 4324 sculpo.
1085 4243 1131 4304 Et
1142 4263 1186 4305 ex
1202 4243 1265 4308 hoc
1280 4243 1429 4326 sequitur

276 4345 369 4426 quod
402 4365 466 4408 non
492 4346 660 4409 derivatur
688 4367 709 4409 a
738 4345 810 4423 celo,
830 4345 916 4410 celas
937 4347 1026 4429 quod
1052 4357 1104 4411 est
1133 4347 1259 4422 occulto,
1282 4346 1428 4420 occultas,

277 4449 361 4511 sicut
376 4449 423 4513 illi
438 4450 495 4532 qui
511 4449 586 4512 huic
601 4450 727 4512 nomini
742 4451 825 4515 dant
837 4450 1076 4532 etymologiam
1088 4451 1267 4515 absurdam
1280 4450 1427 4516 dicentes

278 4552 324 4615 sic
346 4551 411 4616 dici
434 4554 525 4635 quod
547 4553 732 4617 occultatur
746 4564 781 4619 et
796 4553 970 4638 elongatur
986 4575 1007 4617 a
1022 4555 1126 4625 nobis,
1143 4554 1198 4616 vili
1219 4574 1328 4618 errore
1341 4556 1427 4620 sicut

326 4689 335 4720 ¹
352 4691 409 4742 Ήιο
420 4692 555 4754 following
566 4705 683 4755 passage,
697 4701 725 4742 to
736 4693 781 4743 the
792 4693 844 4742 end
857 4693 939 4743 nithe
951 4693 1102 4756 paragraph,
1117 4693 1237 4757 supplied
1249 4693 1313 4742 from
1325 4693 1340 4754 J
1360 4693 1377 4744 i.
