3575 5375
309 554 371 634 398
524 556 678 616 OPERIS
702 555 892 625 MAJORIS
916 554 1030 613 PARS
1055 552 1240 627 QUARTA.

312 739 452 802 magnae
468 719 677 795 mutationes,
694 717 769 781 licet
787 738 852 781 non
869 716 1115 781 consideremus
1134 717 1221 779 unde
1242 714 1327 778 tales
1344 713 1463 777 altera·

311 826 417 887 tiones
433 824 635 905 contingunt,
651 822 733 886 sicut
749 822 866 887 accidit
883 823 926 886 de
942 822 1079 886 cometis
1094 832 1127 885 et
1144 821 1307 902 aliquibus
1322 819 1405 883 aliis.

357 929 402 992 Et
421 928 539 992 iterum
556 937 666 1010 potest
682 927 754 991 elici
771 928 850 1008 quid
861 926 1112 1010 intelligendum
1127 936 1178 991 est
1188 927 1230 989 de
1240 923 1464 998 fascinatione,

311 1032 490 1115 quaelicet
506 1033 628 1095 habeat
645 1032 781 1095 verbum
799 1040 999 1113 suspectum,
1019 1043 1053 1094 et
1072 1040 1184 1113 potest
1204 1032 1307 1094 modo
1324 1026 1463 1108 intelligi

311 1148 347 1201 ut
363 1136 493 1201 vetulae
508 1136 683 1219 sortilegae
699 1147 733 1200 et
750 1137 868 1219 magici
882 1136 1091 1198 considerant
1107 1158 1115 1211 ;
1140 1145 1250 1197 tamen
1270 1143 1395 1196 certum
1411 1143 1463 1194 est

312 1243 401 1323 quod
426 1242 519 1304 multi
544 1241 695 1304 homines
724 1251 800 1304 sunt
824 1239 932 1303 malae
956 1238 1195 1322 complexionis
1224 1248 1258 1302 et
1289 1247 1465 1318 corruptae

311 1346 558 1428 compositionis
587 1355 621 1409 et
659 1344 820 1420 infirmae,
859 1345 907 1408 ita
937 1345 1028 1426 quod
1059 1343 1243 1426 contagiosi
1273 1342 1350 1417 sint,
1381 1341 1464 1404 sicut

311 1449 462 1514 homines
472 1448 590 1513 infirmi
601 1449 712 1513 multis
723 1448 846 1512 morbis
857 1448 1066 1530 contagiosis.
1101 1447 1146 1510 Et
1156 1448 1332 1530 praecipue
1343 1447 1463 1511 accidit

311 1554 533 1637 complexioni
562 1553 750 1635 hujusmodi
785 1555 889 1616 virtus
926 1552 1077 1616 infectiva
1110 1563 1145 1616 et
1179 1551 1371 1635 contagiosa
1405 1572 1465 1634 per

311 1655 432 1717 malam
456 1654 741 1719 constellationem
763 1653 795 1717 in
818 1673 884 1735 qua
907 1669 1088 1737 conceptus
1111 1662 1163 1716 est
1178 1673 1259 1736 puer
1280 1652 1332 1715 vel
1356 1662 1462 1715 natus

312 1759 401 1822 Nam
446 1780 464 1822 a
501 1757 679 1822 sanissimis
716 1758 906 1839 parentibus
951 1767 985 1821 et
1029 1759 1176 1840 optimae
1220 1756 1463 1838 complexionis

311 1873 490 1927 nascuntur
504 1861 620 1926 infiniti
633 1861 688 1945 qui
703 1872 778 1925 sunt
794 1863 957 1944 pessimae
972 1861 1212 1944 complexionis
1225 1883 1232 1940 ;
1256 1871 1289 1924 et
1305 1860 1366 1938 isti,
1378 1861 1463 1925 sicut

311 1988 425 2031 omnes
441 1989 492 2031 res
507 1988 601 2032 suam
616 1967 758 2051 speciem
774 1977 808 2031 et
824 1967 976 2030 virtutem
993 1969 1223 2050 producentes,
1235 1967 1463 2029 contaminant

311 2093 362 2136 res
392 2082 589 2154 praesentes,
617 2073 763 2136 maxime
794 2081 925 2137 teneras
955 2083 1067 2137 aetate
1097 2081 1131 2136 et
1162 2071 1404 2154 complexione,
1428 2080 1462 2132 et

310 2178 485 2260 praecipue
512 2195 571 2260 per
600 2176 734 2253 oculos;
765 2177 843 2258 quia
873 2177 983 2258 porosi
1013 2185 1150 2240 suntet
1180 2177 1254 2252 rari,
1277 2187 1311 2238 et
1337 2186 1461 2239 exeunt

311 2301 450 2364 vapores
468 2292 501 2345 et
523 2282 657 2364 spiritus
676 2281 821 2363 corrupti
840 2291 873 2344 et
896 2279 1043 2344 inficiunt
1065 2301 1126 2344 res.
1172 2281 1273 2345 Unde
1293 2279 1462 2361 Virgilius,

312 2386 453 2450 ‘Nescio
483 2388 557 2468 quis
593 2396 725 2450 teneros
762 2384 876 2450 oculus
914 2385 995 2448 mihi
1027 2384 1166 2449 sascinat
1199 2384 1322 2469 agnos'
1368 2383 1462 2448 Sicut

311 2489 428 2554 mulier
450 2501 665 2565 menstruosa,
681 2491 709 2554 si
731 2491 868 2574 aspiciat
896 2491 1065 2573 speculum
1097 2511 1218 2555 novum
1250 2499 1284 2553 et
1313 2489 1462 2572 politum,

311 2595 456 2658 maculat
472 2595 580 2678 ipsum
596 2597 683 2658 nube
698 2595 887 2678 sanguinea,
906 2608 942 2659 ut
954 2593 1154 2659 Aristoteles
1165 2595 1244 2658 dicit
1257 2594 1404 2658 secundo
1419 2595 1462 2657 de

311 2698 438 2763 Somno
455 2710 488 2763 et
510 2699 634 2783 Vigilia
647 2696 670 2776 ¹,
685 2710 718 2764 et
734 2701 939 2783 experientia
954 2703 1063 2775 docet,
1073 2710 1107 2764 et
1122 2702 1169 2765 ita
1185 2700 1287 2764 inficit
1302 2699 1384 2763 alias
1401 2720 1461 2771 res,

309 2804 385 2867 licet
402 2825 468 2867 non
484 2805 531 2868 ita
546 2815 725 2888 appareat:
748 2806 843 2868 etsie
861 2806 984 2887 leprosi
1000 2805 1157 2870 inficiunt.
1200 2806 1246 2870 Et
1254 2806 1337 2869 haec
1348 2804 1462 2868 omnia

311 2910 471 2973 naturalia
487 2919 573 2972 sunt.
620 2909 720 2992 Quod
737 2912 765 2973 si
782 2911 919 2974 ulterius
934 2912 1047 2993 aliqua
1059 2913 1170 2975 anima
1182 2910 1326 2992 maligna
1335 2910 1460 2991 cogitet

310 3012 438 3077 sortiter
468 3016 510 3077 de
539 3012 713 3079 infectione
743 3014 886 3093 alterius,
915 3026 1018 3097 atque
1047 3018 1202 3079 ardenter
1231 3015 1396 3078 desideret
1427 3022 1460 3075 et

310 3118 586 3182 certitudinaliter
616 3118 776 3199 intendat,
813 3129 914 3202 atque
951 3120 1164 3184 vehementer
1201 3120 1387 3182 consideret
1424 3139 1461 3181 se

310 3244 408 3306 posse
430 3244 558 3302 nocere,
580 3244 646 3286 non
669 3234 718 3287 est
742 3226 881 3289 dubium
912 3227 992 3307 quin
1022 3234 1140 3288 natura
1170 3224 1305 3288 obediet
1334 3225 1460 3307 cogita-

310 3329 455 3391 tionibus
478 3329 614 3406 animae‚
631 3338 668 3391 ut
684 3330 783 3392 docet
802 3330 975 3393 Avicenna
994 3340 1113 3394 octavo
1137 3329 1179 3393 de
1194 3328 1406 3392 Animalibus
1427 3337 1462 3391 et

310 3442 429 3514 quarto
445 3432 487 3495 de
504 3432 636 3509 Anima,
652 3441 817 3514 quatenus
837 3430 952 3497 fortior
970 3434 1013 3497 sit
1033 3432 1265 3515 multiplicatio
1285 3432 1406 3515 speciei
1426 3444 1461 3495 et

311 3535 444 3601 infectio
455 3536 632 3601 violentior
646 3562 653 3612 ;
677 3538 762 3601 sicut
777 3538 804 3601 si
821 3538 972 3620 leprosus
990 3539 1139 3602 intendat
1155 3538 1318 3600 desideret
1332 3547 1367 3601 et
1383 3558 1461 3602 con·

310 3640 391 3705 fidat
408 3641 549 3704 multum
566 3661 685 3704 nocere
700 3641 796 3705 alicui
812 3662 912 3724 quem
931 3644 1010 3707 odio
1026 3642 1138 3720 habet,
1153 3643 1250 3725 longe
1268 3640 1343 3724 plus
1358 3640 1462 3706 laedit

309 3766 385 3809 eum
398 3766 498 3826 quam
509 3745 609 3808 alium
621 3748 672 3810 cui
686 3746 809 3809 malurn
823 3767 888 3809 non
902 3748 1034 3829 cogitat.
1082 3746 1200 3811 Omnis
1212 3748 1299 3809 enim
1311 3746 1461 3829 operatio

309 3850 450 3913 hominis
473 3859 524 3912 est
539 3850 653 3913 sortior
669 3860 701 3913 et
719 3850 944 3932 impetuosior‚
959 3852 1094 3934 quando
1109 3852 1237 3915 adeam
1254 3860 1304 3913 est
1320 3850 1461 3913 multum

310 3954 471 4017 sollicitus
487 3962 520 4016 et
535 3953 748 4032 voluntarius,
770 3965 803 4019 et
826 3954 896 4018 fixo
916 3957 1089 4038 proposito
1107 3953 1218 4018 firmat
1234 3956 1461 4029 intentionem,

310 4071 344 4123 et
374 4068 484 4142 sperat
515 4058 651 4123 firmiter
682 4079 718 4123 se
749 4080 848 4142 posse
877 4061 1035 4142 consequi
1059 4059 1150 4142 quod
1174 4060 1325 4125 intendit
1373 4061 1461 4125 Nam

310 4166 424 4229 dicunt
447 4164 621 4247 sapientes,
636 4166 728 4245 quod
751 4166 836 4228 sicut
858 4184 1070 4227 scammonea
1092 4164 1181 4228 acuit
1208 4165 1404 4229 medicinam
1427 4175 1462 4229 et

312 4270 369 4332 dat
392 4270 421 4330 ei
444 4270 601 4351 vigorem,
624 4269 671 4332 sic
701 4269 841 4332 intentio
865 4279 899 4331 et
921 4270 1121 4333 desiderium
1149 4279 1181 4333 et
1205 4268 1403 4333 confidentia
1425 4290 1462 4334 se

310 4375 436 4438 habent
453 4374 485 4435 in
502 4374 656 4456 operibus
674 4373 846 4450 humanis;
874 4382 908 4435 et
924 4374 1032 4436 adhuc
1047 4394 1114 4437 non
1131 4383 1180 4437 est
1198 4373 1374 4454 magicum.

355 4480 441 4543 Nam
459 4477 582 4540 Plinius
598 4480 697 4543 docet
712 4479 853 4560 septimo
865 4477 1084 4556 Naturalium,
1096 4480 1187 4559 quod
1204 4477 1299 4540 multi
1311 4478 1461 4542 homiues

796 4596 873 4646 ¹See
885 4612 910 4659 p.
926 4613 981 4659 142·

1676 895 1706 1046 l
