3575 5375
351 536 413 614 296
576 537 731 596 OPERIS
755 537 944 607 MAJORIS
968 537 1083 596 PARS
1106 536 1292 609 QUARTA.

352 701 443 783 quod
459 699 564 784 figura
579 699 687 764 sensui
705 697 934 764 ministretur¹.
981 698 1092 763 Primo
1117 699 1217 783 igitur
1240 697 1380 782 figuram
1404 695 1506 779 hujus

354 813 491 887 quartae
522 826 598 868 cum
635 804 823 869 climatibus
860 805 928 868 suis
958 824 1091 887 ponam,
1122 814 1157 868 et
1185 805 1328 886 signabo
1356 802 1507 867 civitates

354 906 498 972 famosas
521 909 554 972 in
578 908 659 973 locis
681 907 747 972 suis
770 929 828 993 per
850 909 1044 972 distantiam
1062 929 1175 972 earum
1198 909 1241 972 ab
1265 906 1507 990 aequinoctiali,

354 1032 440 1094 quae
455 1022 593 1076 vocatur
608 1012 752 1076 latitudo
768 1013 911 1077 civitatis
926 1012 978 1076 vel
995 1013 1138 1096 regionis
1151 1036 1159 1086 3
1181 1022 1216 1076 et
1232 1032 1291 1094 per
1312 1010 1506 1074 distantiam

354 1118 397 1179 ab
413 1117 585 1182 occidente
600 1116 651 1180 vel
667 1119 801 1192 oriente,
820 1137 906 1200 quae
922 1116 1095 1200 longitudo
1112 1117 1255 1198 regionis
1276 1125 1425 1180 vocatur.
1459 1113 1507 1176 Et

355 1221 388 1284 in
417 1222 634 1286 divisionibus
663 1221 834 1284 climatum
857 1232 959 1305 atque
982 1223 1015 1283 in
1039 1220 1272 1285 latitudinibus
1295 1230 1328 1283 et
1359 1218 1506 1300 longitu-

355 1326 486 1390 dinibus
510 1327 682 1390 civitatum
708 1335 782 1389 utar
806 1328 1004 1390 auctoritate
1024 1337 1060 1389 et
1083 1324 1288 1408 experientia
1310 1325 1508 1406 sapientum.

227 1459 336 1550 s-
356 1428 425 1494 Sed
447 1430 481 1492 in
503 1431 690 1512 signatione
712 1430 854 1494 civitatis
876 1431 910 1493 in
933 1431 1008 1494 loco
1031 1450 1092 1494 suo
1114 1449 1173 1513 per
1204 1428 1445 1511 longitudinem
1471 1437 1508 1490 et

328 1533 565 1611 '‚²latitudinem
589 1555 683 1597 suam
705 1535 856 1599 inventas
885 1533 929 1597 ab
958 1534 1157 1610 auctoribus,
1184 1533 1407 1616 superaddam
1429 1530 1509 1594 arti-

312 1618 335 1663 ’”
357 1636 478 1716 ficium,
509 1659 576 1721 quo
608 1638 701 1703 locus
731 1638 874 1702 civitatis
908 1638 1071 1703 habeatur
1107 1658 1167 1721 per
1206 1638 1400 1702 distantiam
1438 1636 1509 1717 ejus

298 1727 301 1734 ¹
358 1763 379 1805 a
402 1742 537 1805 meridie
559 1752 593 1806 et
616 1743 841 1825 septentrione
863 1752 898 1806 et
927 1744 1054 1807 oriente
1076 1752 1110 1807 et
1140 1743 1321 1805 occidente.
1369 1741 1416 1805 Et
1445 1740 1508 1804 hoc

237 1871 239 1878 ⁴
357 1845 531 1910 artificium
553 1846 704 1910 consistit
726 1847 759 1909 in
783 1867 943 1911 concursu
973 1847 1079 1911 lineae
1108 1858 1218 1910 rectae
1252 1846 1507 1929 aequidistantis

359 1950 590 2032 aequinoctiali
614 1951 764 2034 signatae
795 1952 827 2014 in
859 1953 979 2035 plano:
1018 1951 1200 2015 secundum
1230 1949 1374 2014 sormam
1403 1949 1510 2013 lineae

167 2097 179 2136 ι
358 2066 467 2120 rectae
481 2055 602 2118 ductae
620 2077 641 2119 a
656 2076 793 2119 numero
815 2057 980 2139 graduum
1003 2056 1187 2120 latitudinis
1212 2055 1356 2138 regionis
1379 2055 1511 2137 signato

113 2179 140 2226 n
357 2160 391 2222 in
412 2169 530 2242 quarta
553 2159 655 2223 coluri
677 2161 778 2223 ducta
799 2161 845 2223 ab
866 2159 1103 2243 aequinoctiali
1125 2161 1168 2223 ad
1191 2158 1306 2243 polum
1337 2158 1452 2222 mundi
1476 2158 1510 2220 in
1584 2221 1590 2228 ,

117 2250 128 2260 ”
360 2283 564 2342 concursum,
587 2264 731 2346 inquam,
754 2284 829 2328 cum
853 2285 931 2330 arcu
954 2264 1064 2328 circuli
1089 2265 1199 2348 magni
1220 2263 1278 2346 qui
1310 2263 1429 2326 transit
1452 2281 1511 2345 per

359 2368 455 2451 polos
478 2369 593 2432 mundi
617 2380 651 2433 et
673 2389 733 2452 per
751 2390 924 2434 numerum
943 2369 1158 2452 longitudinis
1178 2369 1321 2433 civitatis
1339 2368 1508 2450 signatum

358 2473 393 2535 in
423 2473 657 2557 aequinoctiali
688 2474 818 2539 circulo.
865 2474 931 2538 Hic
961 2485 1073 2539 autem
1108 2475 1227 2538 modus
1258 2473 1373 2536 melior
1403 2482 1454 2537 est
1475 2482 1511 2536 et

360 2575 493 2656 facilior,
512 2587 547 2641 et
561 2578 681 2642 sufficit
696 2579 951 2644 considerationi
970 2578 1118 2642 locorum
1134 2579 1250 2643 mundi
1271 2579 1304 2640 in
1320 2577 1511 2660 hujusmodi

360 2681 557 2767 figuratione
575 2683 729 2746 sensibili.

191 2798 337 2879 eqatorial
406 2785 592 2849 Ostendam
616 2788 717 2849 etiam
749 2807 824 2851 cum
847 2786 1024 2852 latitudine
1052 2788 1230 2871 cujuslibet
1258 2787 1400 2851 climatis
1430 2796 1513 2870 quot

190 2880 307 2982 {253⁰}
365 2888 515 2954 milliaria
538 2890 712 2972 quodlibet
735 2892 903 2956 contineat
926 2892 958 2955 in
981 2913 1026 2970 se,
1048 2902 1083 2956 et
1113 2902 1196 2975 quot
1218 2893 1341 2975 gradus
1364 2892 1397 2953 in
1418 2890 1513 2955 coelo

191 2997 326 3047 rhezonea
364 2990 500 3057 cuilibet
537 2994 769 3077 respondeant,
800 3004 833 3059 et
863 3005 947 3077 quot
973 2994 1074 3059 horas
1103 2995 1206 3059 habet
1235 2996 1306 3059 dies
1343 2995 1514 3077 prolixior.

365 3097 519 3161 Elevatio
540 3107 653 3161 autem
677 3096 745 3181 poli
768 3119 866 3182 supra
888 3098 1060 3164 horizonta
1084 3101 1117 3163 in
1140 3099 1289 3182 quolibet
1311 3099 1446 3162 climate
1463 3108 1514 3161 est

362 3200 507 3267 latitudo
529 3203 599 3285 ejus
622 3203 665 3266 ab
688 3203 929 3287 aequinoctiali,
952 3214 986 3267 et
1008 3204 1166 3268 distantia
1190 3202 1301 3267 zenith
1325 3204 1443 3285 capitis
1469 3203 1513 3266 ab

362 3306 605 3389 aequinoctiali,
620 3307 709 3370 idem
725 3327 801 3370 cum
818 3307 993 3372 latitudine
1014 3319 1049 3373 et
1070 3329 1146 3373 cum
1170 3306 1355 3371 elevatione
1371 3307 1456 3388 poli:
1480 3317 1514 3370 et

361 3430 452 3493 pono
474 3431 648 3475 numerum
673 3412 900 3476 milliariorum
922 3415 1026 3478 totius
1056 3413 1154 3495 spatii
1181 3421 1309 3495 septem
1333 3411 1514 3476 climatum.

364 3512 432 3579 Sed
448 3515 526 3579 licet
540 3535 606 3578 non
628 3527 744 3581 notata
762 3527 839 3580 sunt
861 3539 881 3580 a
906 3516 1114 3601 philosophis
1139 3516 1199 3580 nisi
1219 3529 1350 3599 septem
1368 3514 1516 3603 climata,

363 3616 576 3683 nihilominus
593 3629 705 3682 tamen
721 3620 855 3701 signant
870 3619 936 3684 alia
952 3622 1060 3702 spatia
1081 3630 1187 3682 terrae
1206 3629 1241 3684 et
1260 3629 1339 3683 ante
1359 3615 1516 3682 climata²

361 3731 395 3785 et
425 3732 511 3804 post.
568 3723 657 3786 Nam
688 3723 900 3787 Ptolemaeus
929 3724 1011 3789 dicit
1041 3725 1074 3787 in
1104 3724 1190 3788 libro
1217 3725 1258 3787 de
1287 3724 1516 3805 Dispositione

364 3824 541 3908 Sphaerae,
572 3828 662 3907 quod
693 3827 962 3911 perambulatum
994 3838 1046 3892 est
1074 3829 1201 3892 auxilio
1225 3848 1339 3910 regum
1362 3826 1515 3910 Aegypti

364 3930 529 4011 usquead
554 3929 829 4013 aequinoctialem
850 3932 1020 3995 circulum.
1057 3932 1092 3995 A
1110 3932 1225 4015 paucis
1251 3942 1362 3995 tamen
1385 3942 1419 3995 et
1442 3950 1517 3993 raro

362 4034 595 4117 pertransitum
612 4045 661 4098 est
677 4034 741 4099 hoc
757 4015 901 4118 spatium
918 4045 996 4099 ante
1012 4037 1147 4100 climata
1167 4046 1303 4119 propter
1322 4035 1515 4100 distantiam

363 4138 442 4223 ejus,
455 4140 514 4203 sed
524 4140 631 4222 magis
641 4148 777 4223 propter
788 4140 1026 4225 negligentiam
1037 4142 1219 4225 principum
1232 4141 1288 4224 qui
1300 4139 1517 4222 philosophos

362 4244 521 4307 deberent
541 4244 657 4327 juvare
682 4246 714 4307 in
738 4244 800 4309 hac
822 4258 925 4329 parte.
973 4245 1079 4329 Signo
1101 4266 1181 4329 ergo
1203 4247 1312 4326 spatia
1343 4246 1406 4309 tria
1438 4254 1517 4307 ante

396 4380 404 4411 ¹
423 4380 446 4430 lt
459 4381 481 4429 is
493 4382 598 4431 evident
613 4380 678 4430 lrnm
695 4382 746 4431 this
761 4382 811 4430 and
829 4384 904 4432 other
921 4398 1044 4446 passages
1062 4384 1118 4431 that
1135 4382 1225 4431 Bacon
1241 4381 1368 4445 prepared
1381 4396 1397 4429 a
1415 4396 1474 4443 map
1491 4380 1522 4428 ol

362 4460 407 4508 the
418 4460 502 4508 world
513 4468 541 4509 to
552 4460 678 4509 illustrate
689 4461 741 4509 this
759 4468 816 4523 part
828 4459 858 4510 ol
870 4462 916 4509 the
933 4461 1004 4524 Opus
1017 4460 1110 4524 Majus.
1149 4460 1192 4509 No
1207 4468 1279 4510 trace
1298 4460 1328 4509 os
1341 4462 1368 4523 it,
1383 4460 1515 4523 however,

362 4538 488 4587 hasbeen
500 4540 615 4589 hitherto
627 4540 786 4589 discovered.

395 4616 405 4643 ²³
421 4616 492 4666 Ante
503 4618 613 4679 climata,
627 4619 673 4669 i.e.
685 4618 788 4682 beyond
803 4616 845 4666 16⁰
857 4616 906 4680 25',
919 4618 1004 4668 South
1015 4618 1130 4667 latitude.
