3575 5375
696 609 988 670 GEOGRAPHIA.
1351 605 1412 684 287

259 769 302 834 sit
317 778 442 834 tactum
460 773 503 834 de
518 770 708 854 cognitione
719 769 866 833 locorum
878 769 992 833 mundi
1004 777 1038 832 et
1050 787 1159 832 rerum
1171 766 1410 853 generabilium
1424 775 1503 826 Eflect
1514 775 1557 852 ot·

260 874 293 936 in
310 875 359 940 eis
381 895 440 959 per
460 876 625 952 coelestia,
640 885 751 939 tamen
771 894 858 938 nunc
879 873 1013 938 uberius
1032 873 1097 938 hoc
1114 892 1286 956 exponam
1304 852 1574 958 trans·2⁵„,‘¹‹‘1'}¹,‘,·',}¹,¹,¹3c

259 982 369 1044 eundo
385 983 427 1046 ad
446 982 644 1046 medicinam
662 992 799 1064 propter
812 1001 934 1062 corpus
947 981 1141 1054 humanum,
1153 979 1248 1062 cujus
1263 979 1410 1062 cognitio
1422 989 1456 1088 3¹¹
1468 973 1509 1050 ³¹¹3

259 1087 365 1168 magis
381 1098 432 1151 cst
447 1086 574 1150 homini
590 1086 773 1150 neccssaria
787 1105 889 1168 quam
909 1084 1048 1165 alicujus
1068 1085 1115 1147 rei
1135 1083 1270 1148 alterius
1291 1085 1325 1147 in
1345 1084 1409 1148 hoc
1423 1054 1525 1154 „1¹5th

236 1189 393 1254 mundo.
452 1190 496 1254 Et
521 1211 589 1255 non
613 1190 721 1254 solum
750 1188 926 1254 manifesto
951 1189 1120 1271 quomodo
1144 1208 1195 1251 res
1219 1189 1252 1251 in
1274 1186 1409 1252 diversis
1421 1170 1524 1286 fflc

258 1293 339 1356 locis
363 1297 476 1358 mundi
500 1305 752 1377 cognoscuntur,
770 1295 828 1358 sed
852 1293 1023 1376 quomodo
1044 1293 1077 1356 in
1100 1292 1227 1356 eisdem
1244 1313 1306 1376 per
1324 1304 1409 1356 tem·

259 1418 376 1481 porum
400 1401 529 1465 diversa
556 1399 715 1464 curricula
735 1408 922 1462 causantur.
968 1395 1118 1462 Effectus
1136 1417 1215 1461 vero
1238 1417 1306 1461 non
1329 1417 1409 1479 cog·

258 1504 405 1566 noscitur
420 1504 480 1568 nisi
496 1524 554 1585 per
569 1525 662 1568 suam
680 1523 823 1574 causam,
834 1513 871 1567 ut
887 1511 1014 1566 certum
1029 1512 1080 1566 est
1092 1501 1182 1583 apud
1192 1521 1309 1566 omnes
1318 1525 1327 1576 ;
1350 1503 1410 1566 sed

258 1607 414 1672 coelestia
430 1620 505 1673 sunt
516 1628 635 1674 causae
651 1607 850 1684 inferiorum,
860 1609 950 1671 unde
960 1615 1095 1689 oportet
1106 1607 1198 1690 quod
1209 1607 1316 1671 sciant
1326 1606 1410 1669 haec

258 1711 459 1794 generabilia
476 1732 535 1794 per
550 1712 788 1796 ingenerabilia
806 1732 892 1794 quae
909 1721 986 1776 sunt
1001 1710 1168 1774 coelestia.
1213 1709 1315 1794 Quod
1330 1731 1410 1776 vero

258 1814 413 1882 coelestia
429 1837 495 1882 non
513 1827 642 1882 tantum
658 1819 724 1881 sint
739 1837 858 1882 causae
873 1815 1083 1892 universales,
1093 1815 1150 1878 sed
1166 1834 1287 1879 causae
1301 1834 1408 1877 rerum

256 1920 446 1986 interiorum
468 1923 621 2005 propriae
640 1933 675 1987 et
695 1921 919 2004 particulares,
934 1920 1094 2001 probatur
1109 1938 1168 2003 per
1182 1918 1410 1994 Aristotelem,

257 2026 314 2106 qui
326 2026 407 2088 dicit
422 2028 568 2091 secundo
579 2028 621 2089 de
634 2025 963 2105 Generatioue,quod
974 2023 1139 2087 elementa
1149 2023 1293 2087 deterius
1304 2033 1409 2106 agurnt

257 2150 358 2211 quam
374 2150 499 2212 organa
515 2142 548 2194 et
565 2132 784 2194 instrumenta
799 2127 979 2193 artificialia
990 2137 1139 2210 respectu
1151 2126 1295 2190 artificis.
1340 2126 1408 2192 Sed

257 2243 330 2297 tota
345 2234 432 2298 actio
448 2232 626 2296 artificialis
647 2233 871 2317 principaliter
890 2231 1082 2296 attribuitur
1098 2230 1226 2307 artifici,
1241 2242 1279 2296 ut
1293 2229 1408 2295 aedifi-

258 2336 372 2412 catori,
388 2357 453 2400 non
469 2337 539 2418 ejus
555 2357 688 2418 organo,
706 2345 743 2400 ut
757 2336 871 2400 securi.
918 2335 1009 2417 Ergo
1024 2332 1235 2400 manifestum
1250 2343 1302 2400 est
1316 2337 1423 2418 quod'

258 2440 351 2504 coelo
367 2441 556 2504 attribuitur
571 2443 721 2524 operatio
736 2438 928 2521 principalis
946 2439 1094 2504 omnium
1117 2436 1316 2510 inleriomm,
1332 2459 1408 2506 cum

258 2563 324 2608 non
341 2544 406 2608 sint
422 2545 556 2628 agentia
571 2546 633 2608 nisi
649 2544 778 2610 coelum
793 2552 828 2608 et
843 2542 1008 2608 elementa
1019 2550 1193 2625 quaesunt
1204 2542 1274 2625 ejus
1289 2544 1408 2607 instru-

259 2661 379 2714 menta.
427 2649 599 2715 Praeterea
628 2649 692 2713 hoc
724 2658 817 2732 patet
847 2648 1022 2713 inductive.
1067 2649 1158 2714 Nam
1188 2647 1222 2713 in
1253 2648 1408 2714 omnibus

258 2755 448 2821 inanimatis
467 2754 595 2819 coelum
615 2766 666 2819 est
688 2774 787 2818 causa
810 2753 1016 2836 particularis
1037 2755 1106 2817 sine
1128 2754 1408 2832 contradictione3

256 2860 333 2942 quia
348 2860 530 2925 inanimata
545 2881 611 2925 non
626 2869 786 2943 generant
800 2860 945 2941 aliquod,
960 2879 1019 2923 nec
1036 2859 1223 2942 producunt
1237 2858 1409 2923 individua

256 2984 336 3028 suae
365 2965 494 3047 speciei,
524 2966 602 3048 quia
632 2965 716 3048 lapis
746 2984 811 3027 non
842 2974 980 3045 generat
1009 2962 1164 3046 lapidem,
1190 2963 1276 3028 sicut
1306 2962 1408 3027 homo

255 3068 424 3133 hominem
440 3078 474 3133 et
489 3070 601 3133 asinus
615 3070 751 3133 asinum.
798 3066 1014 3131 Manifestum
1030 3078 1081 3131 est
1092 3068 1191 3149 igitur
1202 3068 1293 3150 quod
1304 3068 1408 3130 virtus

255 3172 338 3237 coeli
366 3174 575 3255 incorporata
602 3174 634 3237 in
661 3173 835 3238 materiam
858 3172 1098 3235 elementorum
1121 3172 1273 3254 producit
1295 3170 1409 3234 omnia

255 3277 445 3354 inanimata,
460 3286 494 3340 et
509 3280 658 3341 animata
673 3296 732 3358 per
748 3276 1022 3358 putrefactionem
1037 3273 1205 3339 similiter:
1226 3294 1304 3337 nam
1322 3274 1408 3338 circa

256 3400 367 3445 eorum
384 3382 632 3462 generationem
650 3400 716 3444 non
735 3390 812 3443 sunt
827 3380 888 3443 nisi
903 3378 1034 3442 coelum
1050 3389 1084 3443 et
1099 3378 1274 3442 elementa.
1311 3378 1408 3441 Prae·

255 3494 346 3549 terea
369 3484 450 3547 dicit
470 3483 639 3547 Averroes
662 3484 805 3566 septimo
830 3482 1083 3564 Metaphysicae
1103 3482 1194 3564 quod
1217 3482 1306 3545 idern
1329 3481 1407 3547 facit

254 3588 358 3652 virtus
394 3588 473 3653 solis
504 3589 538 3652 in
568 3588 705 3653 materia
743 3586 930 3669 putrefacta
957 3584 1048 3669 quod
1078 3587 1181 3649 virtus
1211 3597 1343 3668 patrum
1373 3586 1407 3649 in

254 3692 443 3769 seminibus,
459 3712 561 3776 quare
576 3712 708 3756 necesse
723 3702 774 3755 est
790 3690 920 3756 coelum
934 3710 1007 3755 esse
1021 3710 1156 3754 causam
1176 3689 1406 3774 particularem

254 3795 423 3876 usquead
450 3792 698 3875 generationem
725 3811 834 3855 rerum
860 3813 904 3855 ex
928 3790 1178 3875 propagatione.
1225 3788 1293 3855 Sed
1315 3791 1406 3873 quod

249 3898 404 3979 ¹similiter
418 3898 461 3961 sit
476 3897 521 3962 ibi
538 3896 654 3979 probo.
694 3896 782 3961 Nam
798 3898 831 3961 in
842 3894 1094 3978 vegetabilibus
1109 3894 1310 3961 Aristoteles
1324 3896 1406 3959 dicit

254 4004 362 4085 primo
377 4004 421 4067 de
436 4002 565 4085 plantis,
578 4003 669 4084 quod
684 4000 734 4066 sol
751 4012 801 4065 est
817 4009 912 4083 pater
927 4000 1115 4084 plantarum
1131 4010 1166 4066 et
1176 4010 1265 4065 terra
1280 4009 1405 4076 mater3

253 4116 288 4170 et
299 4107 332 4169 in
344 4106 558 4171 Animalibus
568 4105 638 4170 vult
650 4104 730 4169 illud
747 4105 835 4170 idem
849 4127 857 4183 ;
872 4105 1002 4187 quiade
1013 4104 1284 4186 homine,dequo
1296 4105 1405 4169 minus

253 4212 392 4285 videtur,
405 4211 486 4273 dicit
502 4211 648 4275 secundo
665 4209 891 4290 Physicorum,
903 4209 1007 4273 homo
1021 4217 1160 4290 generat
1175 4208 1346 4272 hominem
1361 4228 1405 4271 ex

255 4314 393 4377 materia
403 4324 438 4376 et
449 4314 507 4390 sol,
517 4323 551 4375 et
563 4322 695 4378 constat
706 4312 796 4394 quod
809 4320 905 4395 pater
915 4332 982 4375 non
994 4314 1167 4377 continuat
1176 4331 1236 4376 nec
1248 4312 1406 4377 terminat

253 4417 513 4499 generationem,
537 4417 595 4481 sed
627 4416 742 4498 incipit
772 4426 904 4481 tantum
935 4436 995 4499 per
1022 4415 1224 4481 decisionem
1248 4415 1405 4492 seminium

252 4529 456 4604 quapropter
471 4528 605 4602 oportet
615 4521 703 4603 quod
718 4522 915 4585 continuans
925 4529 961 4583 et
973 4518 1146 4602 perficiens
1157 4519 1403 4602 generationem

251 4627 296 4691 sit
318 4624 368 4689 sol
391 4646 447 4691 seu
466 4626 570 4689 virtus
592 4625 683 4690 coeli.
730 4624 776 4690 Et
798 4644 867 4690 non
889 4623 999 4689 solum
1021 4632 1072 4689 est
1092 4622 1222 4689 coelum
1246 4641 1347 4689 causa
1369 4622 1404 4688 iu
