3575 5375
650 629 820 688 CAUSAE
844 629 1044 688 ERRORIS.

691 868 917 935 crnrmmr
943 869 1003 933 lV.

314 1003 382 1069 Sed
404 1016 518 1070 tamen
541 1017 833 1090 quantumcunque
855 1008 978 1091 fragilis
1008 1008 1051 1073 sit
1084 1010 1272 1084 auctoritas,
1296 1029 1419 1073 nomen
1432 1026 1546 1078 otthese

270 1107 371 1173 habet
386 1110 530 1187 honoris,
541 1122 576 1175 et
592 1114 799 1177 consuetudo
813 1111 989 1177 violentior
1004 1124 1054 1177 est
1070 1116 1112 1178 ad
1129 1124 1302 1198 peccatum
1317 1134 1418 1197 quam
1431 1093 1540 1224 {mar

270 1212 361 1296 ipsa3
393 1226 534 1297 utraque
555 1227 668 1281 autern
702 1236 814 1281 earum
846 1218 1063 1301 impetuosior
1092 1227 1142 1282 est
1174 1238 1289 1281 sensus
1318 1218 1419 1300 vulgi.
1433 1224 1558 1289 prejudice

272 1318 360 1381 Nam
379 1321 558 1383 auctoritas
584 1321 693 1385 solum
716 1321 827 1397 allicit,
849 1323 1056 1386 consuetudo
1079 1321 1170 1406 ligat,
1192 1324 1307 1405 opinio
1328 1324 1419 1405 vulgi
1432 1292 1580 1421 ξοζιζξῗοςῑ

270 1423 456 1488 obstinatos
478 1425 566 1505 parit
586 1435 621 1489 et
638 1424 822 1489 confirmat.
870 1426 1086 1491 Consuetudo
1107 1438 1218 1491 autem
1242 1438 1292 1491 est
1316 1428 1420 1492 altera

270 1538 397 1605 natura,
409 1538 446 1591 ut
457 1528 539 1592 dicit
550 1529 767 1614 philosophus
779 1531 864 1595 libro
876 1532 918 1595 de
929 1532 1089 1595 memoria
1102 1541 1135 1595 et
1148 1532 1421 1611 reminiscentia¹,

270 1639 304 1695 et
320 1632 353 1693 in
380 1631 466 1695 libro
483 1633 744 1712 Problematum,
758 1643 793 1697 et
813 1636 888 1699 ideo
914 1635 1074 1717 majorem
1099 1636 1291 1700 violentiam
1317 1658 1419 1719 quam

269 1736 447 1802 auctoritas
472 1738 608 1803 inducit.
657 1739 757 1803 Unde
782 1738 998 1822 philosophus
1023 1747 1099 1801 10¹¹²⁰
1124 1740 1319 1804 Ethicorum
1346 1762 1420 1804 sen·

270 1844 395 1906 tentiae
414 1842 578 1923 Jeremiae
593 1846 635 1908 de
651 1844 738 1927 pelle
753 1841 962 1926 Aethiopum
982 1844 1150 1920 adhaeret,
1169 1845 1291 1923 dicens,
1310 1847 1419 1928 ‘quod

270 1947 475 2029 impossibile
490 1958 540 2011 est
554 1947 606 2012 vel
619 1948 751 2012 difficile
765 1969 851 2025 eum,
862 1948 919 2030 qui
935 1970 994 2031 per
1005 1951 1278 2013 consuetudinem
1296 1950 1420 2013 malam

271 2050 441 2115 induratus
456 2063 515 2129 est,
531 2053 650 2116 mutari
665 2055 708 2117 ad
727 2050 873 2117 bonum)
919 2053 965 2116 Et
977 2051 1153 2117 Sallustius
1169 2054 1203 2115 in
1219 2054 1421 2137 Jugurthino

270 2174 403 2218 sensum
449 2155 639 2220 Solomonis
682 2157 816 2239 profert,
853 2178 929 2220 cum
967 2158 1021 2233 ait,
1052 2156 1127 2220 ‘ubi
1164 2138 1420 2223 adolescentiam

271 2258 424 2340 habuere,
457 2261 503 2322 ibi
536 2272 741 2325 senectutem
778 2259 900 2343 agunt!
949 2259 1121 2325 Sententia
1158 2262 1292 2344 quidem
1330 2261 1420 2345 vulgi

272 2364 410 2427 caeteris
441 2364 594 2447 improba
624 2366 732 2448 magis
760 2375 820 2430 est.
867 2366 966 2440 Nam,
996 2375 1033 2428 ut
1069 2366 1117 2429 ait
1156 2365 1283 2430 Seneca
1319 2366 1420 2430 tertio

271 2466 563 2532 Declamationum
579 2469 671 2546 libro,
693 2469 891 2533 ‘multitudo
910 2469 1012 2533 semel
1031 2478 1123 2533 mota
1138 2470 1276 2533 modum
1292 2490 1420 2533 servare

271 2592 338 2635 non
365 2571 513 2654 potest'3
546 2582 684 2657 propter
711 2574 801 2656 quod
831 2573 1000 2655 Johannes
1031 2573 1290 2655 Chrysostomus
1320 2594 1420 2656 super

274 2675 483 2741 Matthaeum
499 2678 580 2741 dicit
596 2682 838 2743 ‘convenerunt
853 2689 890 2742 ut
907 2677 1119 2742 multitudine
1134 2677 1303 2742 vincerent
1318 2699 1418 2762 quem

272 2782 398 2845 ratione
412 2802 566 2863 superare
586 2803 652 2846 non
673 2779 846 2866 poterant.’
894 2782 950 2847 Sic
970 2785 1247 2848 considerandum
1272 2793 1323 2846 est
1344 2784 1420 2847 dili-

180 2955 185 2964 ·
272 2897 389 2967 genter
411 2887 501 2969 quod
523 2886 642 2969 vulgus
664 2888 853 2971 imperitum
875 2909 943 2951 non
965 2887 1072 2951 solum
1102 2887 1279 2951 violentius
1303 2898 1353 2952 est
1375 2889 1419 2951 ad

271 2991 518 3071 persuasionem
533 2991 611 3054 mali
622 3011 723 3074 quam
738 2991 864 3073 reliqua
878 2992 956 3069 du0‚
969 2993 1026 3055 sed
1043 2992 1181 3056 stultum
1197 3002 1249 3056 est
1264 3001 1297 3055 et
1314 2995 1420 3076 magis

272 3096 465 3177 elongatum
489 3095 598 3159 atine
623 3097 814 3179 sapientiae.
859 3098 948 3160 Nam
982 3096 1177 3178 exemplum
1208 3095 1420 3177 perfectionis

271 3200 415 3263 trahitur
428 3201 472 3263 ab
488 3199 599 3282 aliquo
614 3200 646 3262 in
661 3201 943 3275 consuetudinem,
958 3201 1016 3264 sed
1036 3200 1138 3280 vulgo
1162 3199 1285 3263 sufficit
1301 3209 1338 3262 ut
1354 3221 1420 3264 non

271 3313 366 3367 erret.
413 3305 451 3368 In
474 3304 565 3367 nullo
585 3305 675 3367 enim
695 3313 784 3367 statu
806 3304 975 3367 Ecclesiae
1002 3305 1177 3386 requiritur
1198 3313 1235 3366 ut
1252 3302 1323 3384 ejus
1346 3325 1420 3386 per·

271 3408 445 3473 lectionem
462 3417 575 3472 teneat
594 3408 784 3472 multitudo.
828 3408 917 3470 Nam
934 3419 969 3471 et
983 3409 1071 3490 apud
1083 3407 1254 3489 religiosos
1269 3409 1420 3489 paucitas

272 3513 385 3596 figitur
410 3513 442 3576 in
475 3523 589 3577 centro
611 3511 821 3596 perfectionis
843 3532 923 3576 suae
953 3522 986 3576 et
1017 3510 1198 3576 multitudo
1220 3520 1361 3593 vagatur
1386 3512 1420 3576 in

271 3615 542 3680 circumferentia.
588 3616 643 3682 Sic
669 3626 719 3681 est
750 3617 784 3679 in
814 3625 902 3680 statu
936 3615 1117 3680 multorum
1147 3616 1352 3694 secularium,
1383 3628 1421 3681 ut

271 3723 433 3786 cernimus
443 3721 486 3785 ad
503 3720 635 3784 oculum
647 3722 826 3786 evidenter.
871 3721 986 3784 Turba
1001 3721 1087 3784 enim
1106 3721 1192 3784 sicut
1207 3740 1282 3782 cum
1300 3720 1421 3802 Moyse

271 3846 337 3890 non
359 3827 509 3889 ascendit
532 3827 564 3887 in
586 3835 748 3904 montem,
761 3827 808 3890 sic
826 3845 886 3889 nec
905 3845 981 3889 cum
1001 3823 1134 3890 Christo
1157 3825 1189 3886 in
1208 3825 1421 3907 transfigura-

270 3931 363 3994 tione
390 3929 512 3994 Christi
540 3929 721 3994 multitudo
744 3929 982 4012 discipulorum
1003 3939 1175 4014 assumpta
1195 3938 1254 4008 est,
1274 3929 1332 3992 sed
1353 3940 1421 3994 tres

270 4035 367 4100 electi
383 4035 579 4118 specialiter.
624 4035 767 4100 Etcum
792 4037 987 4117 magistrum
1017 4035 1225 4116 perfectionis
1252 4032 1421 4098 Christum

272 4140 369 4204 turba
384 4150 498 4204 secuta
513 4149 564 4203 est
578 4160 639 4222 per
652 4140 738 4203 duos
752 4159 857 4203 annos
881 4139 1138 4222 praedicantem,
1154 4147 1270 4220 postea
1286 4139 1421 4203 demisit

271 4265 357 4323 eum,
373 4254 408 4309 et
429 4245 463 4307 in
486 4243 551 4307 fine
573 4244 738 4320 clamavit,
762 4240 966 4326 ‘Crucifige’
1003 4241 1091 4307 Nam
1111 4242 1230 4324 vulgus
1249 4242 1329 4305 nihil
1348 4262 1421 4326 per-

271 4349 393 4414 fectum
416 4349 610 4413 continuare
638 4356 758 4430 potest,
782 4347 909 4412 utinam
934 4347 1021 4411 enim
1052 4349 1131 4425 vita,
1154 4367 1215 4410 nec
1244 4347 1279 4410 in
1309 4347 1420 4410 studio

270 4461 420 4519 errasset
466 4453 513 4518 Et
534 4454 621 4517 sicut
642 4473 704 4517 nos
726 4451 789 4516 hoc
811 4452 962 4516 videmus
989 4453 1021 4515 in
1043 4452 1184 4515 veritate
1206 4449 1294 4526 fidei,
1316 4451 1363 4514 sic
1386 4451 1419 4512 in

270 4558 510 4643 professoribus
543 4555 782 4640 philosophiae.
828 4557 917 4620 Nam
949 4576 1080 4640 semper
1108 4556 1274 4638 sapientes
1304 4562 1420 4617 contra

498 4691 507 4722 ¹
525 4691 564 4740 De
574 4691 704 4754 Menona,
715 4706 769 4754 cap.
783 4705 800 4739 α
811 4688 892 4752 ὥσπερ
900 4687 948 4754 γὰρ
958 4687 1030 4752 φύσις
1040 4687 1086 4753 ἤδη
1097 4686 1127 4736 τὸ
1139 4687 1200 4737 ἔθος.
