3575 5375
593 636 856 696 LINGUARUM
880 636 1090 695 COGNITIO.
1375 652 1414 713 73

262 809 398 885 propter
413 798 514 863 fidem
531 802 738 884 probandam
755 798 943 863 infidelibus
965 810 1002 863 ut
1017 799 1193 863 flectantur
1213 799 1254 863 ad
1278 800 1413 863 creden-

262 907 341 969 dum
357 915 392 968 et
406 925 556 969 amorem
567 904 645 968 lidci
658 905 878 969 Christianae.
927 905 972 967 Et
987 904 1139 967 similiter
1152 915 1188 967 ut
1200 902 1414 968 artificialiter

262 1009 490 1092 praedicemus
505 1009 660 1072 omnibus
680 1010 800 1090 quibus
821 1008 1023 1092 praedicatio
1044 1008 1228 1071 necessaria
1243 1017 1302 1086 est,
1317 1018 1350 1071 et
1366 1009 1412 1071 sic

261 1116 304 1178 de
319 1114 392 1177 aliis
409 1114 544 1177 utilibus
562 1115 830 1198 persuasionibus
851 1114 892 1177 ad
917 1113 1068 1178 salutem.
1115 1113 1276 1197 Magnum
1299 1122 1411 1177 autem

261 1218 463 1299 adjutorium
483 1219 646 1282 habemus
668 1240 727 1302 per
747 1218 977 1299 Augustinum
1000 1219 1033 1280 in
1054 1218 1154 1281 tertio
1174 1228 1209 1282 et
1229 1228 1349 1299 quarto
1370 1218 1412 1280 de

261 1324 413 1386 doctrina
429 1322 562 1395 Christi,
577 1331 612 1386 et
628 1343 687 1406 per
701 1323 803 1385 libros
821 1321 1002 1394 Tullianos
1020 1332 1053 1385 et
1069 1343 1129 1405 per
1148 1322 1249 1385 libros
1265 1321 1413 1385 Senecae

262 1436 296 1489 et
310 1426 477 1508 epistolas,
493 1447 579 1508 quae
594 1435 734 1507 possunt
748 1425 859 1508 colligi
876 1427 909 1488 in
926 1426 1039 1508 lingua
1055 1426 1176 1490 Latina
1190 1427 1233 1489 de
1247 1425 1299 1489 his
1314 1445 1412 1508 argu·

262 1531 388 1606 mentis,
403 1531 555 1611 quamvis
569 1531 641 1614 ipsa
658 1539 792 1593 textura
807 1530 998 1593 Aristotelis
1014 1532 1110 1594 nobis
1124 1530 1267 1595 deficiat.

305 1634 433 1717 Quinta
448 1636 533 1699 ratio
548 1635 657 1698 estad
673 1635 745 1711 hoc,
761 1636 916 1716 quoniam
933 1656 977 1698 ex
994 1655 1090 1700 sensu
1112 1648 1188 1700 sunt
1207 1634 1412 1717 compositae
1425 1643 1481 1692 The
1492 1642 1583 1694 tauers

261 1747 295 1801 et
317 1739 500 1819 expositae,
522 1748 555 1802 et
581 1740 657 1803 ideo
684 1759 759 1801 cum
786 1740 944 1804 scientiae
966 1741 1096 1816 luerunt
1118 1741 1259 1804 traditae
1283 1739 1413 1803 Latinis
1424 1709 1583 1824 {ffiffl

261 1863 283 1905 a
304 1843 424 1927 linguis
445 1842 568 1918 alienis,
586 1864 703 1907 omnes
725 1844 831 1908 sancti
861 1853 895 1908 et
920 1843 1109 1928 philosophi
1137 1845 1256 1921 Latini,
1272 1845 1329 1927 qui
1352 1864 1412 1907 ex·
1425 1842 1557 1919 otutqretgn

260 1957 390 2030 ponunt
405 1948 565 2023 scientias,
575 1949 624 2011 usi
639 1956 718 2010 sunt
730 1950 868 2012 caeteris
882 1950 1026 2031 copiose,
1036 1959 1070 2012 et
1083 1950 1302 2033 multiplicant
1317 1949 1411 2012 nobis
1425 1922 1513 1972 ⁰⁸³³*

261 2051 422 2115 vocabula
439 2050 566 2116 Graeca
584 2062 618 2115 et
641 2052 799 2117 Hebraea
819 2064 852 2117 et
871 2053 1042 2117 Chaldaea
1064 2064 1097 2118 et
1114 2053 1266 2126 Arabica,
1283 2063 1413 2134 praeter

262 2174 403 2237 eaquae
421 2156 455 2217 in
473 2156 623 2221 textibus
645 2158 866 2221 continentur.
912 2157 958 2221 Et
982 2178 1042 2221 nos
1064 2178 1179 2220 sumus
1202 2156 1260 2220 lilii
1282 2167 1316 2219 et
1339 2177 1412 2220 suc-

262 2280 406 2324 cessores
438 2271 626 2324 sanctorum
660 2270 695 2323 et
727 2262 914 2345 sapientum
954 2283 1057 2344 usque
1094 2264 1136 2327 ad
1174 2261 1256 2325 haec
1295 2261 1412 2323 ultima

261 2374 421 2445 tempora.
457 2364 546 2427 Nam
559 2365 700 2428 vidimus
710 2366 839 2447 aliquos
851 2367 893 2429 de
905 2366 1049 2448 antiquis
1062 2365 1117 2446 qui
1131 2365 1270 2428 multum
1283 2364 1412 2427 labora-

261 2477 388 2544 verunt,
414 2468 498 2531 sicut
535 2467 599 2532 fuit
635 2469 792 2533 dominus
823 2470 990 2533 Robertus
1021 2468 1189 2553 praefatus
1226 2469 1412 2545 translator,

263 2571 449 2653 Episcopus
486 2572 732 2649 Lincolniensis,
770 2582 804 2637 et
842 2574 997 2637 dominus
1035 2574 1183 2638 Thomas
1215 2562 1412 2635 uenerabilis

262 2678 399 2741 antistes
423 2677 529 2741 sancti
561 2676 671 2741 David
703 2699 808 2762 nuper
837 2678 1022 2758 defunctus,
1046 2690 1080 2744 et
1104 2679 1203 2742 frater
1228 2678 1339 2742 Adam
1370 2680 1412 2743 de

263 2779 416 2852 Matisco,
440 2790 474 2845 et
497 2783 657 2864 magister
679 2782 894 2846 Hermannus
917 2781 1116 2849 translator1
1139 2793 1173 2848 et
1198 2784 1333 2866 quidam
1357 2783 1411 2846 alii

260 2886 435 2967 sapientes.
480 2884 548 2950 Sed
574 2888 731 2967 quoniam
757 2908 816 2951 eos
842 2908 908 2952 non
932 2889 1110 2966 imitamur,
1129 2890 1204 2953 ideo
1224 2889 1310 2951 ultra
1330 2887 1411 2951 illud

261 2990 351 3072 quod
381 2990 471 3053 credi
501 3000 612 3074 potest
642 2990 815 3055 deficimus
845 3013 866 3055 a
896 3003 1062 3076 potestate
1092 2994 1311 3064 scientiarum,
1334 2994 1412 3074 quia

262 3094 488 3175 expositiones
503 3094 712 3159 authenticas
728 3116 794 3158 non
815 3117 992 3178 possumus
1011 3096 1202 3179 intelligere,
1219 3106 1252 3159 et
1275 3115 1334 3177 per
1356 3115 1413 3158 eas

262 3219 321 3262 nec
359 3198 564 3262 intellectum
602 3200 812 3262 scientiarum
850 3220 1027 3281 possumus
1056 3202 1215 3264 obtinere.
1276 3199 1322 3262 Et
1352 3220 1413 3281 pro

260 3302 397 3366 infinitis
419 3323 509 3385 pono
531 3303 599 3366 duo
624 3304 789 3387 exempla.
847 3304 1076 3386 Hieronymus
1105 3306 1186 3368 dicit
1213 3304 1246 3366 in
1273 3302 1412 3387 prologo

263 3407 395 3484 Daniel,
408 3408 499 3490 quod
516 3406 637 3471 Daniel
652 3418 686 3471 et
703 3408 827 3472 Esdras
842 3409 1028 3472 scribuntur
1044 3409 1134 3471 libris
1151 3408 1336 3481 Hebraicis,
1353 3408 1411 3470 sed

261 3510 433 3576 Chaldaeo
454 3531 615 3588 sermone,
639 3523 674 3576 et
693 3532 759 3575 una
783 3514 939 3596 pericope
961 3511 1133 3593 jeremiae.
1181 3512 1279 3576 Hanc
1300 3523 1412 3576 autem

260 3616 440 3698 pericopen
469 3616 634 3698 jeremiae
670 3637 785 3680 omnes
821 3616 969 3701 theologi
1005 3617 1119 3681 dicunt
1157 3637 1229 3681 esse
1261 3615 1413 3679 Threnos

260 3718 443 3800 jeremiae:
466 3721 545 3802 quia
563 3721 719 3802 pericope
739 3722 827 3784 idem
847 3731 898 3784 est
920 3723 1009 3803 quod
1033 3742 1110 3805 pars
1132 3741 1235 3803 parva
1257 3741 1313 3784 seu
1337 3741 1413 3803 par-

260 3823 381 3898 ticula3
403 3827 464 3889 sed
479 3844 595 3888 omnes
606 3825 752 3889 Hebraei
765 3825 874 3890 sciunt
885 3827 976 3908 quod
987 3825 1162 3890 scribimus
1177 3825 1300 3890 Thrcni
1311 3827 1412 3890 literis

262 3925 437 3992 Hebraicis
472 3938 505 3992 et
538 3929 695 3992 Hebraeo
730 3949 892 3994 sermone.
954 3931 1083 3994 Deinde
1117 3950 1294 4011 possumus
1327 3932 1412 3994 hanc

261 4032 439 4114 pericopen
466 4052 596 4096 sumere
621 4034 752 4097 decimo
777 4034 924 4115 capitulo
944 4033 1116 4115 jeremiae,
1134 4035 1189 4098 ubi
1215 4035 1335 4099 dicitur
1358 4036 1413 4112 sic,

260 4135 374 4220 ‘Ergo
402 4137 520 4202 dicetis
543 4137 600 4211 eis,
627 4138 685 4201 Dii
714 4139 771 4220 qui
801 4138 930 4203 coelum
961 4149 996 4202 et
1025 4149 1146 4203 terram
1177 4159 1241 4202 non
1266 4139 1412 4204 lecerunt

261 4253 398 4329 pereant
419 4244 463 4307 de
484 4251 582 4319 terra,
604 4244 647 4307 de
677 4243 729 4306 his
759 4263 843 4324 quae
869 4244 933 4307 sub
962 4243 1056 4308 coelo
1086 4242 1182 4309 sunt!
1229 4244 1317 4307 Nam
1347 4245 1412 4307 hoc

260 4357 392 4412 tantum
414 4348 447 4410 in
462 4344 606 4426 jeremia
624 4347 725 4410 habet
747 4367 934 4411 sermonem
960 4347 1176 4424 Chaldaeum,
1191 4347 1274 4412 sicut
1297 4368 1412 4411 omnes

262 4451 409 4516 Hebraei
437 4451 546 4514 sciunt
577 4450 707 4515 literati.
763 4450 809 4515 Et
839 4463 966 4516 certum
997 4462 1048 4515 est
1078 4454 1168 4535 quod
1202 4451 1348 4514 Hebraei
1379 4461 1413 4514 et

261 4555 421 4622 Chaldaei
437 4555 576 4619 eandem
595 4555 719 4620 habent
736 4555 896 4640 linguam,
912 4558 970 4621 sed
993 4558 1157 4621 diversum
1179 4556 1313 4631 idioma,
1328 4555 1414 4619 sicut

718 4687 727 4718 ¹
745 4688 861 4738 Omitted
873 4690 900 4738 in
913 4688 946 4740 Ο.
