3575 5375
355 653 682 715 PHILOSOPHIAE
707 656 797 716 CUM
823 656 1067 716 THEOLOGIA
1093 657 1334 716 AFFINITAS.
1378 672 1419 734 43

267 818 474 903 principales,
497 819 582 885 sicut
604 821 776 904 sequentia
798 822 977 885 docebunt.
1023 820 1108 885 Cum
1131 822 1232 904 igitur
1251 821 1332 885 haec
1352 821 1419 885 sint

267 924 404 985 omnino
430 925 612 989 necessaria
635 923 827 1001 christianis,
849 934 884 988 et
908 926 1044 989 omnino
1069 946 1214 990 consona
1239 926 1419 1009 sapientiae

269 1026 342 1103 Dei,
373 1028 583 1092 manifestum
614 1038 665 1093 est
696 1030 786 1111 quod
817 1028 1029 1113 philosophia
1059 1032 1242 1094 necessaria
1271 1040 1322 1093 ost
1353 1028 1417 1111 legi

267 1129 396 1194 divinae
419 1143 452 1196 et
475 1133 629 1197 fidelibus
652 1134 685 1197 in
707 1154 747 1198 ea
768 1132 995 1219 gloriantibus.

671 1410 895 1476 Carrrunuu
922 1412 1018 1476 Vlll.

314 1577 399 1642 Item
416 1600 531 1645 omnes
546 1582 652 1646 sancti
664 1591 698 1646 et
709 1582 874 1666 sapientes
886 1584 1014 1667 antiqui
1028 1585 1060 1648 in
1073 1584 1140 1648 suis
1151 1581 1416 1668 expositionibus
1430 1591 1549 1657 Spiritual

268 1702 400 1745 sensum
418 1682 577 1749 literalem
597 1685 757 1769 colligunt
773 1708 817 1750 ex
833 1688 959 1751 naturis
980 1709 1086 1751 rerum
1107 1697 1140 1753 et
1162 1687 1416 1771 proprietatibus
1428 1660 1554 1773 ffiffle,

269 1807 391 1861 earum,
422 1797 458 1852 ut
495 1810 555 1872 per
592 1791 825 1855 convenientes
861 1792 1092 1876 adaptationes
1122 1802 1156 1857 et
1186 1792 1419 1856 similitudines
1433 1790 1553 1855 physicat.

269 1888 400 1955 eliciant
415 1892 601 1973 spirituales
615 1915 750 1958 sensus:
774 1895 865 1978 quod
881 1896 1027 1961 declarat
1042 1898 1253 1980 Augustinus
1272 1895 1357 1959 libro
1377 1896 1419 1958 de

269 1996 418 2059 doctrina
436 1996 558 2062 Christi
579 2001 734 2078 secundo,
750 2021 875 2084 ponens
895 2001 1086 2084 exemplum
1107 2003 1149 2066 de
1163 2003 1266 2065 verbo
1283 2000 1420 2064 Domini

270 2100 419 2177 dicentis,
435 2100 573 2166 ‘Estote
596 2103 773 2184 prudentes
795 2104 880 2168 sicut
902 2115 1080 2189 serpentes,
1096 2115 1130 2168 et
1150 2105 1317 2187 simplices
1337 2104 1420 2166 sicut

269 2202 463 2269 columbae.'
509 2206 597 2269 Nam
608 2207 713 2271 voluit
726 2208 891 2272 Dominus
908 2231 965 2291 per
979 2210 1051 2288 hoc,
1061 2220 1099 2273 ut
1114 2211 1156 2273 ad
1172 2208 1420 2271 similitudinem

270 2310 432 2391 serpentis
447 2320 557 2373 totum
572 2332 690 2395 corpus
708 2313 908 2395 exponentis
930 2334 991 2397 pro
1010 2312 1201 2377 defensioue
1221 2310 1365 2395 apostoli
1386 2321 1419 2374 et

270 2413 444 2497 apostolici
459 2414 518 2476 viri
537 2435 574 2477 se
594 2426 628 2479 et
648 2436 708 2480 sua
726 2417 843 2479 darent
859 2437 920 2501 pro
942 2416 1075 2481 Christo
1094 2418 1204 2501 capite
1223 2437 1284 2479 suo
1306 2425 1338 2479 et
1359 2436 1419 2498 pro

270 2516 335 2580 fide
358 2539 425 2581 sua.
471 2518 516 2583 Et
543 2529 679 2603 propter
701 2520 766 2585 hoc
792 2522 901 2584 omnis
929 2532 1077 2585 creatura
1108 2522 1141 2584 in
1167 2542 1203 2583 se
1225 2520 1276 2583 vel
1301 2520 1333 2582 in
1360 2540 1420 2582 suo

270 2622 378 2702 simili,
393 2623 446 2688 vel
469 2626 502 2689 in
525 2624 697 2691 universali
715 2626 767 2690 vel
790 2626 824 2690 in
847 2626 1044 2709 particulari,
1059 2650 1079 2692 a
1097 2627 1236 2691 summis
1254 2624 1420 2691 coelorum

272 2750 375 2812 usque
395 2731 438 2793 ad
458 2731 615 2795 terminos
636 2752 749 2795 eorum
772 2733 908 2814 ponitur
930 2733 964 2795 in
986 2733 1156 2816 scriptura,
1174 2742 1209 2795 ut
1227 2732 1311 2796 sicut
1329 2731 1421 2795 Deus

272 2835 347 2897 lecit
363 2844 528 2898 creaturas
544 2845 577 2899 et
592 2835 799 2918 scripturam,
814 2837 861 2900 sic
876 2837 980 2901 voluit
996 2838 1083 2920 ipsas
1105 2858 1155 2901 res
1177 2835 1280 2901 lactas
1299 2857 1421 2919 ponere

273 2938 304 3000 in
331 2940 492 3020 scriptura
514 2941 557 3003 ad
580 2940 782 3004 intellectum
806 2942 909 3022 ipsius
932 2950 1001 3006 tam
1024 2962 1140 3005 sensus
1161 2939 1297 3005 literalis
1319 2961 1420 3024 quam

272 3043 459 3124 spiritualis.
505 3042 572 3107 Sed
589 3054 661 3108 tota
676 3045 905 3127 philosophiae
922 3045 1061 3110 intentio
1082 3066 1148 3109 non
1169 3054 1220 3108 est
1235 3045 1296 3108 uisi
1313 3065 1420 3108 rerum

273 3158 407 3211 naturas
423 3157 456 3210 et
468 3149 684 3230 proprietates
696 3148 856 3226 evolvere,
864 3160 1068 3232 quapropter
1079 3150 1181 3213 totius
1193 3148 1422 3233 philosophiae

274 3262 421 3334 potestas
449 3253 482 3315 in
508 3253 608 3316 sacris
634 3253 736 3317 literis
759 3253 967 3328 continetur;
996 3264 1029 3317 et
1055 3254 1118 3318 hoc
1147 3254 1293 3316 maxime
1320 3262 1423 3335 patet,

274 3357 352 3439 quia
389 3356 490 3440 longe
523 3357 642 3420 certius
678 3378 718 3420 ac
752 3357 870 3421 melius
908 3367 941 3420 et
971 3359 1078 3420 verius
1114 3355 1235 3439 accipit
1264 3357 1423 3439 scriptura

274 3473 449 3539 creaturas,
464 3482 563 3544 quam
587 3460 680 3525 labor
699 3461 948 3545 philosophicus
969 3462 1052 3525 sciat
1072 3481 1193 3524 eruere.
1239 3459 1339 3543 Quod
1363 3480 1423 3543 pro

275 3565 410 3629 infinitis
432 3565 596 3647 exemplis
618 3575 731 3648 pateat
756 3565 800 3629 ad
824 3585 979 3649 praesens
1006 3567 1038 3628 in
1065 3565 1158 3629 lride
1205 3564 1424 3648 Philosophus

275 3669 476 3734 Aristoteles
501 3670 569 3734 suis
594 3670 852 3734 obscuritatibus
878 3689 940 3733 nos
962 3670 1134 3751 perturbat
1158 3678 1195 3732 ut
1217 3689 1278 3732 nec
1300 3669 1425 3752 aliquid

274 3774 365 3856 quod
386 3775 524 3858 dignum
542 3774 585 3839 sit
601 3773 770 3838 valeamus
789 3794 850 3857 per
866 3795 943 3838 eum
964 3774 1156 3857 intelligere.
1203 3773 1274 3837 Nec
1296 3775 1424 3850 mirum,

274 3898 350 3942 cum
379 3878 552 3942 Avicenna
584 3880 655 3942 dux
688 3889 722 3942 et
755 3879 907 3962 princeps
944 3877 1173 3963 philosophiae
1210 3878 1352 3943 fateatur
1388 3899 1425 3941 se

274 3993 427 4046 naturam
445 3983 541 4046 Iridis
562 3983 747 4066 ignorasse3
769 3994 804 4047 et
824 4003 924 4047 causa
944 3983 1042 4065 hujus
1062 3994 1120 4060 est,
1136 3983 1214 4066 quia
1235 3982 1423 4066 philosophi

274 4107 407 4152 causam
422 4086 521 4150 Iridis
532 4085 666 4151 finalem
678 4087 909 4171 ignoraverunt
922 4109 930 4166 ;
946 4096 979 4151 et
991 4088 1143 4169 ignorato
1155 4085 1219 4150 fine
1232 4087 1425 4171 ignorantur

273 4212 314 4255 ea
337 4202 522 4275 quaesunt
547 4191 591 4254 ad
617 4190 739 4266 finem;
768 4191 845 4274 quia
867 4190 943 4256 finis
966 4192 1104 4275 imponit
1132 4193 1361 4256 necessitatem
1387 4193 1425 4255 iis

275 4317 360 4381 quae
378 4299 421 4361 ad
441 4296 541 4359 finem
562 4297 766 4372 ordinantur,
781 4306 819 4359 ut
833 4294 1036 4360 Aristoteles
1052 4296 1123 4360 vult
1144 4297 1290 4361 secundo
1309 4295 1426 4378 Physi-

274 4420 400 4464 corum.
446 4399 555 4464 Causa
581 4419 660 4464 vero
686 4398 793 4462 finalis
821 4400 917 4464 Iridis
943 4411 994 4464 est
1019 4400 1192 4483 dissipatio
1218 4400 1425 4464 humiditatis

274 4524 410 4588 aqueae,
440 4504 523 4567 sicut
560 4514 651 4587 patet
690 4523 734 4566 ex
771 4503 856 4567 libro
887 4503 1075 4580 Geneseos3
1112 4505 1200 4568 unde
1230 4524 1363 4585 semper
1392 4505 1424 4566 in

274 4609 480 4694 apparitione
499 4609 593 4671 lridis
607 4618 658 4673 est
673 4609 811 4672 nubium
827 4609 984 4674 resolutio
1000 4609 1033 4671 in
1048 4607 1215 4672 stillicidia
1236 4605 1372 4684 infinita,
1388 4619 1424 4672 ut

275 4722 513 4780 consumantur
530 4733 656 4797 aqueae
677 4712 892 4778 humiditates
914 4723 984 4777 tam
1008 4712 1040 4775 in
1064 4732 1148 4789 aere,
1163 4732 1263 4795 quam
1284 4711 1317 4774 in
1342 4713 1424 4780 mari
