3575 5375
367 627 716 687 MATHEMATICAE
740 629 792 686 IN
812 627 1016 688 PHYSICIS
1043 629 1249 691 UTILITAS.
1353 648 1408 711 131

257 801 420 856 vocantur
433 791 582 856 armillae
598 793 648 858 vel
664 793 739 872 alia,
754 791 898 876 accipiat
911 792 1023 857 locum
1039 793 1178 877 alicujus
1192 795 1308 861 stellae
1322 797 1409 861 circa

257 897 532 980 aequinoctialem
551 898 584 960 in
600 907 673 963 ortu
688 918 759 978 suo,
775 907 810 961 et
825 897 948 962 deinde
968 899 1110 982 accipiat
1131 900 1241 964 locum
1258 901 1408 983 ejusdem

258 1003 393 1083 quando
410 1003 502 1066 venit
518 1003 562 1067 ad
581 1001 701 1066 lineam
723 1001 879 1082 meridiei,
899 1003 1021 1066 distare
1039 1003 1239 1069 sensibiliter
1261 1005 1408 1069 inveniet

258 1126 333 1169 eam
353 1105 388 1168 in
410 1105 485 1171 loco
506 1107 653 1171 meridiei
674 1106 748 1190 plus
763 1127 783 1170 a
799 1106 878 1189 polo
899 1108 1013 1171 mundi
1031 1107 1288 1190 septentrionali,
1305 1129 1407 1192 quam

258 1212 394 1292 quando
413 1210 473 1274 suit
492 1211 525 1274 in
542 1222 626 1276 ortu.
674 1211 764 1294 Ergo
778 1212 868 1275 visus
883 1212 976 1276 videt
994 1210 1126 1276 stellam
1144 1214 1282 1278 diversis
1301 1215 1409 1279 modis

259 1314 292 1378 in
310 1314 373 1378 illis
387 1316 526 1380 diversis
541 1316 765 1400 temporibus:
787 1336 864 1380 nam
887 1316 915 1378 si
930 1316 1055 1381 videret
1070 1316 1189 1382 eodem
1212 1319 1315 1382 modo
1330 1328 1409 1383 tunc

259 1418 390 1483 stellam
414 1422 447 1484 in
469 1421 587 1484 eodem
609 1420 684 1485 loco
704 1420 863 1484 inveniret
882 1441 1023 1504 semper.
1069 1421 1137 1486 Sed
1158 1423 1294 1505 quando
1313 1421 1411 1487 stella

261 1535 312 1588 est
341 1524 372 1587 in
403 1523 489 1589 linea
518 1525 673 1604 meridiei,
700 1534 778 1589 tunc
804 1523 900 1589 stella
926 1525 1054 1590 accedit
1079 1526 1124 1588 ad
1150 1525 1261 1589 zenith
1291 1526 1410 1610 capitis

260 1628 457 1711 aspicientis,
473 1629 529 1711 qui
552 1640 603 1694 est
626 1638 768 1711 punctus
789 1629 823 1692 in
842 1629 936 1693 coelo
958 1631 1186 1713 suprapositus
1206 1631 1314 1714 capiti,
1329 1651 1411 1713 qua·

261 1743 396 1817 propter
411 1736 534 1798 cadunt
549 1735 629 1799 radii
645 1734 801 1797 invisum
821 1733 1144 1817 perpendiculariter,
1161 1743 1195 1798 et
1210 1735 1243 1798 in
1260 1744 1411 1800 centrum

261 1838 386 1918 mundi,
413 1849 447 1904 et
472 1839 547 1903 ideo
574 1859 641 1903 non
669 1838 872 1922 franguntur,
897 1849 931 1902 et
957 1849 1094 1922 propter
1119 1839 1182 1903 hoc
1207 1840 1301 1904 videt
1321 1839 1412 1904 visus

262 1941 391 2008 stellam
407 1963 466 2026 per
480 1953 587 2007 rectas
602 1943 704 2006 lineas
718 1943 751 2006 in
766 1962 826 2007 suo
842 1942 916 2006 loco
930 1962 1019 2005 vero.
1066 1944 1157 2024 Ergo
1170 1945 1307 2026 quando
1322 1945 1412 2008 visus

261 2057 348 2112 errat
374 2049 407 2111 in
433 2058 506 2112 ortu
530 2047 645 2112 stellae
668 2067 734 2110 non
756 2047 890 2110 videbit·
907 2068 966 2129 per
991 2046 1095 2110 lineas
1120 2046 1411 2130 perpendiculares,

261 2152 339 2234 quia
362 2151 503 2216 multum
520 2153 622 2216 distat
636 2151 733 2216 stella
747 2171 768 2214 a
784 2149 894 2215 zenith
910 2152 1039 2233 capitis,
1052 2162 1087 2215 et
1102 2151 1176 2215 ideo
1192 2153 1272 2215 radii
1287 2153 1413 2216 cadunt

262 2258 304 2321 ad
321 2256 460 2340 angulos
476 2256 637 2340 obliquos,
652 2265 854 2339 quapropter
869 2255 1074 2338 franguntur,
1086 2266 1121 2319 et
1136 2255 1212 2319 ideo
1227 2257 1317 2319 visus
1331 2266 1411 2320 tunc

261 2361 352 2425 videt
375 2381 434 2445 per
456 2361 558 2425 lineas
580 2359 710 2434 fractas,
726 2368 760 2423 et
781 2370 868 2424 errat
889 2359 923 2422 in
945 2359 1023 2423 loco
1045 2358 1173 2424 stellae.
1219 2358 1276 2424 Sic
1298 2371 1415 2424 autem·

263 2463 495 2530 Ptolemaeusl
516 2466 550 2528 in
571 2465 655 2529 libro
674 2464 791 2547 quinto
812 2465 855 2528 de
878 2465 999 2548 opticis
1021 2464 1121 2529 docet
1142 2465 1362 2543 considerare,
1377 2473 1411 2528 et

262 2568 414 2634 Alhazen
437 2571 469 2633 in
490 2569 574 2634 libro
597 2570 738 2652 septimo
760 2578 794 2631 et
820 2589 885 2651 ego
913 2569 1115 2634 consideravi
1137 2571 1171 2632 in
1190 2569 1414 2634 instrumentis

262 2674 325 2739 hoc
342 2675 440 2754 idem,
451 2683 486 2739 et
498 2685 622 2739 certum
638 2681 699 2738 est.
732 2672 900 2756 Quoniam
915 2696 996 2759 ergo
1012 2674 1126 2739 fractio
1142 2674 1306 2740 radiorum
1322 2673 1414 2739 cadit

264 2779 296 2843 in
312 2780 375 2843 hoc
393 2780 526 2860 mundo,
543 2778 679 2863 planum
696 2780 854 2861 estquod
870 2778 967 2862 plura
981 2801 1121 2865 corpora
1136 2789 1214 2846 sunt
1229 2781 1262 2843 in
1276 2780 1413 2843 mundo.

266 2885 312 2948 Et
327 2886 435 2967 prima
454 2884 572 2948 lractio
594 2884 757 2947 invenitur
777 2885 960 2948 secundum
976 2886 1272 2950 considerationem
1289 2886 1413 2949 dictam
1428 2894 1483 2970 say
1494 2908 1562 2957 pase

265 2990 296 3052 in
319 2988 493 3071 superficie
519 2988 605 3073 ignis
632 2989 822 3053 immediate
845 2989 908 3053 sub
930 2990 1011 3054 orbe
1034 2990 1178 3067 coelesti,
1203 2990 1327 3054 scilicet
1353 2990 1415 3052 sub
1428 2960 1545 3023 rngsrom

1428 3026 1500 3074 lnnar

265 3094 404 3175 sphaera
419 3094 533 3158 lunae:
556 3104 760 3177 quapropter
774 3094 915 3175 sphaera
932 3095 1016 3177 ignis
1031 3102 1081 3157 est
1096 3095 1226 3157 diversa
1240 3115 1260 3156 a
1276 3093 1417 3177 sphaera
1429 3090 1517 3154 spuere
1529 3097 1556 3139 ³⁰

266 3198 369 3276 coeli;
396 3218 472 3262 cum
495 3208 608 3262 tamen
628 3197 788 3261 Platonici
811 3208 845 3261 et
868 3197 1087 3279 Augustinus,
1108 3208 1142 3261 et
1166 3196 1260 3260 multi
1283 3207 1417 3261 autores
1429 3156 1517 3270 ἓξὲξ
1529 3154 1558 3203 ⁰s

265 3302 392 3385 antiqui
420 3312 560 3387 tangant
584 3303 754 3367 Platonice
779 3302 869 3385 quod
896 3303 983 3384 ignis
1008 3311 1042 3366 et
1065 3302 1193 3366 coelum
1220 3310 1297 3363 sunt
1321 3300 1417 3363 unius
1429 3284 1556 3337 retracted.

266 3418 414 3472 naturae.
461 3406 530 3472 Sed
552 3407 616 3471 hoc
639 3416 690 3471 est
712 3405 917 3490 impossibile
940 3416 1077 3489 propter
1099 3405 1416 3469 demonstrationem

266 3512 399 3591 dictam,
414 3521 449 3576 et
470 3521 603 3595 propter
623 3511 706 3575 alias
725 3510 1029 3575 demonstrationes
1051 3509 1218 3575 naturales
1239 3529 1321 3591 quas
1339 3507 1417 3571 Ari·

266 3616 404 3681 stoteles
420 3616 452 3679 in
468 3615 550 3679 libro
567 3614 658 3680 Coeli
674 3626 708 3681 et
724 3615 844 3680 Mundi
859 3614 966 3693 affert,
980 3615 1098 3697 quibus
1112 3612 1221 3678 nullus
1237 3614 1417 3678 modernus
1464 3685 1469 3695 ¹

267 3721 369 3785 modo
390 3719 603 3784 contradicit:
625 3739 703 3783 nam
727 3720 807 3783 trita
828 3731 878 3784 est
901 3720 984 3783 haec
1003 3719 1125 3783 veritas
1146 3719 1180 3781 in
1203 3717 1417 3782 naturalibus.

270 3824 365 3888 Haec
388 3833 501 3887 tamen
521 3824 761 3888 demonstratio
779 3822 881 3907 vulgo
905 3823 1104 3887 naturalium
1127 3833 1177 3887 est
1199 3822 1322 3905 ignota,
1340 3841 1416 3885 nam

266 3927 466 3994 Aristoteles
490 3948 556 3992 non
578 3929 686 4011 tangit
706 3949 792 4008 eam,
812 3948 874 3993 nec
894 3928 966 4011 ejus
987 3930 1205 4011 expositores.
1251 3926 1417 4009 Quoniam

267 4042 379 4099 autem
411 4052 478 4095 non
504 4041 555 4095 est
585 4030 701 4096 fractio
731 4030 763 4093 in
796 4032 936 4116 sphaera
965 4032 1059 4110 aeris,
1088 4042 1125 4096 ut
1155 4032 1253 4096 iidem
1286 4040 1418 4095 autores

267 4138 397 4213 docent,
427 4145 462 4200 et
492 4136 655 4200 certitudo
692 4136 926 4218 experientiae,
957 4138 1032 4200 ideo
1070 4136 1212 4200 multum
1243 4137 1421 4199 turbantur

183 4238 187 4247 ’
267 4240 441 4323 sapientes,
458 4260 500 4303 an
515 4239 655 4323 sphaera
670 4240 753 4303 aeris
768 4251 802 4305 et
818 4241 901 4323 ignis
917 4241 981 4304 sint
996 4241 1083 4303 duae
1098 4240 1149 4304 vel
1167 4261 1241 4303 una
1278 4240 1420 4302 Videtur

268 4347 354 4408 enim
375 4364 433 4427 per
448 4355 580 4409 autores
595 4344 790 4429 praedictos,
807 4354 841 4409 et
859 4355 994 4429 propter
1008 4344 1224 4427 privationem
1241 4343 1419 4420 fractionis,

269 4450 359 4531 quod
376 4468 442 4513 una
462 4449 506 4513 sit
525 4449 716 4531 superficies
735 4450 818 4512 aeris
839 4458 874 4513 et
895 4448 990 4533 ignis,
1005 4458 1038 4513 et
1058 4468 1162 4511 unum
1178 4466 1306 4531 corpus.
1351 4444 1420 4510 Sed

268 4552 332 4617 hoc
344 4562 394 4617 est
407 4552 625 4636 impossibile,
636 4553 714 4635 quia
724 4551 926 4617 Aristoteles
937 4552 1018 4617 dicit
1028 4552 1128 4617 tertio
1140 4548 1232 4617 Coeli
1244 4560 1279 4615 et
1292 4550 1420 4629 Mundi,

433 4682 443 4713 ¹
460 4682 526 4733 Ptol.
540 4683 646 4747 operae,
657 4700 681 4735 v.
694 4700 720 4747 p.
734 4698 789 4746 151,
801 4684 841 4733 ed.
854 4683 930 4735 Govi.
964 4683 1003 4734 Cl
1015 4683 1142 4744 Alhazen,
1153 4682 1197 4731 vii
1210 4696 1248 4744 ¹5·

805 4764 831 4813 K
850 4768 869 4817 2
