3575 5375
551 613 726 682 JUDICIA
752 613 1076 674 ASTRONOMIAE.
1343 631 1402 694 241

253 775 470 854 Albumazar,
496 776 553 859 qui
582 798 662 861 prae
687 777 760 841 aliis
787 777 904 860 majori
929 777 1125 843 auctoritate
1153 779 1197 842 de
1225 777 1278 842 his
1302 778 1404 845 locuti

254 892 342 962 sunt,
356 881 586 946 necessitatem
602 882 789 946 absolutam
806 882 841 945 in
855 882 954 945 rebus
968 880 1173 946 inferioribus
1189 903 1256 947 non
1274 894 1404 965 ponunt

255 1005 315 1068 per
332 986 488 1050 virtutem
504 986 595 1062 coeli,
610 988 688 1070 quia
703 985 843 1051 liberum
863 985 1034 1049 arbitrium
1053 1007 1118 1050 non
1136 985 1286 1069 subjacet
1304 989 1405 1051 rebus

255 1091 466 1168 naturalibus,
490 1110 551 1154 nec
579 1092 757 1155 aestimant
784 1090 947 1173 judicium
977 1091 1099 1154 debere
1129 1089 1199 1153 fieri
1225 1090 1404 1169 infallibile,

257 1195 359 1258 immo
382 1214 442 1258 nec
464 1194 610 1278 aliquam
634 1194 737 1259 libero
760 1195 897 1258 arbitrio
920 1204 1047 1278 ponunt
1069 1194 1308 1273 necessitatem,
1328 1215 1406 1258 cum

255 1318 315 1362 nec
341 1298 439 1362 rebus
465 1297 670 1363 naturalibus
698 1319 773 1362 eam
800 1297 974 1377 ascribant,
1001 1308 1038 1362 ut
1067 1300 1206 1381 patebit.
1254 1300 1300 1364 Et
1329 1299 1406 1364 ideo

255 1400 443 1486 philosophi
475 1401 703 1467 universaliter
731 1403 891 1466 damnant
920 1403 1059 1467 istorum
1090 1400 1248 1466 salsorum
1280 1402 1406 1467 mathe-

257 1507 453 1571 maticorum
468 1505 620 1570 insanias.

300 1612 372 1676 Nec
388 1610 496 1675 solum
513 1611 675 1674 damnant
689 1620 850 1691 quantum
867 1611 910 1675 ad
927 1610 1115 1694 principale,
1129 1611 1254 1675 scilicet
1271 1621 1407 1695 propter
1422 1629 1535 1679 umne-

256 1735 398 1782 errorem
422 1735 522 1799 quem
544 1715 668 1779 habent
690 1716 733 1779 de
755 1711 963 1789 coelestibus,
985 1716 1043 1779 sed
1070 1716 1149 1798 quia
1178 1716 1406 1782 mathematici
1421 1694 1575 1811 ffiffifim

257 1819 311 1884 isti
342 1822 520 1886 daemones
548 1821 714 1885 advocant
744 1819 777 1883 in
806 1819 1008 1901 adjutorium
1038 1819 1234 1885 coelestium
1266 1822 1406 1906 disposi·
1423 1827 1452 1877 os
1460 1827 1551 1893 spirits.

257 1925 387 1988 tionum
409 1945 470 2008 per
491 1924 735 2008 conjurationes
760 1931 795 1986 et
819 1922 987 2001 sacrificia,
1009 1925 1099 2007 quod
1121 1933 1172 1989 est
1194 1927 1330 1991 omnino
1352 1947 1408 1991 ne·

257 2029 404 2102 landum,
424 2040 525 2114 atque
547 2027 761 2093 nihilominus
784 2026 950 2090 maculant
971 2048 1049 2092 suas
1070 2029 1351 2095 considerationes
1375 2033 1407 2095 in

259 2133 458 2198 coelestibus
480 2154 539 2216 per
559 2131 699 2196 circulos
721 2141 755 2195 et
778 2129 901 2214 figuras
924 2142 959 2195 et
984 2132 1190 2197 characteres
1212 2134 1407 2198 vanissimos

258 2248 291 2300 et
316 2238 465 2302 carmina
486 2236 690 2311 stultissima,
715 2244 750 2299 et
775 2235 943 2298 orationes
965 2227 1206 2301 irrationabiles
1232 2238 1264 2301 in
1287 2238 1408 2322 quibus

259 2340 439 2406 confidunt.
485 2341 658 2404 Praeterea
679 2338 811 2404 fraudes
834 2360 972 2422 operum
993 2341 1190 2424 adjungunt,
1206 2343 1330 2407 scilicet
1347 2363 1409 2426 per

261 2465 466 2525 consensum,
480 2465 541 2530 per
554 2445 717 2519 tenebras,
731 2464 791 2530 per
810 2444 1031 2508 instrumenta
1048 2444 1240 2529 sophistica,
1253 2467 1313 2532 per
1331 2448 1409 2511 sub-

260 2548 415 2615 tilitatem
436 2549 594 2620 motionis
613 2548 784 2627 manualis,
799 2548 833 2612 in
853 2549 974 2631 quibus
994 2547 1103 2613 sciunt
1120 2549 1305 2615 illusionem
1327 2571 1409 2627 esse,

259 2665 294 2719 et
320 2653 426 2720 multa
451 2653 562 2720 stultis
589 2653 739 2719 miranda
763 2651 888 2718 iaciunt
915 2672 975 2736 per
995 2650 1078 2717 baec
1104 2654 1138 2717 in
1164 2655 1285 2738 quibus
1306 2657 1410 2720 virtus

260 2760 345 2825 coeli
365 2759 445 2826 nihil
465 2770 628 2844 operatur,
644 2770 678 2825 et
699 2760 774 2824 ideo
793 2760 1008 2842 sibimetipsis
1027 2761 1299 2838 contradicentes,
1318 2762 1409 2845 quod

260 2864 354 2931 coelo
376 2866 561 2931 attribuunt
582 2884 695 2929 coram
717 2863 800 2941 aliis,
815 2864 906 2947 apud
928 2865 1057 2948 seipsos
1078 2864 1186 2929 sciunt
1201 2887 1268 2931 non
1287 2865 1410 2931 babere

258 2970 442 3035 veritatem.
489 2968 649 3035 Similiter
668 2969 744 3033 licet
758 2968 840 3033 alias
855 2968 890 3031 in
910 2968 1109 3051 quibusdam
1127 2969 1411 3053 conjurationibus

163 3080 168 3087 '
260 3085 295 3138 et
316 3072 483 3140 sacrificiis
505 3084 540 3138 et
561 3074 762 3139 carminibus
785 3083 819 3136 et
842 3072 1086 3137 characteribus
1111 3084 1146 3138 et
1172 3072 1285 3157 figuris
1311 3075 1409 3140 variis

259 3176 432 3243 confidunt
468 3186 626 3261 tanquam
664 3176 919 3260 cooperantibus
952 3176 1194 3241 constellationi
1226 3179 1409 3243 secundum

260 3302 376 3347 eorum
396 3281 566 3363 judicium,
588 3289 702 3344 tamen
724 3278 846 3363 pluries
872 3277 1096 3344 fraudulenter
1121 3281 1184 3344 ista
1206 3291 1410 3363 componunt

261 3385 443 3449 secundum
458 3384 583 3467 species
597 3383 722 3447 lraudis
738 3383 914 3464 predictas,
928 3392 964 3446 et
984 3403 1098 3446 coram
1119 3383 1181 3448 sibi
1200 3384 1409 3448 credentibus

261 3488 429 3553 ascribunt
444 3486 587 3571 plurima
603 3484 855 3559 constellationi,
872 3496 1022 3567 respectu
1037 3507 1177 3569 quorum
1198 3487 1271 3570 ipsa
1284 3485 1410 3551 nullam

259 3593 362 3657 habet
378 3600 589 3673 potestatem.
636 3589 682 3655 Et
697 3589 760 3654 hoc
784 3610 841 3654 eos
859 3610 925 3653 non
945 3589 1038 3655 latet.
1084 3591 1222 3674 Propter
1236 3592 1334 3674 igitur
1348 3592 1409 3657 has

262 3696 419 3761 stultitias
445 3694 701 3760 mathematicae
726 3693 926 3776 sophisticae
952 3693 1141 3779 philosophi
1168 3716 1241 3759 eam
1271 3698 1411 3761 damna·

263 3810 387 3878 verunt,
405 3810 439 3865 et
453 3800 559 3865 sancti
576 3819 615 3865 ac
629 3800 688 3863 viri
707 3798 861 3863 catholici
879 3798 962 3864 haec
977 3800 1196 3883 percipientes
1217 3821 1292 3865 eam
1312 3800 1411 3866 simul

262 3925 337 3969 cum
353 3904 560 3989 philosophis
576 3902 840 3988 reprobaverunt

307 4008 375 4074 Sed
406 4010 582 4094 praecipua
611 4008 697 4072 ratio
726 4016 917 4071 sanctorum
949 4006 1012 4070 fuit
1038 4008 1082 4071 ad
1108 4006 1180 4086 hoc,
1206 4010 1298 4090 quod
1327 4008 1413 4075 tales
1425 4016 1553 4095 cumcun

264 4113 490 4179 mathematici
506 4112 748 4197 impediverunt
763 4130 784 4174 a
799 4111 961 4195 principio
977 4111 1160 4194 ingressum
1175 4110 1253 4176 fidei
1273 4114 1307 4176 in
1324 4114 1413 4178 hunc
1425 4083 1559 4199 fflbffissd

264 4218 438 4293 mundum,
459 4217 536 4300 quia
558 4236 624 4280 non
647 4213 754 4280 solum
777 4215 897 4279 imbuti
919 4214 982 4280 bac
1002 4214 1143 4280 fantasia
1169 4226 1357 4282 erraverunt
1378 4218 1413 4282 in
1426 4214 1554 4278 nmgie

264 4321 332 4386 fide
361 4330 395 4386 et
425 4320 595 4385 finxerunt
625 4340 732 4384 mores
761 4338 839 4383 suos
868 4319 903 4383 in
933 4319 1141 4399 coelestibus,
1168 4329 1328 4403 tanquam
1354 4340 1414 4403 per

264 4419 421 4488 coelestia
442 4429 476 4485 et
499 4432 629 4485 caetera
651 4420 742 4485 dicta
763 4420 806 4483 de
832 4418 1028 4483 necessitate
1052 4418 1171 4484 fierent
1193 4419 1339 4484 iracundi
1360 4420 1414 4485 vel

266 4526 440 4602 mansueti,
470 4526 552 4589 casti
585 4522 638 4589 vel
671 4522 840 4598 luxuriosi,
870 4531 906 4587 et
940 4522 988 4586 sic
1017 4522 1062 4587 de
1092 4521 1186 4598 aliis3
1223 4524 1283 4588 sed
1312 4543 1414 4606 opera

265 4629 464 4694 miraculosa
484 4626 585 4693 fidem
609 4626 733 4699 Christi
755 4626 933 4713 probantia
957 4626 1179 4711 ascripserunt
1204 4628 1258 4691 isti
1284 4626 1413 4694 matbe-

308 4745 390 4797 VOL.
407 4746 430 4798 1.
827 4742 853 4795 R
