3575 5375
368 627 425 692 130
579 612 736 672 OPERIS
760 612 949 682 MAJORIS
974 610 1089 670 PARS
1115 608 1301 684 QUARTA.

366 773 512 840 declinat
548 775 582 839 in
614 774 815 840 coelestibus
847 777 1028 841 secundum
1058 774 1292 857 aequalitatem
1322 765 1522 851 angulorum

368 879 566 944 incidentiae
587 890 621 944 et
643 879 842 944 reflexionis.

195 989 339 1043 ntorethrn
414 984 459 1048 Et
482 1005 539 1067 per
561 985 750 1068 supradicta
773 993 876 1067 patet,
898 994 1060 1067 quantum
1085 983 1290 1048 illuminatur
1311 981 1354 1045 de
1376 988 1465 1042 terra
1487 979 1522 1035 et

196 1055 339 1173 {lsslsfllluf
370 1087 413 1152 de
433 1086 535 1153 stellis
557 1109 616 1170 per
636 1087 752 1152 solem.
799 1088 887 1153 Nam
910 1087 1051 1170 majores
1066 1109 1178 1153 earum
1200 1089 1370 1171 portiones
1390 1095 1523 1159 semper

197 1187 306 1238 minared
370 1190 605 1272 illuminantur,
628 1193 706 1274 quia
730 1191 872 1256 minores
895 1200 971 1255 sunt
994 1192 1072 1256 sole.
1120 1190 1178 1257 Sol
1203 1193 1291 1255 enim
1319 1197 1370 1253 est
1397 1183 1524 1249 centies

197 1253 282 1318 hythe
293 1269 347 1306 sun.
369 1295 557 1380 septuagies
579 1295 646 1359 iere
667 1296 774 1378 major
790 1305 862 1361 tota
878 1306 975 1376 terra,
991 1296 1076 1361 sicut
1091 1297 1238 1361 ostendit
1254 1286 1495 1359 Ptolemaeus
1486 1303 1522 1348 ιιι

368 1400 485 1482 quinto
495 1395 705 1483 Almagesti¹
709 1409 763 1480 ,et
777 1401 822 1465 sic
836 1411 977 1483 possunt
992 1401 1106 1464 omnia
1117 1420 1204 1483 quae
1213 1399 1381 1482 pertinent
1392 1395 1434 1459 ad
1447 1392 1523 1455 illu·

368 1503 565 1570 minationes
581 1513 614 1567 et
635 1505 876 1586 protractiones
898 1503 1064 1567 radiorum
1084 1505 1116 1567 in
1138 1503 1337 1568 coelestibus
1352 1496 1523 1576 verificari,
1550 1554 1560 1573 ,

369 1615 404 1670 ut
425 1607 457 1670 in
478 1608 607 1672 diversa
628 1607 827 1690 figuratione
847 1608 946 1672 lunae
966 1610 1148 1673 secundum
1164 1618 1300 1688 aetates,
1315 1617 1350 1670 et
1365 1624 1468 1688 quare
1487 1602 1523 1664 in

370 1711 546 1792 eclipsibus
569 1720 728 1794 appareat
748 1713 851 1775 rubea
871 1722 906 1775 et
926 1711 1058 1795 pallida,
1074 1721 1108 1776 et
1129 1721 1201 1776 tota
1221 1712 1349 1775 ratione
1369 1707 1524 1789 eclipsis;

369 1833 446 1878 nam
470 1813 533 1878 hoc
554 1823 605 1878 est
627 1826 763 1900 propter
783 1815 893 1879 lumen
918 1815 1108 1900 principale,
1124 1816 1213 1898 quod
1236 1835 1256 1877 a
1276 1815 1377 1878 radiis
1400 1809 1525 1896 princi·

369 1916 498 2000 palibus
520 1919 609 1984 venit
633 1919 717 1983 inira
740 1919 902 1999 umbram,
926 1929 960 1983 et
981 1920 1232 2002 quodammodo
1257 1919 1305 1984 sic
1328 1914 1525 2001 imperfecte

368 2022 569 2086 illuminatur
586 2043 644 2106 per
660 2024 768 2087 radios
784 2022 1014 2088 accidentales.
1061 2024 1107 2087 Et
1123 2044 1189 2086 non
1202 2023 1309 2088 solum
1327 2024 1369 2087 de
1384 2020 1446 2100 his,
1462 2017 1525 2082 sed

367 2128 409 2191 de
425 2127 496 2190 aliis
512 2128 688 2193 virtutibus
710 2127 804 2192 factis
819 2149 839 2192 a
855 2127 998 2211 planetis
1013 2138 1047 2192 et
1067 2128 1171 2192 stellis
1191 2129 1224 2191 in
1239 2128 1321 2192 alias
1337 2125 1524 2191 secundum

366 2250 483 2295 omnes
499 2233 706 2296 diversitates
722 2231 992 2314 conjunctionum
1008 2242 1042 2297 et
1057 2228 1260 2315 aspectuum,
1275 2232 1397 2315 quibus
1412 2239 1523 2293 astro·

368 2337 456 2400 nomi
486 2346 624 2400 utuntur
651 2337 683 2400 in
711 2338 778 2400 suis
803 2337 1130 2416 considerationibus,
1154 2337 1188 2398 in
1214 2337 1336 2419 quibus
1363 2331 1525 2414 multipli-

369 2449 485 2503 cantur
497 2460 562 2504 non
572 2441 680 2504 solum
692 2441 774 2505 radii
787 2441 878 2519 lucis,
889 2441 947 2505 sed
958 2441 1094 2504 virtutes
1103 2439 1338 2506 substantiales
1350 2437 1525 2502 stellarum

367 2543 409 2606 ad
438 2543 588 2622 invicem,
613 2545 795 2608 secundum
823 2545 913 2627 quod
940 2545 1082 2608 dicimus
1108 2545 1221 2608 lunam
1249 2544 1283 2607 in
1308 2542 1425 2606 Ariete
1449 2559 1526 2604 esse

366 2645 510 2711 calidam
537 2657 571 2713 et
597 2649 727 2729 siccam,
756 2649 787 2712 in
815 2647 967 2714 Geminis
993 2648 1134 2714 calidam
1162 2659 1196 2714 et
1221 2647 1405 2725 humidam,
1428 2656 1464 2709 et
1491 2642 1526 2707 in

371 2748 500 2815 Cancro
517 2748 669 2832 frigidam
685 2761 719 2817 et
734 2753 927 2818 humidam:
949 2764 984 2818 et
999 2755 1134 2836 quando
1148 2750 1361 2834 conjungitur
1376 2750 1528 2815 Saturno

371 2852 410 2918 fit
431 2852 547 2936 frigida
567 2863 601 2918 et
621 2856 717 2934 sicca,
734 2868 767 2920 et
788 2858 923 2938 quando
940 2857 1010 2921 Iovi
1027 2857 1133 2922 calida
1152 2866 1186 2921 et
1204 2856 1352 2934 humida,
1367 2864 1402 2919 et
1417 2854 1465 2919 sic
1480 2852 1528 2916 de

370 2956 524 3021 omnibus
547 2958 677 3022 talibus.
724 2959 812 3022 Nam
836 2960 917 3025 haec
941 2961 1053 3025 omnia
1074 2960 1298 3025 certificantur
1324 2979 1383 3043 per
1410 2957 1528 3021 multi·

370 3058 564 3142 plicationcs
576 3063 759 3145 specierum
772 3072 806 3127 et
818 3064 978 3127 virtutum
994 3065 1231 3129 determinatas
1244 3063 1345 3147 juxta
1360 3062 1530 3144 principia

371 3173 549 3245 praetacta.
596 3166 641 3228 Et
662 3185 728 3229 non
749 3166 857 3230 solum
879 3166 970 3245 haec,
985 3188 1071 3250 quae
1093 3168 1258 3251 pertinent
1279 3169 1322 3232 ad
1344 3166 1530 3250 qualitates

371 3277 406 3331 et
428 3276 563 3331 naturas
584 3268 817 3334 substantiales
841 3270 1021 3351 stellarum,
1040 3272 1099 3335 sed
1118 3292 1159 3335 ea
1180 3291 1268 3353 quae
1290 3270 1460 3352 pertinent
1482 3271 1531 3333 ad

373 3370 503 3453 figuras,
521 3381 554 3435 et
571 3374 824 3455 magnitudines,
841 3385 875 3437 et
893 3374 1095 3449 altitudines,
1108 3386 1144 3440 et
1164 3395 1341 3439 numerum
1355 3372 1531 3440 coelorum

372 3484 407 3537 et
422 3474 603 3551 stellarum,
616 3486 651 3540 et
665 3478 708 3541 ad
724 3476 915 3559 hujusmodi
930 3478 1121 3543 consimilia

801 3786 1028 3854 Cnrrrutuu
1051 3789 1096 3852 11.

419 3916 459 3980 ln
476 3939 542 4001 quo
559 3940 699 3984 canones
714 3924 893 4005 supradicti
909 3926 1119 4009 applicantur
1132 3929 1176 3992 ad
1192 3938 1301 3993 totum
1318 3930 1497 3995 mundum.

204 4115 234 4165 tn
247 4130 320 4181 εμπ
421 4094 467 4160 Et
494 4116 561 4161 non
586 4097 693 4162 solum
720 4100 801 4165 haec
823 4102 867 4165 de
889 4104 1087 4169 coelestibus
1107 4106 1319 4172 verificantur
1343 4130 1405 4193 per
1426 4112 1536 4191 dicta,

205 4196 357 4295 affin
377 4200 435 4263 sed
455 4201 499 4264 de
520 4201 691 4264 elementis
705 4212 739 4266 et
754 4214 826 4268 toto
848 4206 984 4270 mundo.
1028 4209 1118 4272 Nam
1138 4231 1215 4274 cum
1236 4212 1430 4296 philosophi
1449 4229 1536 4280 ante

206 4326 261 4368 one,
273 4326 301 4359 as
377 4300 593 4367 Aristotelem
609 4319 791 4387 posuerunt
806 4310 918 4372 omnia
932 4330 1005 4375 esse
1019 4332 1122 4376 uuum
1137 4335 1259 4398 corpus
1274 4319 1389 4380 mundi
1392 4330 1536 4401 ,potem

206 4375 337 4504 Ρὲζξζω
378 4406 504 4468 destrui
520 4407 583 4471 hoc
598 4427 657 4490 per
672 4408 762 4491 leges
777 4409 955 4473 fractionis
992 4414 1124 4477 Nam
1095 4436 1124 4479 ει
1139 4418 1216 4498 quis
1231 4440 1291 4501 per
1306 4421 1537 4487 instmmenta

377 4508 498 4591 quibus
527 4510 718 4594 experimur
746 4532 785 4575 ea
814 4533 901 4594 quae
929 4524 1007 4578 sunt
1034 4516 1068 4579 in
1097 4518 1307 4602 coelestibus,
1338 4523 1538 4606 cujusmodi

799 4636 1113 4703 ¹Msm,tre
