3575 5375
668 633 959 694 caocmrmrm.
1326 650 1388 712 309

236 793 333 858 Felix
355 816 478 875 cursus,
500 796 527 859 si
555 807 631 880 post
661 818 721 860 sex
748 817 876 861 menses
903 797 1113 881 supradictae
1140 797 1230 860 urbis
1252 809 1385 880 portum

232 909 378 978 teneant,
393 923 413 966 a
435 922 502 984 quo
522 921 559 964 se
579 901 693 984 incipit
708 902 835 984 aperire
850 921 1004 978 oceanus,
1018 922 1078 984 per
1095 921 1197 983 quem
1217 902 1275 964 vix
1296 921 1386 964 anno

233 1015 393 1086 perpetuo
415 1008 458 1070 ad
483 1006 613 1068 Indiam
635 1004 844 1090 pervenitur!
889 1005 980 1089 Ergo
1004 1026 1025 1067 a
1050 1015 1149 1088 portu
1174 1005 1262 1068 rubri
1286 1006 1385 1070 maris

232 1128 345 1171 versus
371 1130 431 1172 nos
460 1110 606 1192 exigitur
635 1110 804 1192 navigatio
834 1129 939 1192 usque
965 1109 1095 1172 Indiam
1120 1129 1179 1190 per
1204 1130 1325 1173 annum
1350 1118 1383 1172 et

232 1212 415 1277 dImidIum.
463 1214 507 1278 Et
531 1214 756 1294 Hieronymus
778 1214 859 1277 dicit
882 1214 965 1277 libro
987 1213 1144 1290 locorum,
1157 1214 1248 1295 quod
1271 1214 1384 1278 classis

233 1314 423 1382 Solomonis
443 1337 501 1400 per
524 1318 700 1382 triennium
720 1318 763 1381 ab
787 1318 882 1381 India
902 1318 1102 1400 deportabat
1123 1318 1333 1394 commercia,
1347 1329 1384 1382 ut

230 1440 320 1485 anno
357 1433 391 1485 et
428 1423 566 1486 dimidio
602 1422 794 1506 navigarent
823 1443 930 1505 usque
961 1422 1017 1500 ibi,
1046 1433 1082 1485 et
1110 1432 1206 1486 tanto
1234 1432 1384 1506 tempore

231 1524 387 1590 redirent.
419 1526 485 1590 Sed
497 1527 658 1591 immensa
670 1535 721 1590 est
732 1527 890 1592 distantia
903 1527 990 1590 rubri
1002 1527 1102 1591 maris
1114 1528 1270 1609 usquead
1282 1526 1382 1590 finem

231 1628 392 1694 ulterioris
424 1631 605 1714 Hispaniae
635 1631 721 1696 clrca
748 1641 894 1694 montem
921 1630 1106 1695 Atlantem.
1167 1629 1406 1696 ManiIestuml
1426 1639 1504 1670 ν’·

230 1745 280 1796 est
299 1734 399 1816 igitur
413 1736 503 1818 quod
520 1756 540 1798 a
558 1734 624 1799 fine
644 1735 825 1800 occidentis
847 1733 1010 1818 usquead
1032 1734 1131 1798 finem
1150 1735 1264 1799 Indiae
1281 1745 1401 1817 supra·
1460 1738 1486 1818 s
1511 1753 1523 1797 r

228 1846 350 1901 terram
380 1839 442 1903 erit
472 1840 571 1924 longe
600 1839 802 1923 plusquam
829 1839 990 1903 medietas
1013 1850 1141 1916 terrae3
1164 1848 1201 1902 ut
1223 1841 1408 1903 cadamus'
1495 1874 1501 1892 ·

228 1944 411 2007 necessario
440 1944 474 2007 io
505 1945 697 2027 opinionem
723 1945 851 2008 Esdrae
876 1955 912 2009 et
937 1943 1130 2008 Aristotelis
1151 1953 1187 2006 et
1213 1943 1382 2022 Averrois,

226 2067 313 2128 quae
339 2049 488 2130 superius
513 2058 604 2112 tacta
634 2059 685 2112 est
714 2049 758 2112 de
787 2049 1017 2131 magnitudine
1046 2047 1266 2112 habitationis
1296 2049 1381 2112 inter

227 2153 335 2215 oriens
350 2162 384 2216 et
395 2154 557 2229 occidens,
565 2172 651 2236 quae
660 2161 811 2235 quartam
823 2163 930 2217 terrae
942 2152 1124 2216 secundum
1136 2150 1378 2232 longitudinem

227 2257 372 2320 excedit.
427 2256 513 2320 Cum
537 2276 616 2318 vero
644 2257 735 2320 dicat
765 2255 898 2331 Plinius,
925 2255 1097 2337 Europam
1119 2274 1192 2318 esse
1218 2255 1379 2336 majorem

227 2358 319 2437 Asia,
336 2378 403 2423 non
426 2360 563 2425 includit
586 2360 631 2423 ibi
656 2360 785 2424 Indiam
808 2362 871 2424 sub
893 2380 933 2423 ea
956 2368 1092 2442 propter
1113 2358 1230 2422 Indiae
1253 2361 1379 2442 magni·

226 2464 398 2542 tudinem;
425 2484 500 2529 cum
527 2465 570 2528 sit
592 2465 691 2529 tertia
716 2485 792 2548 pars
821 2463 1012 2528 habitabilis
1036 2462 1217 2527 secundum
1240 2483 1326 2540 eum,
1342 2475 1379 2528 ut

225 2568 351 2631 dictum
367 2577 428 2632 est.

272 2673 336 2737 His
351 2674 565 2739 consideratis
581 2674 614 2738 in
630 2696 760 2738 summa
775 2673 860 2740 circa
874 2673 1136 2759 magnitudinem
1154 2672 1377 2749 habitationis,
1390 2684 1538 2818 Speeppplde·

1389 2768 1437 2803 sen
1475 2770 1528 2804 ons.

226 2798 312 2842 nunc
327 2788 438 2861 partes
448 2779 575 2862 aliquas
588 2780 695 2861 magis
704 2778 847 2843 famosas
859 2780 891 2843 in
904 2780 1066 2862 scriptura
1077 2788 1111 2843 et
1123 2779 1157 2843 in
1167 2778 1377 2862 philosophia
1390 2819 1472 2869 Sorte

224 2890 340 2945 notare
354 2883 491 2965 dignum
507 2893 577 2960 est;
600 2894 635 2948 et
649 2903 732 2966 quas
748 2885 828 2948 utile
844 2894 897 2949 est
911 2884 986 2948 sciri
1000 2904 1022 2947 a
1033 2882 1226 2948 Christianis
1242 2895 1378 2966 propter
1390 2884 1464 2934 India
1476 2887 1526 2936 and

224 2983 406 3051 infidelium
422 2989 679 3064 conversionem,
689 2997 723 3052 et
735 2998 869 3073 propter
884 2988 1018 3071 negotia
1032 2988 1162 3053 diversa
1175 3009 1252 3053 cum
1268 2990 1376 3053 diver.
1389 2951 1493 3015 c⁰l¹⁰¹¹·

223 3090 321 3156 sitate
334 3093 483 3177 gentium
499 3095 682 3165 tractanda,
698 3113 737 3158 ac
753 3103 889 3178 propter
904 3092 1064 3157 utilitates
1083 3092 1241 3157 ecclesiae
1261 3105 1377 3158 contra

224 3193 365 3260 furorem
397 3196 594 3262 Antichristi
625 3208 660 3262 et
689 3218 804 3261 eorum
831 3199 887 3279 qui
913 3208 1065 3280 tempora
1088 3196 1161 3277 ejus
1186 3200 1377 3277 praevenire

221 3300 406 3379 creduntur,
421 3311 457 3365 ut
474 3302 634 3366 mundum
649 3301 757 3384 primo
772 3309 905 3365 vastent
918 3302 1026 3364 donec
1041 3299 1212 3364 tribulatio
1227 3302 1376 3364 maxima

221 3405 331 3468 veniat
358 3426 417 3487 per
442 3405 694 3470 Antichristum.
741 3404 787 3468 Et
810 3403 863 3467 hic
890 3423 955 3467 non
982 3404 1091 3467 solum
1118 3406 1300 3469 necessaria
1324 3414 1375 3469 est

221 3508 366 3591 depictio
381 3508 528 3573 locorum
547 3518 582 3573 et
597 3508 759 3593 figuratio
775 3509 832 3573 sed
850 3508 995 3572 narratio
1009 3528 1123 3571 eorum
1139 3528 1225 3591 quae
1239 3509 1373 3594 depingi

222 3612 364 3693 debent;
403 3624 556 3677 neutrum
588 3614 674 3677 enim
705 3612 833 3679 sufficit.
893 3612 1023 3694 Sequar
1049 3634 1127 3676 vero
1157 3621 1308 3677 auctores
1341 3623 1375 3677 et

197 3719 541 3799 .experimentatores
575 3738 615 3781 ea
646 3717 820 3801 diligentia
855 3737 922 3801 qua
950 3716 1046 3781 valeo
1079 3727 1241 3799 quantum
1272 3718 1374 3782 modo

220 3821 352 3901 sufficit,
376 3843 548 3906 usquequo
571 3824 716 3906 perlecta
741 3824 887 3887 locorum
914 3822 1064 3887 doctrina
1087 3823 1279 3906 requiratur.
1326 3822 1372 3887 Et

220 3927 603 4011 incipiamameridianis
614 3938 649 3993 et
658 3927 872 3992 orientalibus
882 3928 1041 4011 partibus,
1050 3929 1227 4011 praecipue
1236 3938 1373 4013 propter

220 4032 425 4114 scripturam,
457 4052 542 4116 quae
571 4032 644 4097 loca
675 4031 732 4096 illa
762 4032 869 4115 magis
901 4032 1097 4115 frequentat.
1154 4033 1241 4096 DIco
1271 4033 1373 4117 igitur

220 4137 398 4200 secundum
416 4136 593 4219 praedicta,
608 4139 699 4220 quod
716 4135 804 4200 lrons
827 4136 941 4199 Indiae
961 4138 1160 4202 meridianus
1179 4135 1313 4219 pellitur
1327 4138 1370 4200 ad

219 4239 383 4320 tropicum
407 4239 599 4324 Capricorni
621 4248 758 4323 propter
780 4240 948 4323 regionem
970 4238 1139 4305 Pathalis¹
1159 4249 1194 4304 et
1209 4250 1370 4304 terramm

253 4441 259 4468 ¹
277 4440 333 4488 'I'he
346 4448 404 4502 port
419 4439 448 4487 oI
462 4438 551 4488 Patale
568 4439 590 4488 is
608 4441 687 4488 noted
703 4440 740 4501 by
752 4439 828 4502 Pliny
842 4441 877 4502 (ii.
890 4441 933 4502 73)
945 4456 974 4489 as
985 4458 1001 4490 a
1011 4441 1084 4504 place
1094 4442 1185 4489 where
1196 4443 1242 4490 the
1253 4456 1302 4489 sun
1313 4456 1370 4491 was

219 4523 244 4571 in
259 4520 302 4568 the
320 4519 397 4567 north
414 4524 441 4567 at
458 4532 537 4577 noon,
548 4519 600 4567 and
618 4518 663 4566 the
680 4518 802 4567 shadows
813 4534 885 4568 were
902 4519 1006 4567 thrown
1023 4520 1195 4569 sootbwds
1231 4520 1255 4569 lt
1265 4535 1326 4583 may
1337 4523 1370 4570 be

219 4600 298 4649 noted
310 4599 373 4647 here
385 4598 442 4647 that
454 4596 564 4645 Bacou's
575 4597 681 4658 general
693 4597 799 4645 metbod
810 4598 836 4645 ln
848 4598 902 4646 this
912 4598 1069 4659 description
1083 4598 1144 4646 isto
1154 4612 1216 4660 pm
1228 4598 1294 4648 bom
1307 4599 1369 4649 East

219 4688 246 4730 to
258 4677 334 4727 Weet
345 4677 371 4726 in
383 4677 429 4725 the
440 4676 582 4738 equatorinl
594 4677 693 4738 region,
706 4676 767 4724 then
780 4682 808 4725 to
820 4683 909 4725 return
922 4675 986 4724 t'rom
998 4675 1076 4725 Weet
1087 4683 1115 4725 to
1126 4676 1189 4727 East
1203 4678 1231 4726 in
1246 4694 1262 4727 a
1277 4679 1369 4741 higher
