3575 5375
426 610 776 672 MATHEMATICAE
799 610 851 670 IN
873 612 1043 672 DIVINIS
1071 614 1277 676 UTILITAS.
1370 627 1428 697 231

323 771 548 839 Instrumenta
567 785 678 839 autem
701 795 808 858 aquae
828 786 931 855 erant,
945 777 1032 842 sicut
1052 797 1140 842 nunc
1159 777 1243 842 fiunt
1262 780 1428 861 quaedam
1443 794 1567 845 Messore-

276 875 457 961 horologia.
503 878 650 945 Sumunt
663 881 750 944 enim
766 878 947 944 caldarium
965 881 999 944 in
1019 879 1123 946 fundo
1137 880 1266 946 habens
1280 882 1428 947 foramen
1441 870 1509 990 ξω*
1521 863 1564 975 ⁰ft

277 1000 390 1060 unum,
406 991 440 1046 et
455 981 536 1048 illud
554 982 694 1067 implent
709 1005 803 1067 aqua,
820 985 868 1048 ita
887 995 1001 1048 tamen
1019 986 1111 1067 quod
1131 987 1165 1049 in
1186 988 1279 1050 exitu
1301 987 1429 1068 primae
1441 943 1573 1042 dimo

276 1095 393 1166 guttae
413 1107 473 1169 per
489 1086 636 1152 foramen
659 1087 796 1172 incipiat
818 1088 879 1153 Sol
900 1089 985 1166 oriri,
999 1099 1033 1153 et
1052 1089 1085 1153 in
1108 1111 1227 1156 ocmsu
1244 1091 1333 1156 Solis
1350 1110 1426 1156 con·
1440 1057 1591 1188 3⁴}de

275 1190 466 1254 siderabant
477 1202 638 1274 quantum
649 1213 756 1275 aquae
771 1193 910 1271 exierat,
920 1213 1021 1274 quam
1034 1194 1187 1259 dividunt
1200 1196 1235 1258 in
1251 1195 1426 1260 duodecim

275 1303 387 1376 partes
401 1297 583 1360 secundum
598 1315 771 1360 numerum
788 1297 964 1361 duodecim
983 1297 1148 1375 horarum,
1164 1309 1199 1363 et
1219 1300 1295 1363 ideo
1315 1297 1427 1381 lapsus
1464 1292 1467 1298 ’

275 1396 452 1478 cujuslibet
466 1399 569 1482 partis
591 1421 650 1483 per
672 1400 798 1465 dictum
814 1399 963 1464 foramen
983 1411 1034 1465 est
1055 1402 1217 1467 revolutio
1236 1403 1425 1485 quindecim

273 1501 447 1582 graduum,
457 1524 543 1587 quae
558 1504 638 1568 facit
653 1524 754 1569 unam
769 1505 886 1568 horam
900 1504 976 1567 diei.
1005 1503 1167 1571 Volentes
1179 1508 1280 1589 igitur
1291 1527 1351 1589 per
1361 1505 1426 1572 hoc

274 1607 493 1686 quantitatem
508 1605 595 1672 Solis
607 1607 660 1672 vel
674 1607 789 1672 Lunae
800 1608 958 1692 accipere,
971 1609 1079 1692 prima
1091 1620 1186 1693 parte
1197 1609 1287 1676 Solis
1297 1611 1424 1674 oriente

273 1709 414 1789 primam
444 1722 575 1794 guttam
602 1733 709 1794 aquae
734 1713 871 1776 diurnae
901 1713 992 1777 exire
1018 1714 1227 1798 permittunt,
1247 1725 1282 1779 et
1307 1714 1426 1779 ultima

272 1825 367 1895 parte
383 1814 473 1879 Solis
487 1827 569 1894 orta,
582 1815 729 1882 foramen
744 1817 912 1882 obturant.
958 1816 1054 1900 Quae
1068 1820 1169 1902 igitur
1185 1829 1236 1883 est
1250 1821 1423 1903 proportio

271 1937 378 2000 aquae
407 1940 494 1984 nunc
524 1919 657 2003 elapsae
687 1921 730 1986 ad
760 1932 867 1986 totam
897 1942 1020 2005 aquam
1047 1924 1210 2003 diurnam,
1231 1925 1349 1989 eadem
1371 1933 1422 1990 est

272 2024 425 2089 diametri
442 2023 531 2090 Solis
546 2027 616 2089 sive
630 2046 726 2091 arcus
743 2025 826 2091 coeli
844 2026 921 2090 huic
939 2027 1227 2108 correspondentis
1247 2030 1290 2093 ad
1311 2039 1421 2094 totum

271 2149 384 2193 arcum
408 2130 483 2193 diei.
527 2129 598 2193 Alii
615 2150 693 2194 vero
715 2150 774 2213 per
796 2130 1015 2194 astrolabium
1032 2131 1086 2194 vel
1103 2133 1323 2213 quadrantem
1344 2153 1422 2197 con-

270 2233 496 2299 sideraverunt
511 2243 671 2317 quantum
688 2243 841 2298 movetur
856 2233 979 2317 regula,
991 2235 1075 2298 dum
1090 2236 1320 2300 extremitates
1336 2235 1422 2301 Solis

270 2347 305 2401 et
334 2337 452 2401 Lunae
481 2339 693 2422 aspiciuntur,
718 2348 751 2402 et
782 2337 993 2403 considerant
1021 2348 1110 2417 tunc,
1137 2339 1227 2421 quod
1255 2361 1343 2422 quae
1372 2352 1423 2406 est

270 2441 444 2524 proportio
459 2441 544 2506 illius
559 2462 653 2506 arcus
667 2443 701 2506 in
715 2441 936 2506 instrumento
948 2443 991 2506 ad
1003 2450 1110 2506 totam
1123 2443 1420 2508 circumferentiam

270 2545 351 2627 ejus,
374 2546 492 2611 eadem
520 2556 570 2611 est
594 2547 765 2631 proportio
791 2547 909 2612 stellae
934 2547 978 2611 ad
1004 2548 1303 2612 circumferentiam
1326 2548 1421 2614 coeli.

271 2649 338 2717 Sed
365 2652 421 2716 isti
452 2651 542 2716 modi
575 2672 642 2717 non
673 2651 798 2717 habent
827 2650 1046 2717 sufficientem
1079 2653 1319 2719 certitudinem.
1373 2653 1419 2719 Et

272 2764 409 2839 propter
418 2755 482 2821 hoc
491 2755 656 2833 Averroes
668 2757 748 2821 dicit
761 2758 794 2820 in
807 2756 873 2821 fine
884 2757 1023 2821 secundi
1035 2756 1127 2822 Coeli
1140 2769 1174 2823 et
1187 2758 1316 2833 Mundi,
1329 2762 1419 2842 quod

268 2860 485 2943 investigatur
505 2860 674 2943 quantitas
695 2861 936 2925 diametrorum
956 2860 1127 2927 stellarum
1146 2882 1206 2945 per
1224 2862 1419 2927 instrumen-

269 2974 349 3041 tum,
371 2968 462 3048 quod
484 2966 611 3045 dicitur,
633 2964 760 3029 habens
782 2966 865 3031 duas
892 2965 1032 3050 regulas
1077 2965 1163 3030 illud
1187 2968 1276 3030 enim
1300 2968 1419 3032 instru-

270 3080 418 3133 mentum
433 3070 593 3134 terminat
607 3068 775 3152 angulum,
790 3089 892 3151 quem
912 3072 1043 3153 respicit
1063 3071 1227 3135 diameter
1245 3070 1369 3145 stellae,
1385 3081 1419 3135 ct

267 3171 332 3237 hoc
353 3174 606 3237 instrumentum
630 3172 817 3237 continetur
839 3194 884 3237 ex
908 3173 1038 3237 duabus
1061 3173 1182 3257 regulis
1206 3175 1250 3239 ad
1278 3175 1417 3238 modum

266 3276 376 3341 circini
393 3279 437 3341 ad
457 3277 679 3360 quantitatem
695 3285 837 3359 quatuor
851 3276 1049 3353 cubitorum,
1066 3287 1101 3341 et
1115 3287 1194 3343 sunt
1209 3279 1241 3340 in
1258 3280 1417 3341 extremi-

267 3378 391 3444 tatibus
409 3400 521 3443 earum
540 3381 668 3463 primae
686 3380 882 3463 perforatae,
900 3388 940 3443 ut
958 3380 1136 3444 videantur
1153 3382 1240 3444 duae
1258 3381 1417 3444 extremi-

265 3494 353 3549 tates
373 3482 461 3549 Solis
475 3483 527 3548 vel
546 3484 671 3547 Lunae.
717 3484 779 3547 Per
794 3483 953 3568 angulum
969 3484 1060 3549 enim
1076 3483 1162 3547 inter
1177 3485 1261 3548 duas
1277 3483 1416 3569 regulas,

265 3589 400 3671 quando
423 3598 520 3653 notus
542 3598 602 3665 est,
624 3588 726 3652 scitur
747 3588 909 3653 diameter
930 3587 1046 3653 stellae
1069 3589 1227 3671 quoniam
1252 3597 1302 3652 est
1329 3589 1417 3653 basis

265 3693 351 3757 illius
366 3691 489 3776 anguli.
528 3694 574 3759 Et
590 3692 654 3757 hoc
671 3693 925 3757 instrumentum
941 3693 1068 3757 invenit
1081 3692 1249 3758 Abrachis
1260 3693 1281 3772 ¹,
1293 3702 1330 3756 ut
1345 3692 1417 3759 vult

266 3796 475 3862 Ptolemaeus
501 3798 616 3880 quinta
642 3798 787 3862 dictione
806 3797 995 3879 Almagesti
1022 3798 1080 3860 xiv
1104 3797 1258 3881 capitulo.
1305 3797 1416 3862 Ptole·

265 3921 380 3965 maeus
397 3922 476 3965 vero
498 3901 670 3965 abhorruit
692 3903 816 3986 primos
838 3902 959 3966 modos
981 3911 1119 3986 propter
1141 3902 1415 3982 insufficientiam,

263 4017 299 4071 et
323 4007 411 4071 hunc
440 4006 578 4070 modum
600 3994 768 4071 Abrachis
797 4007 921 4072 invenit
950 4006 1072 4073 habere
1100 4007 1278 4072 defectum.
1324 4007 1414 4072 Nam

261 4112 442 4176 secundum
460 4111 524 4175 hoc
543 4110 798 4175 instrumentum
817 4110 985 4176 Abrachis
1005 4112 1195 4177 aestimavit
1212 4113 1412 4177 diametrum

295 4256 303 4286 ¹
319 4256 454 4318 Abrachis,
466 4256 511 4305 the
523 4254 637 4304 Arabian
649 4256 856 4305 tmnsformation
868 4257 899 4305 ol'
906 4256 1081 4319 Hipparchus.
1117 4258 1141 4307 lt
1152 4273 1212 4319 may
1222 4258 1255 4306 be
1267 4257 1412 4315 remarked,

261 4354 292 4387 as
305 4353 338 4386 an
350 4335 503 4385 illustratiou
520 4334 550 4383 of
563 4335 609 4383 the
620 4334 798 4397 imperfectiori
814 4335 844 4383 of
855 4335 901 4384 the
914 4336 1098 4385 astronomical
1111 4337 1280 4384 instrumente
1297 4335 1362 4383 used
1375 4335 1412 4397 by

261 4417 307 4465 the
318 4416 443 4473 ancients,
454 4414 511 4462 that
517 4414 697 4474 Archimedes,
706 4415 768 4464 who
778 4415 942 4464 constructed
952 4430 986 4463 an
995 4415 1150 4464 instrument
1158 4415 1198 4463 for
1206 4414 1356 4473 measuring
1365 4413 1410 4461 the

261 4501 385 4556 apparent
398 4494 523 4541 diameter
533 4491 563 4539 ol'
575 4492 621 4540 the
633 4492 696 4550 Sun,
711 4494 761 4543 had
773 4502 800 4543 to
812 4499 919 4542 content
931 4494 1037 4543 himself
1049 4493 1116 4542 with
1127 4494 1173 4542 the
1187 4492 1337 4541 conclusion
1352 4492 1408 4540 that

260 4574 280 4621 it
288 4588 344 4621 was
352 4577 399 4621 not
406 4572 530 4621 lesstlum
542 4568 591 4633 {l}
604 4572 657 4621 and
669 4578 714 4620 not
726 4587 797 4621 more
805 4572 869 4621 than
881 4567 931 4635 ffi'
938 4589 944 4632 ;
961 4574 989 4621 in
999 4573 1075 4622 other
1082 4572 1180 4633 words,
1188 4573 1222 4620 he
1231 4570 1301 4619 lefta
1310 4571 1409 4633 margin

260 4651 291 4700 of
298 4666 372 4701 error
383 4652 412 4701 of
419 4650 511 4714 nearly
520 4651 562 4700 six
572 4652 692 4702 minutes.
