3575 5375
372 581 435 639 290
600 564 755 622 OPERIS
780 563 969 632 MAJORIS
994 562 1109 620 PARS
1133 558 1320 634 QUARTA.

371 727 649 810 septentrionalis,
665 727 792 793 scilicet
807 748 827 790 a
840 727 951 790 medio
968 736 1076 788 terrae
1093 726 1157 788 sub
1178 721 1411 807 aequinoctiali
1428 739 1534 804 usque

371 834 414 897 ad
432 843 591 915 punctum
610 844 717 896 terrae
733 833 794 896 sub
812 831 891 913 polo
913 833 1039 894 arctico
1056 839 1213 893 contenta
1229 827 1312 892 intra
1328 827 1431 890 lineas
1446 844 1534 907 quae

372 934 416 998 ab
438 937 566 1000 oriente
596 947 630 1000 et
652 936 823 1000 occidente
845 946 1043 998 concurrunt
1073 935 1106 997 in
1136 935 1248 1017 polum
1272 934 1343 996 sive
1372 939 1533 1014 punctum

371 1049 478 1106 terrae
494 1041 572 1125 polo
587 1041 807 1123 suppositum.
854 1039 901 1102 Et
917 1039 999 1103 haec
1015 1047 1065 1102 est
1077 1049 1198 1121 quarta
1213 1057 1316 1119 quam
1332 1034 1531 1117 quaerimus,

371 1144 405 1208 in
421 1165 487 1228 qua
505 1155 557 1212 est
575 1145 740 1210 habitatio
756 1155 847 1222 nota,
863 1154 898 1209 et
912 1153 964 1206 est
985 1145 1047 1207 sub
1063 1152 1181 1225 quarta
1201 1141 1284 1206 coeli
1300 1141 1390 1222 prius
1406 1145 1532 1201 notata.

206 1265 283 1313 what
294 1223 349 1328 prd-
359 1223 372 1230 ⁶
417 1248 595 1314 Habitatio
606 1246 617 1285 ¹
630 1270 709 1312 vero
721 1248 900 1332 dupliciter
909 1249 1138 1313 consideratur
1151 1272 1160 1324 3
1183 1267 1249 1309 uno
1264 1246 1366 1308 modo
1380 1253 1530 1325 respectu

205 1330 305 1396 portion
318 1330 347 1380 oi

205 1399 247 1446 the
258 1394 350 1446 errtn’s
371 1353 467 1433 coeli,
494 1353 629 1432 scilicet,
658 1363 824 1438 quantum
855 1363 993 1435 propter
1024 1352 1131 1416 solem
1162 1361 1277 1434 potest
1314 1348 1467 1424 habitari,
1497 1354 1532 1408 et

205 1461 331 1538 surrgcen
372 1467 533 1539 quantum
556 1478 632 1521 non.
679 1458 726 1523 Et
746 1458 791 1522 de
811 1457 875 1522 hoc
896 1458 1023 1522 dictum
1046 1466 1096 1521 est
1117 1456 1208 1539 prius
1234 1455 1268 1516 in
1293 1450 1476 1528 universali,
1497 1459 1532 1513 ct

205 1527 339 1580 habitans.
370 1571 526 1646 tangetur
547 1562 718 1646 posterius.
765 1561 845 1626 Alio
870 1563 973 1626 modo
996 1560 1227 1625 consideratur
1245 1557 1415 1640 quantitas
1435 1553 1531 1620 habi·

372 1665 484 1729 tabilis
505 1677 656 1748 respectu
679 1687 794 1749 aquae,
814 1665 949 1740 scilicet,
976 1676 1137 1747 quantum
1161 1684 1248 1746 aqua
1270 1660 1439 1745 impediat.
1485 1658 1532 1720 Et

371 1769 434 1832 hoc
458 1781 508 1838 est
530 1773 630 1834 modo
653 1771 945 1835 considerandum.
992 1769 1203 1834 Ptolemaeus
1221 1787 1300 1831 vero
1323 1765 1355 1828 in
1380 1764 1465 1827 libro
1487 1762 1530 1824 de

376 1873 602 1955 Dispositione
625 1875 795 1957 Sphaerae
822 1875 894 1939 vult
920 1875 1013 1958 quod
1040 1874 1106 1938 lere
1128 1883 1228 1936 sexta
1251 1891 1328 1953 pars
1350 1879 1455 1934 terrae
1478 1877 1529 1929 est

372 1976 563 2042 habitabilis
579 1989 714 2061 propter
730 2000 863 2062 aquam,
880 1988 914 2044 et
937 1989 1048 2043 totum
1072 1978 1240 2042 residuum
1263 1984 1314 2039 est
1332 1982 1528 2054 coopertum

371 2101 468 2164 aqua.
516 2083 561 2148 Et
577 2084 655 2148 ideo
675 2085 708 2147 in
724 2084 916 2166 Almagesti
936 2084 1083 2147 secundo
1104 2082 1189 2146 libro
1212 2081 1306 2162 ponit
1324 2079 1413 2163 quod
1434 2077 1528 2141 habi-

372 2187 458 2250 tatio
488 2198 570 2251 nota
600 2208 666 2251 non
699 2197 749 2252 est
780 2189 841 2252 nisi
872 2189 906 2250 in
938 2199 1056 2270 quarta
1086 2197 1202 2266 terrae,
1231 2185 1357 2249 scilicet
1394 2183 1428 2245 in
1463 2202 1531 2264 qua

373 2290 585 2370 habitamus;
608 2293 702 2375 cujus
723 2293 899 2376 longitudo
920 2301 971 2356 est
990 2291 1034 2355 ab
1052 2292 1180 2356 oriente
1200 2291 1234 2354 in
1251 2290 1415 2366 occidens,
1430 2295 1464 2350 et
1479 2295 1531 2350 est

374 2395 535 2459 medietas
556 2397 824 2478 aequinoctialis;
848 2406 881 2461 et
900 2395 972 2478 ejus
996 2395 1138 2461 latitudo
1159 2406 1210 2459 est
1231 2396 1275 2458 ab
1297 2390 1531 2476 aequinoctiali

372 2498 406 2561 in
429 2499 554 2580 polum,
569 2509 601 2564 et
625 2512 675 2564 est
693 2511 814 2583 quarta
835 2499 948 2565 coluri.
996 2499 1064 2564 Sed
1087 2498 1288 2563 Aristoteles
1311 2496 1384 2561 vult
1408 2497 1441 2560 in
1465 2495 1530 2557 tine

373 2604 512 2666 secundi
526 2602 619 2668 Coeli
633 2614 667 2668 et
680 2605 798 2668 Mundi
815 2605 906 2688 quod
926 2605 999 2686 plus
1010 2604 1178 2668 habitetur
1193 2623 1293 2688 quam
1309 2612 1436 2686 quarta.
1484 2600 1530 2663 Et

374 2706 542 2771 Averroes
555 2708 618 2773 hoc
630 2707 816 2772 confirmat
848 2709 939 2773 Dicit
952 2707 1170 2775 Aristoteles²
1185 2709 1275 2791 quod
1291 2729 1381 2771 mare
1391 2726 1530 2790 parvum

374 2819 424 2872 est
440 2810 525 2873 inter
541 2808 641 2874 finem
667 2812 853 2894 Hispaniae
872 2833 892 2876 a
917 2822 1012 2896 parte
1035 2813 1219 2877 occidentis
1242 2824 1276 2877 et
1300 2812 1385 2875 inter
1411 2810 1531 2892 princi·

374 2914 467 2993 pium
486 2913 602 2977 Indiae
619 2936 638 2977 a
657 2925 750 2997 parte
766 2917 909 2980 orientis,
957 2915 1003 2980 Et
1020 2916 1146 2981 Seneca
1158 2916 1243 2980 libro
1255 2916 1372 2998 quinto
1385 2914 1530 2979 Natura·

375 3016 456 3079 lium
468 3018 648 3101 dicitquod
663 3040 753 3083 mare
764 3020 828 3084 hoc
840 3030 891 3083 est
904 3020 1089 3104 navigabile
1101 3021 1134 3083 in
1146 3020 1352 3104 paucissimis
1362 3020 1490 3096 diebus,
1501 3019 1531 3081 si

374 3131 493 3185 ventus
509 3122 551 3186 sit
566 3122 774 3187 conveniens.
820 3123 866 3187 Et
882 3124 1006 3187 Plinius
1019 3124 1032 3161 ³
1047 3127 1145 3190 docet
1161 3126 1193 3187 in
1210 3122 1425 3188 Naturalibus
1439 3124 1531 3205 quod

408 3339 417 3367 ¹
434 3342 498 3392 This
517 3345 673 3409 paragraph,
692 3343 826 3408 including
844 3346 901 3395 half
917 3346 947 3395 os
963 3346 1020 3395 that
1036 3346 1124 3395 which
1143 3344 1252 3407 follows,
1273 3344 1321 3393 has
1337 3360 1353 3392 a
1370 3344 1530 3393 remarkable

374 3420 482 3483 history.
518 3422 542 3471 lt
559 3423 581 3471 is
598 3424 711 3473 inserted
729 3425 841 3473 without
857 3425 1117 3487 aclmowledgement
1132 3424 1162 3473 ol
1175 3425 1208 3472 its
1225 3440 1318 3472 source
1335 3424 1361 3471 in
1377 3424 1423 3472 the
1438 3423 1533 3487 Imago

375 3498 472 3549 Mundi
485 3500 514 3549 ol
528 3501 648 3551 Cardinal
666 3500 763 3565 d'Ailly
782 3502 886 3566 (Petrus
903 3504 1040 3567 Aulucus),
1052 3504 1114 3552 who
1129 3503 1188 3552 died
1208 3516 1278 3564 1425,
1292 3503 1343 3550 and
1354 3504 1446 3550 whose
1456 3502 1533 3551 worlr

374 3592 430 3627 was
446 3580 550 3641 printed
565 3588 592 3629 at
607 3580 733 3640 Louvain,
748 3584 819 3643 1480.
854 3582 877 3631 lt
890 3583 969 3632 forms
980 3583 1025 3631 the
1037 3589 1140 3642 greater
1151 3592 1208 3643 part
1219 3581 1249 3629 ol
1257 3583 1301 3629 the
1313 3581 1402 3641 eighth
1415 3582 1531 3641 chapter,

376 3658 493 3717 entitled,
506 3658 564 3706 ‘De
578 3660 721 3720 quantitate
738 3667 823 3709 terrae
839 3661 1001 3711 habitabilia'
1030 3660 1106 3709 From
1123 3661 1175 3708 this
1188 3660 1263 3708 worlr
1279 3660 1299 3708 it
1312 3676 1367 3709 was
1382 3661 1480 3722 quoted
1495 3660 1534 3722 by

376 3734 515 3784 Columbus
536 3737 562 3784 in
589 3752 604 3785 a
630 3738 708 3787 letter
724 3739 830 3788 written
853 3740 878 3788 in
907 3740 1023 3789 October
1047 3740 1111 3801 1498
1130 3746 1158 3787 to
1178 3738 1325 3788 Ferdinand
1347 3739 1398 3787 and
1421 3739 1533 3788 lsabella

376 3814 439 3861 l'rorn
474 3814 637 3875 Hispaniola.
684 3816 736 3865 See
758 3817 849 3882 Imago
874 3816 976 3873 Mundi,
997 3817 1041 3867 sol.
1064 3816 1141 3879 laub?
1165 3818 1216 3865 and
1240 3816 1390 3877 Humboldt,
1414 3816 1532 3864 Examen

377 3892 491 3954 Gnatique,
506 3893 555 3942 vol.
570 3895 584 3941 i.
601 3908 644 3955 pp.
660 3896 742 3957 61-70
755 3896 807 3944 and
823 3912 867 3959 pp.
886 3898 1002 3959 96-108:
1019 3897 1076 3945 also
1090 3895 1201 3956 Cosmos,
1214 3895 1265 3945 vol.
1278 3896 1305 3945 ii.
1318 3912 1343 3957 p.
1355 3897 1403 3944 621
1418 3895 1532 3956 (Bohn's

376 3970 440 4033 ed).
477 3970 619 4022 Humboldt
631 3973 746 4022 remarks
759 3974 813 4022 that
828 3975 873 4023 the
884 3974 976 4037 Imago
991 3972 1087 4022 Mundi
1096 3978 1103 4001 ‘
1112 3974 1248 4023 exercised
1259 3989 1274 4021 a
1285 3982 1389 4034 greater
1400 3974 1532 4023 intluence

376 4066 410 4099 on
431 4052 475 4100 the
493 4051 630 4113 discovery
647 4051 677 4100 ol
689 4052 808 4101 America
825 4054 886 4102 than
905 4054 948 4102 did
969 4054 1013 4103 the
1033 4053 1258 4115 correspondence
1274 4053 1339 4101 with
1359 4052 1403 4100 the
1423 4052 1532 4103 learned

376 4128 526 4179 florentine
537 4130 701 4181 Toscanelli.'

408 4211 418 4241 ²
434 4212 514 4262 Arist.
533 4212 572 4261 De
589 4212 666 4265 Coelo.
678 4214 703 4264 il.
719 4229 757 4276 14,
770 4218 784 4274 ξ
799 4230 828 4277 15
847 4212 883 4263 tut
900 4212 956 4263 τοὺς
972 4211 1191 4273 ὑπολαμβάνοντας
1207 4210 1336 4261 συνάπτειν
1353 4210 1398 4260 τὸν
1415 4210 1468 4275 περὶ
1486 4211 1533 4262 eda

376 4292 529 4353 Ἡρακλείους
546 4291 639 4352 στήλας
654 4289 730 4340 τόπον
749 4293 784 4356 τῷ
799 4292 853 4356 περὶ
870 4294 917 4354 τὴν
937 4292 1046 4354 Ἰνδικήν,
1065 4292 1108 4341 nal
1125 4292 1214 4341 τοῦτον
1233 4289 1280 4339 τὸν
1295 4289 1384 4354 τρόπον
1403 4289 1463 4340 dm
1483 4292 1533 4352 τὴν

376 4369 506 4419 θάλατταν
516 4368 582 4431 μίαν,
594 4368 627 4431 μὴ
642 4371 698 4419 λίαν
713 4371 893 4432 ὑπολαμβάνειν
909 4370 1000 4419 ἅπαντα
1013 4372 1101 4421 δοκεῖν.
1134 4370 1173 4421 Cl'.
1194 4370 1302 4429 Seneca,
1323 4368 1381 4419 Nar.
1398 4370 1499 4431 Quaest.
1512 4372 1530 4424 i.

377 4445 489 4509 Prolog..
504 4448 650 4509 ‘Quantum
662 4449 730 4497 eninr
742 4451 861 4512 estquod
873 4451 904 4498 nb
916 4451 1011 4499 ultimis
1028 4450 1146 4499 litoribus
1157 4448 1300 4510 Hispaniae
1312 4464 1395 4510 usque
1405 4449 1438 4497 ad
1451 4449 1532 4500 Indos

373 4526 456 4587 jacetl
492 4526 704 4575 Paucissimornm
714 4527 812 4577 dierum
824 4530 944 4589 spatium.
955 4530 977 4578 si
989 4544 1081 4577 navem
1092 4543 1154 4578 suus
1165 4529 1231 4576 serat
1241 4534 1342 4588 ventus,
1354 4527 1488 4590 implebit.'

410 4604 419 4632 ²
437 4604 521 4666 Pliny,
532 4604 591 4654 Nat.
604 4605 672 4655 Hist.
686 4606 713 4656 ii.
728 4608 770 4668 67.
