3575 5375
343 586 405 648 285
564 589 720 650 OPERIS
744 589 934 660 MAJORIS
958 589 1074 648 PARS
1099 587 1285 662 QUARTA.

174 761 230 810 ‘she
241 762 314 812 value
391 750 596 836 Postquam¹
616 752 819 818 declaratum
836 761 886 818 est
902 753 1073 836 quomodo
1089 750 1329 816 mathematica
1344 759 1498 834 potenter

175 827 306 943 ffiffi'e‘
345 856 520 938 requiritur
542 857 585 922 ad
609 856 855 940 philosophiam
878 867 913 921 et
935 855 1140 939 theologiam
1163 865 1198 918 et
1221 852 1287 918 Dei
1314 853 1498 932 ecclesiam,

175 960 305 1009 scienoein
345 979 432 1024 nunc
455 958 736 1026 manifestandum
760 971 811 1026 est
833 960 977 1044 qualiter
997 969 1048 1025 est
1071 959 1253 1024 necessaria
1272 959 1319 1022 rei
1343 957 1496 1041 publicae

173 1023 331 1142 {lirim}
344 1062 492 1128 fidelium
523 1064 725 1147 dirigendae.
773 1065 818 1128 Et
848 1066 980 1129 duobus
1006 1064 1114 1128 modis
1138 1062 1375 1146 principalibus
1399 1061 1496 1126 valet.

174 1156 261 1206 ΨΜ
344 1168 422 1234 Uno
433 1167 557 1232 scilicet
568 1169 668 1232 modo
681 1179 817 1253 propter
826 1169 1051 1252 cognitionem
1063 1168 1256 1246 futurorum,
1264 1167 1495 1250 praesentium,

342 1280 376 1334 et
392 1273 662 1354 praeteritorum
684 1273 750 1338 alio
772 1273 875 1338 modo
897 1273 928 1336 in
949 1273 1105 1355 operibus
1126 1271 1270 1336 utilibus
1315 1271 1401 1336 Cum
1417 1289 1496 1334 vero

341 1374 521 1442 humanum
548 1397 653 1460 genus
679 1377 722 1442 sit
748 1378 941 1459 expositum
967 1375 1102 1441 infinitis
1129 1375 1283 1458 periculis
1307 1376 1349 1441 de
1376 1373 1496 1453 futuro,

341 1499 471 1545 summe
497 1481 717 1544 necessarium
742 1490 801 1559 est,
825 1490 862 1546 ut
887 1480 1012 1546 habeat
1032 1481 1103 1545 vias
1125 1479 1348 1564 cognoscendi
1375 1478 1494 1544 lutura.

342 1582 477 1648 Etcum
496 1585 588 1648 Deus
604 1585 697 1649 dedit
711 1585 839 1648 homini
855 1584 992 1667 majora,
1007 1584 1131 1649 scilicet
1148 1585 1296 1648 animam
1317 1592 1351 1647 et
1366 1603 1494 1666 corpus,

341 1697 374 1751 et
400 1688 565 1771 promittit
586 1688 691 1754 vitam
715 1697 894 1756 aeternam.
915 1708 981 1752 non
1011 1687 1127 1753 debuit
1158 1689 1324 1771 denegare
1353 1688 1493 1751 minora

341 1790 430 1854 Nam
456 1800 489 1855 et
516 1792 682 1858 sceleratis
707 1793 757 1858 sol
784 1795 889 1858 oritur
915 1804 948 1857 et
975 1793 1090 1878 piratis
1121 1801 1237 1875 patent
1267 1792 1391 1866 maria;
1411 1811 1492 1874 qua-

341 1905 478 1978 propter
500 1895 599 1980 longe
629 1898 736 1979 magis
760 1897 853 1960 Deus
879 1897 979 1961 debet
1004 1898 1101 1962 bonis
1125 1896 1241 1962 utilem
1266 1895 1492 1979 cognitionem

340 2019 459 2078 rerum,
469 2009 503 2064 et
519 2001 693 2084 praecipue
710 2000 922 2078 multitudini,
933 2011 1068 2086 propter
1079 2001 1142 2064 hoc
1157 2002 1247 2083 quod
1266 2000 1298 2062 in
1310 2020 1348 2064 ea
1366 1998 1491 2064 bonum

339 2103 509 2187 publicum
540 2104 713 2168 invenitur.
773 2105 819 2170 Et
845 2106 923 2188 quia
952 2126 1085 2188 semper
1113 2104 1214 2188 aliqui
1243 2104 1321 2168 boni
1351 2113 1387 2168 et
1418 2103 1492 2168 Deo

339 2205 508 2290 placentes
538 2208 571 2272 in
602 2210 727 2274 mundo
758 2210 980 2288 inveniuntur,
1010 2211 1086 2274 ideo
1117 2208 1211 2272 Deus
1241 2208 1366 2272 mundo
1396 2208 1491 2272 dedit

341 2311 558 2394 multiplicem
574 2313 758 2378 futurorum
779 2314 1014 2397 cognitionem,
1030 2334 1090 2378 nec
1110 2321 1222 2395 potest
1243 2321 1331 2376 stare
1351 2311 1421 2376 sine
1441 2331 1492 2390 ea,

340 2425 377 2478 ut
389 2417 488 2482 docet
499 2416 671 2482 Avicenna
681 2420 713 2482 in
723 2419 830 2501 primo
842 2422 884 2483 de
897 2419 1031 2496 Anima,
1039 2430 1074 2482 et
1086 2419 1217 2483 decimo
1228 2417 1492 2499 Metaphysicae.

340 2519 433 2584 Prius
451 2542 526 2585 vero
542 2534 651 2586 tactae
667 2534 742 2588 sunt
759 2525 885 2588 radices
905 2525 948 2588 de
968 2522 1159 2605 cognitione
1178 2521 1362 2586 futurorum
1386 2522 1418 2585 in
1435 2522 1490 2586 illa

339 2624 551 2691 distinctione
567 2629 598 2691 in
615 2648 681 2711 qua
697 2630 738 2693 de
754 2631 970 2695 excusatione
988 2627 1244 2693 mathematicae
1264 2627 1440 2710 disputavi,
1456 2639 1490 2691 et

339 2740 508 2795 ostensum
524 2734 679 2814 estquod
694 2733 852 2815 possibile
868 2744 919 2798 est
931 2735 1094 2799 sufficiens
1107 2733 1267 2815 judicium
1279 2732 1312 2794 in
1325 2731 1490 2809 omnibus,

338 2834 429 2916 quod
445 2844 496 2899 est
514 2835 641 2901 scilicet
661 2838 807 2902 medium
829 2839 915 2903 inter
935 2839 1155 2903 necessarium
1173 2848 1208 2901 et
1228 2835 1439 2919 impossibile,
1456 2845 1491 2900 et

338 2937 423 3001 inter
438 2938 621 3005 universale
640 2952 674 3006 et
690 2942 892 3024 particulare.
939 2944 1028 3007 Nam
1050 2963 1109 3028 per
1127 2942 1210 3007 haec
1231 2961 1324 3005 mens
1345 2940 1490 3005 humana

338 3041 529 3121 illustratur,
545 3057 581 3109 ut
598 3046 702 3128 possit
718 3048 897 3129 prudenter
913 3049 946 3112 in
962 3047 1116 3114 omnibus
1134 3048 1259 3111 dissere
1278 3056 1312 3109 et
1328 3045 1490 3109 utilitates

337 3146 400 3211 sibi
417 3157 450 3211 et
464 3146 536 3213 aliis
550 3150 731 3231 providere.
776 3151 898 3217 Postea
913 3174 991 3217 vero
1007 3151 1162 3216 descendi
1180 3160 1217 3215 ut
1233 3171 1283 3214 res
1299 3147 1489 3234 postulabat

338 3251 380 3314 ad
409 3250 534 3334 judicia
564 3254 721 3335 specialia
745 3256 778 3319 in
809 3256 973 3335 humanis,
997 3256 1121 3319 scilicet
1152 3255 1185 3319 in
1211 3254 1422 3318 distinctione
1446 3255 1489 3315 de

336 3356 443 3421 sectis.
490 3356 577 3421 Etsi
594 3360 626 3423 in
643 3359 739 3425 rebus
755 3360 908 3426 humanis
923 3370 957 3425 et
973 3361 1149 3443 praecipue
1169 3360 1202 3422 in
1224 3357 1414 3440 hujusmodi
1430 3356 1488 3426 fiat

335 3480 449 3524 verum
477 3472 509 3525 et
536 3462 615 3528 utile
636 3463 810 3545 judicium,
833 3465 939 3530 multo
967 3466 1074 3549 magis
1100 3465 1133 3527 in
1161 3466 1258 3527 rebus
1284 3461 1488 3527 naturalibus

335 3573 447 3647 potest
463 3565 526 3630 hoc
543 3566 622 3647 fieri,
636 3578 705 3633 tarn
723 3570 755 3634 in
771 3571 959 3653 particulari
975 3590 1077 3652 quarn
1094 3569 1127 3631 in
1143 3567 1276 3652 propria
1290 3564 1472 3649 disciplina.

380 3667 426 3731 Et
443 3668 529 3745 licet,
544 3672 600 3735 ubi
616 3682 728 3739 actum
748 3685 799 3739 est
814 3675 856 3739 de
873 3675 1089 3740 excusatione
1104 3671 1370 3745 mathematicae,
1386 3680 1488 3751 atque

335 3772 485 3853 superius
495 3775 537 3837 de
547 3779 795 3858 comparatione
804 3780 964 3844 virtutum
977 3777 1169 3843 coelestium
1181 3776 1316 3841 adhaec
1326 3773 1488 3852 inferiora,

335 3926 366 3974 ol
380 3926 423 3974 the
437 3924 553 3977 Passion.
591 3928 643 3978 But
657 3932 701 3979 the
718 3932 825 3995 majores
841 3933 929 3981 whom
945 3934 979 3981 he
995 3932 1089 3995 speaks
1105 3930 1136 3979 ot'
1153 3932 1218 3979 here
1234 3944 1280 3978 are
1296 3928 1375 3977 Peter
1391 3927 1488 3989 d’nitly

334 4005 386 4053 and
399 4004 503 4054 Nicolas
516 4005 545 4053 os
554 4006 629 4056 Cusa.
663 4009 718 4058 The
730 4010 785 4059 first
796 4012 826 4059 ol
832 4012 906 4060 these
918 4012 978 4069 had,
990 4025 1019 4059 as
1035 4010 1089 4059 will
1106 4010 1139 4058 be
1157 4025 1220 4058 seen
1238 4008 1380 4071 presently‚
1394 4008 1487 4069 copied

333 4082 390 4131 into
402 4083 443 4133 his
454 4082 546 4147 Imago
557 4084 695 4135 Muudr'an
706 4096 806 4139 extract
817 4090 882 4139 from
895 4087 1007 4138 Bacon's
1022 4088 1211 4150 Geognphicnl
1221 4087 1339 4136 treatioe:
1357 4087 1409 4135 and
1423 4086 1487 4134 with

334 4163 426 4224 regard
445 4172 473 4211 to
490 4164 534 4211 the
550 4163 625 4213 lunae
643 4167 725 4230 cycle,
739 4168 773 4216 he
790 4168 933 4217 advocated
950 4166 1060 4216 Bucon's
1076 4167 1145 4216 view
1160 4166 1217 4215 that
1232 4166 1278 4214 the
1288 4165 1358 4214 Arab
1373 4165 1446 4226 cycle
1461 4164 1491 4213 ol

333 4241 414 4303 thirty
426 4241 500 4289 lunru'
509 4258 587 4303 years
598 4243 691 4293 should
702 4246 735 4295 be
746 4246 867 4307 adopted.
905 4246 929 4294 lt
946 4246 969 4295 is
983 4244 1144 4307 abundantly
1160 4244 1229 4293 clear
1244 4244 1300 4293 that
1316 4244 1360 4293 the
1378 4243 1487 4305 impulse

334 4327 361 4368 to
373 4320 424 4369 this
440 4320 535 4369 reform
547 4337 603 4373 was
615 4323 692 4384 given
703 4323 738 4385 by
751 4325 848 4373 Bacon.
886 4324 927 4385 By
945 4340 980 4373 no
995 4324 1116 4386 previous
1132 4323 1223 4372 writer
1239 4323 1290 4371 had
1307 4338 1360 4383 any
1377 4330 1487 4384 attempt

334 4398 400 4447 been
413 4400 487 4449 made
499 4408 526 4448 to
537 4402 617 4465 apply
627 4403 807 4451 astronomical
819 4404 923 4451 science
934 4410 962 4451 to
973 4402 1018 4450 the
1030 4402 1197 4451 rectification
1210 4401 1240 4451 os
1248 4400 1293 4449 the
1305 4400 1442 4449 Calendar.

368 4477 374 4503 ¹
393 4475 480 4527 Baton
498 4493 560 4527 now
577 4494 667 4541 passos
684 4489 712 4529 to
731 4482 775 4531 the
790 4482 889 4541 subject
905 4480 935 4529 oi
946 4481 1110 4542 Geogruplry.
1145 4480 1170 4529 Α
1187 4495 1284 4541 survey
1298 4479 1328 4528 ol'
1339 4480 1383 4528 the
1399 4480 1487 4541 planet

333 4568 388 4603 was
403 4557 506 4604 needed
518 4558 545 4604 in
557 4559 634 4607 order
645 4566 672 4606 to
683 4558 801 4609 estimate
813 4560 857 4607 the
870 4560 982 4620 dungers
998 4566 1026 4607 to
1041 4560 1085 4608 the
1097 4558 1203 4609 Church
1215 4557 1281 4607 from
1297 4558 1397 4619 foreign
1415 4558 1486 4617 loes;

333 4632 386 4683 end
396 4635 529 4696 generally
540 4635 580 4685 sor
591 4637 636 4687 the
648 4638 764 4687 exereise
777 4637 807 4687 ol
815 4638 860 4687 the
873 4636 968 4699 Pope’s
979 4637 1114 4687 functione
1125 4652 1154 4687 ss
1167 4638 1294 4687 universal
1306 4637 1408 4701 bishop.
