<?xml version="1.0" encoding="UTF-8"?>
<!DOCTYPE html PUBLIC "-//W3C//DTD XHTML 1.0 Transitional//EN"
    "http://www.w3.org/TR/xhtml1/DTD/xhtml1-transitional.dtd">
<html xmlns="http://www.w3.org/1999/xhtml" xml:lang="en" lang="en">
 <head>
  <title>
</title>
<meta http-equiv="Content-Type" content="text/html;charset=utf-8" />
  <meta name='ocr-system' content='tesseract 3.04.00' />
  <meta name='ocr-capabilities' content='ocr_page ocr_carea ocr_par ocr_line ocrx_word'/>
</head>
<body>
  <div class='ocr_page' id='page_1' title='image "./opusmajusrogerb01bridgoog_0224.png"; bbox 0 0 3575 5375; ppageno 0'>
   <div class='ocr_carea' id='block_1_1' title="bbox 651 624 1424 701">
    <p class='ocr_par' dir='ltr' id='par_1_1' title="bbox 651 624 1424 701">
     <span class='ocr_line' id='line_1_1' title="bbox 651 624 1424 701; baseline 0 -18"><span class='ocrx_word' id='word_1_1' title='bbox 651 624 821 683; x_wconf 81' lang='lat' dir='ltr'>CAUSAE</span> <span class='ocrx_word' id='word_1_2' title='bbox 844 625 1044 684; x_wconf 86' lang='lat' dir='ltr'>ERRORIS.</span> <span class='ocrx_word' id='word_1_3' title='bbox 1384 641 1424 701; x_wconf 83' lang='lat'>27</span> 
     </span>
    </p>
   </div>
   <div class='ocr_carea' id='block_1_2' title="bbox 270 794 1424 1717">
    <p class='ocr_par' dir='ltr' id='par_1_2' title="bbox 270 794 1424 1717">
     <span class='ocr_line' id='line_1_2' title="bbox 271 794 1423 880; baseline 0.002 -21"><span class='ocrx_word' id='word_1_4' title='bbox 271 795 412 873; x_wconf 88' lang='lat' dir='ltr'>vivente,</span> <span class='ocrx_word' id='word_1_5' title='bbox 436 795 559 860; x_wconf 90' lang='lat' dir='ltr'>multos</span> <span class='ocrx_word' id='word_1_6' title='bbox 582 794 733 861; x_wconf 89' lang='lat' dir='ltr'>insuam</span> <span class='ocrx_word' id='word_1_7' title='bbox 756 796 917 861; x_wconf 85' lang='lat' dir='ltr'>haeresim</span> <span class='ocrx_word' id='word_1_8' title='bbox 942 817 1170 880; x_wconf 80' lang='lat' dir='ltr'>congregasse.</span> <span class='ocrx_word' id='word_1_9' title='bbox 1215 796 1283 861; x_wconf 87' lang='lat' dir='ltr'>Sed</span> <span class='ocrx_word' id='word_1_10' title='bbox 1310 807 1423 861; x_wconf 89' lang='lat' dir='ltr'>tamen</span> 
     </span>
     <span class='ocr_line' id='line_1_3' title="bbox 271 897 1422 984; baseline 0.002 -21"><span class='ocrx_word' id='word_1_11' title='bbox 271 901 421 965; x_wconf 89' lang='lat' dir='ltr'>omnium</span> <span class='ocrx_word' id='word_1_12' title='bbox 440 897 747 984; x_wconf 88' lang='lat' dir='ltr'>philosophantium</span> <span class='ocrx_word' id='word_1_13' title='bbox 769 902 959 965; x_wconf 89' lang='lat' dir='ltr'>testimonio</span> <span class='ocrx_word' id='word_1_14' title='bbox 982 901 1078 966; x_wconf 90' lang='lat' dir='ltr'>Plato</span> <span class='ocrx_word' id='word_1_15' title='bbox 1101 901 1227 965; x_wconf 90' lang='lat' dir='ltr'>nullam</span> <span class='ocrx_word' id='word_1_16' title='bbox 1250 921 1422 984; x_wconf 89' lang='lat' dir='ltr'>compara·</span> 
     </span>
     <span class='ocr_line' id='line_1_4' title="bbox 271 1004 1424 1088; baseline -0.001 -18"><span class='ocrx_word' id='word_1_17' title='bbox 271 1005 395 1070; x_wconf 90' lang='lat' dir='ltr'>tionem</span> <span class='ocrx_word' id='word_1_18' title='bbox 432 1015 583 1087; x_wconf 87' lang='lat' dir='ltr'>respectu</span> <span class='ocrx_word' id='word_1_19' title='bbox 619 1004 814 1071; x_wconf 87' lang='lat' dir='ltr'>Aristotelis</span> <span class='ocrx_word' id='word_1_20' title='bbox 850 1007 998 1071; x_wconf 91' lang='lat' dir='ltr'>noscitur</span> <span class='ocrx_word' id='word_1_21' title='bbox 1030 1005 1192 1071; x_wconf 82' lang='lat' dir='ltr'>habuisse</span> <span class='ocrx_word' id='word_1_22' title='bbox 1253 1005 1289 1070; x_wconf 90' lang='lat' dir='ltr'>Si</span> <span class='ocrx_word' id='word_1_23' title='bbox 1325 1007 1424 1088; x_wconf 90' lang='lat' dir='ltr'>igitur</span> 
     </span>
     <span class='ocr_line' id='line_1_5' title="bbox 271 1108 1424 1193; baseline 0.002 -20"><span class='ocrx_word' id='word_1_24' title='bbox 271 1110 376 1173; x_wconf 86' lang='lat' dir='ltr'>sancti</span> <span class='ocrx_word' id='word_1_25' title='bbox 395 1108 638 1193; x_wconf 86' lang='lat' dir='ltr'>philosophiam</span> <span class='ocrx_word' id='word_1_26' title='bbox 659 1109 731 1191; x_wconf 91' lang='lat' dir='ltr'>ejus</span> <span class='ocrx_word' id='word_1_27' title='bbox 748 1112 917 1185; x_wconf 90' lang='lat' dir='ltr'>vidissent,</span> <span class='ocrx_word' id='word_1_28' title='bbox 937 1131 997 1193; x_wconf 93' lang='lat' dir='ltr'>pro</span> <span class='ocrx_word' id='word_1_29' title='bbox 1018 1121 1109 1174; x_wconf 91' lang='lat' dir='ltr'>certo</span> <span class='ocrx_word' id='word_1_30' title='bbox 1129 1130 1169 1174; x_wconf 90' lang='lat' dir='ltr'>ea</span> <span class='ocrx_word' id='word_1_31' title='bbox 1188 1111 1238 1174; x_wconf 91' lang='lat' dir='ltr'>usi</span> <span class='ocrx_word' id='word_1_32' title='bbox 1254 1120 1373 1185; x_wconf 85' lang='lat' dir='ltr'>essent,</span> <span class='ocrx_word' id='word_1_33' title='bbox 1390 1120 1424 1175; x_wconf 91' lang='lat' dir='ltr'>et</span> 
     </span>
     <span class='ocr_line' id='line_1_6' title="bbox 270 1213 1424 1299; baseline -0.002 -20"><span class='ocrx_word' id='word_1_34' title='bbox 270 1214 370 1279; x_wconf 87' lang='lat' dir='ltr'>altius</span> <span class='ocrx_word' id='word_1_35' title='bbox 393 1213 602 1291; x_wconf 87' lang='lat' dir='ltr'>extulissent,</span> <span class='ocrx_word' id='word_1_36' title='bbox 616 1214 693 1296; x_wconf 90' lang='lat' dir='ltr'>quia</span> <span class='ocrx_word' id='word_1_37' title='bbox 715 1215 888 1279; x_wconf 87' lang='lat' dir='ltr'>veritatem</span> <span class='ocrx_word' id='word_1_38' title='bbox 913 1234 978 1278; x_wconf 95' lang='lat' dir='ltr'>non</span> <span class='ocrx_word' id='word_1_39' title='bbox 1003 1225 1181 1299; x_wconf 85' lang='lat' dir='ltr'>negassent</span> <span class='ocrx_word' id='word_1_40' title='bbox 1204 1214 1424 1293; x_wconf 79' lang='lat' dir='ltr'>manifestam,</span> 
     </span>
     <span class='ocr_line' id='line_1_7' title="bbox 271 1318 1424 1401; baseline 0.001 -19"><span class='ocrx_word' id='word_1_41' title='bbox 271 1336 331 1383; x_wconf 90' lang='lat' dir='ltr'>nec</span> <span class='ocrx_word' id='word_1_42' title='bbox 365 1318 515 1381; x_wconf 90' lang='lat' dir='ltr'>maxima</span> <span class='ocrx_word' id='word_1_43' title='bbox 543 1339 604 1400; x_wconf 91' lang='lat' dir='ltr'>pro</span> <span class='ocrx_word' id='word_1_44' title='bbox 639 1319 784 1383; x_wconf 89' lang='lat' dir='ltr'>minimis</span> <span class='ocrx_word' id='word_1_45' title='bbox 819 1319 1047 1385; x_wconf 84' lang='lat' dir='ltr'>declinassent.</span> <span class='ocrx_word' id='word_1_46' title='bbox 1093 1320 1181 1383; x_wconf 92' lang='lat' dir='ltr'>Nam</span> <span class='ocrx_word' id='word_1_47' title='bbox 1214 1318 1424 1401; x_wconf 86' lang='lat' dir='ltr'>Augustinus</span> 
     </span>
     <span class='ocr_line' id='line_1_8' title="bbox 270 1414 1422 1506; baseline 0.003 -23"><span class='ocrx_word' id='word_1_48' title='bbox 270 1422 341 1506; x_wconf 91' lang='lat' dir='ltr'>ipse</span> <span class='ocrx_word' id='word_1_49' title='bbox 353 1423 519 1486; x_wconf 87' lang='lat' dir='ltr'>transtulit</span> <span class='ocrx_word' id='word_1_50' title='bbox 532 1422 650 1488; x_wconf 86' lang='lat' dir='ltr'>librum</span> <span class='ocrx_word' id='word_1_51' title='bbox 664 1423 1009 1488; x_wconf 89' lang='lat' dir='ltr'>Praedicamentorum</span> <span class='ocrx_word' id='word_1_52' title='bbox 1021 1424 1064 1487; x_wconf 87' lang='lat' dir='ltr'>de</span> <span class='ocrx_word' id='word_1_53' title='bbox 1077 1422 1205 1489; x_wconf 89' lang='lat' dir='ltr'>Graeco</span> <span class='ocrx_word' id='word_1_54' title='bbox 1220 1425 1252 1487; x_wconf 95' lang='lat' dir='ltr'>in</span> <span class='ocrx_word' id='word_1_55' title='bbox 1266 1414 1422 1489; x_wconf 84' lang='lat' dir='ltr'>Latinum</span> 
     </span>
     <span class='ocr_line' id='line_1_9' title="bbox 271 1524 1423 1611; baseline 0.003 -24"><span class='ocrx_word' id='word_1_56' title='bbox 271 1545 331 1610; x_wconf 90' lang='lat' dir='ltr'>pro</span> <span class='ocrx_word' id='word_1_57' title='bbox 351 1524 506 1604; x_wconf 84' lang='lat' dir='ltr'>filiosuo,</span> <span class='ocrx_word' id='word_1_58' title='bbox 525 1537 560 1590; x_wconf 91' lang='lat' dir='ltr'>et</span> <span class='ocrx_word' id='word_1_59' title='bbox 578 1528 736 1608; x_wconf 87' lang='lat' dir='ltr'>exposuit</span> <span class='ocrx_word' id='word_1_60' title='bbox 753 1529 937 1609; x_wconf 88' lang='lat' dir='ltr'>diligenter,</span> <span class='ocrx_word' id='word_1_61' title='bbox 958 1528 1032 1611; x_wconf 88' lang='lat' dir='ltr'>plus</span> <span class='ocrx_word' id='word_1_62' title='bbox 1052 1526 1190 1592; x_wconf 90' lang='lat' dir='ltr'>laudans</span> <span class='ocrx_word' id='word_1_63' title='bbox 1204 1526 1423 1592; x_wconf 88' lang='lat' dir='ltr'>Aristotelem</span> 
     </span>
     <span class='ocr_line' id='line_1_10' title="bbox 271 1630 1423 1717; baseline 0 -22"><span class='ocrx_word' id='word_1_64' title='bbox 271 1633 314 1695; x_wconf 94' lang='lat' dir='ltr'>de</span> <span class='ocrx_word' id='word_1_65' title='bbox 336 1630 400 1695; x_wconf 94' lang='lat' dir='ltr'>hoc</span> <span class='ocrx_word' id='word_1_66' title='bbox 423 1631 536 1708; x_wconf 90' lang='lat' dir='ltr'>nihilo,</span> <span class='ocrx_word' id='word_1_67' title='bbox 558 1652 659 1714; x_wconf 88' lang='lat' dir='ltr'>quarn</span> <span class='ocrx_word' id='word_1_68' title='bbox 687 1652 748 1697; x_wconf 89' lang='lat' dir='ltr'>nos</span> <span class='ocrx_word' id='word_1_69' title='bbox 771 1653 832 1714; x_wconf 92' lang='lat' dir='ltr'>pro</span> <span class='ocrx_word' id='word_1_70' title='bbox 858 1654 979 1717; x_wconf 89' lang='lat' dir='ltr'>magna</span> <span class='ocrx_word' id='word_1_71' title='bbox 1005 1643 1100 1716; x_wconf 88' lang='lat' dir='ltr'>parte</span> <span class='ocrx_word' id='word_1_72' title='bbox 1123 1652 1202 1696; x_wconf 91' lang='lat' dir='ltr'>suae</span> <span class='ocrx_word' id='word_1_73' title='bbox 1233 1632 1423 1713; x_wconf 88' lang='lat' dir='ltr'>sapientiae.</span> 
     </span>
    </p>
   </div>
   <div class='ocr_carea' id='block_1_3' title="bbox 271 1733 1526 1819">
    <p class='ocr_par' dir='ltr' id='par_1_3' title="bbox 271 1733 1526 1819">
     <span class='ocr_line' id='line_1_11' title="bbox 271 1733 1526 1819; baseline 0.002 -21"><span class='ocrx_word' id='word_1_74' title='bbox 271 1733 439 1815; x_wconf 82' lang='lat' dir='ltr'>Quoniam</span> <span class='ocrx_word' id='word_1_75' title='bbox 462 1736 495 1799; x_wconf 93' lang='lat' dir='ltr'>in</span> <span class='ocrx_word' id='word_1_76' title='bbox 513 1736 677 1819; x_wconf 93' lang='lat' dir='ltr'>principio</span> <span class='ocrx_word' id='word_1_77' title='bbox 696 1737 785 1814; x_wconf 90' lang='lat' dir='ltr'>dicit,</span> <span class='ocrx_word' id='word_1_78' title='bbox 800 1743 894 1802; x_wconf 86' lang='lat' dir='ltr'>‘cum</span> <span class='ocrx_word' id='word_1_79' title='bbox 913 1738 1023 1801; x_wconf 89' lang='lat' dir='ltr'>omnis</span> <span class='ocrx_word' id='word_1_80' title='bbox 1043 1737 1179 1803; x_wconf 88' lang='lat' dir='ltr'>scientia</span> <span class='ocrx_word' id='word_1_81' title='bbox 1197 1744 1230 1801; x_wconf 89' lang='lat' dir='ltr'>et</span> <span class='ocrx_word' id='word_1_82' title='bbox 1250 1735 1424 1818; x_wconf 87' lang='lat' dir='ltr'>disciplina</span> <span class='ocrx_word' id='word_1_83' title='bbox 1522 1764 1526 1770; x_wconf 94' lang='lat'>·</span> 
     </span>
    </p>
   </div>
   <div class='ocr_carea' id='block_1_4' title="bbox 267 1839 1487 4641">
    <p class='ocr_par' dir='ltr' id='par_1_4' title="bbox 267 1839 1487 3071">
     <span class='ocr_line' id='line_1_12' title="bbox 271 1839 1423 1923; baseline 0.003 -22"><span class='ocrx_word' id='word_1_84' title='bbox 271 1858 337 1903; x_wconf 92' lang='lat' dir='ltr'>non</span> <span class='ocrx_word' id='word_1_85' title='bbox 361 1839 421 1903; x_wconf 88' lang='lat' dir='ltr'>nisi</span> <span class='ocrx_word' id='word_1_86' title='bbox 442 1841 591 1903; x_wconf 91' lang='lat' dir='ltr'>oratione</span> <span class='ocrx_word' id='word_1_87' title='bbox 612 1850 780 1919; x_wconf 85' lang='lat' dir='ltr'>tractetur,</span> <span class='ocrx_word' id='word_1_88' title='bbox 800 1842 910 1905; x_wconf 90' lang='lat' dir='ltr'>nullus</span> <span class='ocrx_word' id='word_1_89' title='bbox 930 1852 1051 1919; x_wconf 88' lang='lat' dir='ltr'>tamen,</span> <span class='ocrx_word' id='word_1_90' title='bbox 1072 1861 1093 1906; x_wconf 94' lang='lat' dir='ltr'>o</span> <span class='ocrx_word' id='word_1_91' title='bbox 1114 1840 1158 1904; x_wconf 85' lang='lat' dir='ltr'>fili</span> <span class='ocrx_word' id='word_1_92' title='bbox 1181 1841 1235 1917; x_wconf 92' lang='lat' dir='ltr'>mi,</span> <span class='ocrx_word' id='word_1_93' title='bbox 1253 1841 1285 1905; x_wconf 91' lang='lat' dir='ltr'>in</span> <span class='ocrx_word' id='word_1_94' title='bbox 1305 1843 1423 1923; x_wconf 90' lang='lat' dir='ltr'>quovis</span> 
     </span>
     <span class='ocr_line' id='line_1_13' title="bbox 270 1943 1423 2029; baseline 0.002 -22"><span class='ocrx_word' id='word_1_95' title='bbox 270 1964 391 2026; x_wconf 88' lang='lat' dir='ltr'>genere</span> <span class='ocrx_word' id='word_1_96' title='bbox 421 1943 551 2026; x_wconf 90' lang='lat' dir='ltr'>pollens</span> <span class='ocrx_word' id='word_1_97' title='bbox 582 1944 735 2009; x_wconf 89' lang='lat' dir='ltr'>inventus</span> <span class='ocrx_word' id='word_1_98' title='bbox 765 1956 825 2020; x_wconf 91' lang='lat' dir='ltr'>est,</span> <span class='ocrx_word' id='word_1_99' title='bbox 851 1947 909 2028; x_wconf 91' lang='lat' dir='ltr'>qui</span> <span class='ocrx_word' id='word_1_100' title='bbox 937 1948 980 2009; x_wconf 92' lang='lat' dir='ltr'>de</span> <span class='ocrx_word' id='word_1_101' title='bbox 1009 1947 1112 2029; x_wconf 90' lang='lat' dir='ltr'>ipsius</span> <span class='ocrx_word' id='word_1_102' title='bbox 1138 1947 1294 2009; x_wconf 87' lang='lat' dir='ltr'>orationis</span> <span class='ocrx_word' id='word_1_103' title='bbox 1323 1945 1423 2011; x_wconf 88' lang='lat' dir='ltr'>vellet</span> 
     </span>
     <span class='ocr_line' id='line_1_14' title="bbox 271 2048 1423 2132; baseline 0 -19"><span class='ocrx_word' id='word_1_104' title='bbox 271 2048 396 2130; x_wconf 88' lang='lat' dir='ltr'>origine</span> <span class='ocrx_word' id='word_1_105' title='bbox 422 2048 622 2132; x_wconf 90' lang='lat' dir='ltr'>principiove</span> <span class='ocrx_word' id='word_1_106' title='bbox 647 2059 808 2127; x_wconf 89' lang='lat' dir='ltr'>tractere;</span> <span class='ocrx_word' id='word_1_107' title='bbox 835 2050 957 2115; x_wconf 91' lang='lat' dir='ltr'>idcirco</span> <span class='ocrx_word' id='word_1_108' title='bbox 984 2051 1133 2115; x_wconf 89' lang='lat' dir='ltr'>miranda</span> <span class='ocrx_word' id='word_1_109' title='bbox 1159 2058 1210 2113; x_wconf 90' lang='lat' dir='ltr'>est</span> <span class='ocrx_word' id='word_1_110' title='bbox 1233 2050 1423 2113; x_wconf 88' lang='lat' dir='ltr'>Aristotelis</span> 
     </span>
     <span class='ocr_line' id='line_1_15' title="bbox 271 2151 1422 2238; baseline 0.003 -23"><span class='ocrx_word' id='word_1_111' title='bbox 271 2151 453 2235; x_wconf 85' lang='lat' dir='ltr'>diligentia,</span> <span class='ocrx_word' id='word_1_112' title='bbox 467 2153 525 2235; x_wconf 91' lang='lat' dir='ltr'>qui</span> <span class='ocrx_word' id='word_1_113' title='bbox 541 2153 721 2217; x_wconf 89' lang='lat' dir='ltr'>disserendi</span> <span class='ocrx_word' id='word_1_114' title='bbox 742 2155 785 2219; x_wconf 90' lang='lat' dir='ltr'>de</span> <span class='ocrx_word' id='word_1_115' title='bbox 800 2155 954 2217; x_wconf 90' lang='lat' dir='ltr'>omnibus</span> <span class='ocrx_word' id='word_1_116' title='bbox 969 2155 1109 2237; x_wconf 91' lang='lat' dir='ltr'>cupidus</span> <span class='ocrx_word' id='word_1_117' title='bbox 1127 2154 1171 2217; x_wconf 93' lang='lat' dir='ltr'>ab</span> <span class='ocrx_word' id='word_1_118' title='bbox 1191 2155 1294 2236; x_wconf 90' lang='lat' dir='ltr'>ipsius</span> <span class='ocrx_word' id='word_1_119' title='bbox 1312 2156 1422 2238; x_wconf 88' lang='lat' dir='ltr'>coepit</span> 
     </span>
     <span class='ocr_line' id='line_1_16' title="bbox 271 2256 1422 2340; baseline 0 -19"><span class='ocrx_word' id='word_1_120' title='bbox 271 2257 436 2334; x_wconf 86' lang='lat' dir='ltr'>examine,</span> <span class='ocrx_word' id='word_1_121' title='bbox 450 2276 552 2340; x_wconf 91' lang='lat' dir='ltr'>quam</span> <span class='ocrx_word' id='word_1_122' title='bbox 567 2259 665 2321; x_wconf 88' lang='lat' dir='ltr'>sciret</span> <span class='ocrx_word' id='word_1_123' title='bbox 680 2266 713 2320; x_wconf 91' lang='lat' dir='ltr'>et</span> <span class='ocrx_word' id='word_1_124' title='bbox 729 2258 994 2340; x_wconf 88' lang='lat' dir='ltr'>praetermissam</span> <span class='ocrx_word' id='word_1_125' title='bbox 1009 2278 1030 2321; x_wconf 94' lang='lat' dir='ltr'>a</span> <span class='ocrx_word' id='word_1_126' title='bbox 1050 2256 1197 2322; x_wconf 88' lang='lat' dir='ltr'>cunctis¹</span> <span class='ocrx_word' id='word_1_127' title='bbox 1219 2269 1252 2321; x_wconf 90' lang='lat' dir='ltr'>et</span> <span class='ocrx_word' id='word_1_128' title='bbox 1267 2259 1422 2322; x_wconf 88' lang='lat' dir='ltr'>omnibus</span> 
     </span>
     <span class='ocr_line' id='line_1_17' title="bbox 271 2360 1421 2444; baseline 0.003 -21"><span class='ocrx_word' id='word_1_129' title='bbox 271 2360 507 2426; x_wconf 89' lang='lat' dir='ltr'>necessariam.&#39;</span> <span class='ocrx_word' id='word_1_130' title='bbox 553 2361 600 2425; x_wconf 91' lang='lat' dir='ltr'>Et</span> <span class='ocrx_word' id='word_1_131' title='bbox 619 2362 651 2423; x_wconf 93' lang='lat' dir='ltr'>in</span> <span class='ocrx_word' id='word_1_132' title='bbox 668 2360 733 2424; x_wconf 91' lang='lat' dir='ltr'>fine</span> <span class='ocrx_word' id='word_1_133' title='bbox 748 2363 838 2438; x_wconf 90' lang='lat' dir='ltr'>dicit,</span> <span class='ocrx_word' id='word_1_134' title='bbox 854 2362 955 2427; x_wconf 90' lang='lat' dir='ltr'>‘haec</span> <span class='ocrx_word' id='word_1_135' title='bbox 975 2372 1061 2441; x_wconf 88' lang='lat' dir='ltr'>sunt,</span> <span class='ocrx_word' id='word_1_136' title='bbox 1078 2360 1125 2425; x_wconf 91' lang='lat' dir='ltr'>fili</span> <span class='ocrx_word' id='word_1_137' title='bbox 1146 2361 1319 2438; x_wconf 87' lang='lat' dir='ltr'>carissime,</span> <span class='ocrx_word' id='word_1_138' title='bbox 1335 2382 1421 2444; x_wconf 90' lang='lat' dir='ltr'>quae</span> 
     </span>
     <span class='ocr_line' id='line_1_18' title="bbox 267 2464 1421 2547; baseline 0.001 -18"><span class='ocrx_word' id='word_1_139' title='bbox 267 2464 339 2547; x_wconf 90' lang='lat' dir='ltr'>jugi</span> <span class='ocrx_word' id='word_1_140' title='bbox 355 2466 469 2529; x_wconf 91' lang='lat' dir='ltr'>labore</span> <span class='ocrx_word' id='word_1_141' title='bbox 484 2466 627 2530; x_wconf 84' lang='lat' dir='ltr'>assecuti</span> <span class='ocrx_word' id='word_1_142' title='bbox 641 2467 686 2530; x_wconf 93' lang='lat' dir='ltr'>ad</span> <span class='ocrx_word' id='word_1_143' title='bbox 702 2467 880 2532; x_wconf 89' lang='lat' dir='ltr'>utilitatem</span> <span class='ocrx_word' id='word_1_144' title='bbox 895 2476 987 2532; x_wconf 90' lang='lat' dir='ltr'>tuam</span> <span class='ocrx_word' id='word_1_145' title='bbox 1004 2466 1047 2531; x_wconf 89' lang='lat' dir='ltr'>de</span> <span class='ocrx_word' id='word_1_146' title='bbox 1063 2465 1192 2531; x_wconf 91' lang='lat' dir='ltr'>Graeco</span> <span class='ocrx_word' id='word_1_147' title='bbox 1212 2466 1244 2528; x_wconf 94' lang='lat' dir='ltr'>in</span> <span class='ocrx_word' id='word_1_148' title='bbox 1263 2466 1421 2530; x_wconf 88' lang='lat' dir='ltr'>Latinum</span> 
     </span>
     <span class='ocr_line' id='line_1_19' title="bbox 270 2570 1420 2655; baseline 0.001 -22"><span class='ocrx_word' id='word_1_149' title='bbox 270 2571 436 2643; x_wconf 86' lang='lat' dir='ltr'>vertimus,</span> <span class='ocrx_word' id='word_1_150' title='bbox 466 2571 601 2646; x_wconf 89' lang='lat' dir='ltr'>scilicet,</span> <span class='ocrx_word' id='word_1_151' title='bbox 630 2580 668 2634; x_wconf 88' lang='lat' dir='ltr'>ut</span> <span class='ocrx_word' id='word_1_152' title='bbox 698 2591 742 2633; x_wconf 86' lang='lat' dir='ltr'>ex</span> <span class='ocrx_word' id='word_1_153' title='bbox 772 2571 825 2635; x_wconf 90' lang='lat' dir='ltr'>his</span> <span class='ocrx_word' id='word_1_154' title='bbox 850 2592 983 2655; x_wconf 90' lang='lat' dir='ltr'>quoque</span> <span class='ocrx_word' id='word_1_155' title='bbox 1010 2571 1131 2635; x_wconf 91' lang='lat' dir='ltr'>bonam</span> <span class='ocrx_word' id='word_1_156' title='bbox 1161 2570 1288 2655; x_wconf 77' lang='lat' dir='ltr'>frugem</span> <span class='ocrx_word' id='word_1_157' title='bbox 1318 2572 1420 2634; x_wconf 88' lang='lat' dir='ltr'>studii</span> 
     </span>
     <span class='ocr_line' id='line_1_20' title="bbox 271 2673 1421 2760; baseline 0.003 -22"><span class='ocrx_word' id='word_1_158' title='bbox 271 2676 412 2739; x_wconf 89' lang='lat' dir='ltr'>anobis</span> <span class='ocrx_word' id='word_1_159' title='bbox 438 2676 597 2758; x_wconf 91' lang='lat' dir='ltr'>suscipias</span> <span class='ocrx_word' id='word_1_160' title='bbox 606 2673 637 2741; x_wconf 56' lang='grc' dir='ltr'>’Β</span> <span class='ocrx_word' id='word_1_161' title='bbox 684 2676 730 2742; x_wconf 90' lang='lat' dir='ltr'>Et</span> <span class='ocrx_word' id='word_1_162' title='bbox 761 2676 925 2742; x_wconf 89' lang='lat' dir='ltr'>Alcuinus</span> <span class='ocrx_word' id='word_1_163' title='bbox 955 2676 998 2742; x_wconf 92' lang='lat' dir='ltr'>de</span> <span class='ocrx_word' id='word_1_164' title='bbox 1031 2676 1279 2760; x_wconf 89' lang='lat' dir='ltr'>expositoribus</span> <span class='ocrx_word' id='word_1_165' title='bbox 1308 2696 1421 2741; x_wconf 89' lang='lat' dir='ltr'>sacrae</span> 
     </span>
     <span class='ocr_line' id='line_1_21' title="bbox 271 2780 1420 2864; baseline 0.002 -20"><span class='ocrx_word' id='word_1_166' title='bbox 271 2781 451 2862; x_wconf 87' lang='lat' dir='ltr'>scripturae</span> <span class='ocrx_word' id='word_1_167' title='bbox 469 2801 560 2859; x_wconf 91' lang='lat' dir='ltr'>unus,</span> <span class='ocrx_word' id='word_1_168' title='bbox 575 2791 609 2846; x_wconf 91' lang='lat' dir='ltr'>et</span> <span class='ocrx_word' id='word_1_169' title='bbox 624 2784 782 2864; x_wconf 85' lang='lat' dir='ltr'>magister</span> <span class='ocrx_word' id='word_1_170' title='bbox 800 2780 909 2848; x_wconf 90' lang='lat' dir='ltr'>Caroli</span> <span class='ocrx_word' id='word_1_171' title='bbox 926 2781 1050 2864; x_wconf 86' lang='lat' dir='ltr'>Magni,</span> <span class='ocrx_word' id='word_1_172' title='bbox 1062 2782 1152 2846; x_wconf 89' lang='lat' dir='ltr'>illam</span> <span class='ocrx_word' id='word_1_173' title='bbox 1170 2782 1420 2847; x_wconf 88' lang='lat' dir='ltr'>translationem</span> 
     </span>
     <span class='ocr_line' id='line_1_22' title="bbox 272 2884 1487 2970; baseline 0.002 -23"><span class='ocrx_word' id='word_1_174' title='bbox 272 2884 452 2967; x_wconf 86' lang='lat' dir='ltr'>Augustini</span> <span class='ocrx_word' id='word_1_175' title='bbox 475 2886 518 2950; x_wconf 93' lang='lat' dir='ltr'>de</span> <span class='ocrx_word' id='word_1_176' title='bbox 541 2887 819 2954; x_wconf 85' lang='lat' dir='ltr'>Praedicamentis</span> <span class='ocrx_word' id='word_1_177' title='bbox 843 2889 924 2952; x_wconf 88' lang='lat' dir='ltr'>mire</span> <span class='ocrx_word' id='word_1_178' title='bbox 947 2886 1104 2961; x_wconf 91' lang='lat' dir='ltr'>laudavit,</span> <span class='ocrx_word' id='word_1_179' title='bbox 1128 2897 1161 2952; x_wconf 91' lang='lat' dir='ltr'>et</span> <span class='ocrx_word' id='word_1_180' title='bbox 1185 2887 1323 2952; x_wconf 87' lang='lat' dir='ltr'>metrico</span> <span class='ocrx_word' id='word_1_181' title='bbox 1345 2907 1421 2970; x_wconf 90' lang='lat' dir='ltr'>pro·</span> <span class='ocrx_word' id='word_1_182' title='bbox 1483 2917 1487 2924; x_wconf 42' lang='lat' dir='ltr'>v</span> 
     </span>
     <span class='ocr_line' id='line_1_23' title="bbox 271 2988 787 3071; baseline 0.006 -21"><span class='ocrx_word' id='word_1_183' title='bbox 271 2988 350 3071; x_wconf 90' lang='lat' dir='ltr'>logo</span> <span class='ocrx_word' id='word_1_184' title='bbox 367 2990 535 3054; x_wconf 87' lang='lat' dir='ltr'>decoravit</span> <span class='ocrx_word' id='word_1_185' title='bbox 551 2991 584 3054; x_wconf 94' lang='lat' dir='ltr'>in</span> <span class='ocrx_word' id='word_1_186' title='bbox 600 2991 651 3055; x_wconf 92' lang='lat' dir='ltr'>his</span> <span class='ocrx_word' id='word_1_187' title='bbox 668 2992 787 3066; x_wconf 91' lang='lat' dir='ltr'>verbis,</span> 
     </span>
    </p>

    <p class='ocr_par' dir='ltr' id='par_1_5' title="bbox 336 3092 1175 3170">
     <span class='ocr_line' id='line_1_24' title="bbox 336 3092 1175 3170; baseline 0 -12"><span class='ocrx_word' id='word_1_188' title='bbox 336 3092 512 3158; x_wconf 88' lang='lat' dir='ltr'>‘Continet</span> <span class='ocrx_word' id='word_1_189' title='bbox 536 3096 599 3159; x_wconf 89' lang='lat' dir='ltr'>iste</span> <span class='ocrx_word' id='word_1_190' title='bbox 621 3095 736 3161; x_wconf 86' lang='lat' dir='ltr'>decem</span> <span class='ocrx_word' id='word_1_191' title='bbox 758 3105 894 3161; x_wconf 88' lang='lat' dir='ltr'>naturae</span> <span class='ocrx_word' id='word_1_192' title='bbox 917 3095 1018 3160; x_wconf 89' lang='lat' dir='ltr'>verba</span> <span class='ocrx_word' id='word_1_193' title='bbox 1037 3095 1175 3170; x_wconf 89' lang='lat' dir='ltr'>libellus,</span> 
     </span>
    </p>

    <p class='ocr_par' dir='ltr' id='par_1_6' title="bbox 358 3198 1271 3283">
     <span class='ocr_line' id='line_1_25' title="bbox 358 3198 1271 3283; baseline -0.001 -21"><span class='ocrx_word' id='word_1_194' title='bbox 358 3198 454 3280; x_wconf 82' lang='lat' dir='ltr'>Quae</span> <span class='ocrx_word' id='word_1_195' title='bbox 473 3199 543 3281; x_wconf 89' lang='lat' dir='ltr'>jam</span> <span class='ocrx_word' id='word_1_196' title='bbox 565 3201 666 3264; x_wconf 90' lang='lat' dir='ltr'>verba</span> <span class='ocrx_word' id='word_1_197' title='bbox 688 3211 804 3264; x_wconf 90' lang='lat' dir='ltr'>tenent</span> <span class='ocrx_word' id='word_1_198' title='bbox 825 3220 933 3263; x_wconf 91' lang='lat' dir='ltr'>rerum</span> <span class='ocrx_word' id='word_1_199' title='bbox 958 3202 1085 3264; x_wconf 89' lang='lat' dir='ltr'>ratione</span> <span class='ocrx_word' id='word_1_200' title='bbox 1106 3201 1271 3283; x_wconf 90' lang='lat' dir='ltr'>stupenda</span> 
     </span>
    </p>

    <p class='ocr_par' dir='ltr' id='par_1_7' title="bbox 358 3302 1330 3387">
     <span class='ocr_line' id='line_1_26' title="bbox 358 3302 1330 3387; baseline -0.004 -17"><span class='ocrx_word' id='word_1_201' title='bbox 358 3302 469 3370; x_wconf 89' lang='lat' dir='ltr'>Omne</span> <span class='ocrx_word' id='word_1_202' title='bbox 490 3304 580 3387; x_wconf 88' lang='lat' dir='ltr'>quod</span> <span class='ocrx_word' id='word_1_203' title='bbox 605 3304 639 3368; x_wconf 89' lang='lat' dir='ltr'>in</span> <span class='ocrx_word' id='word_1_204' title='bbox 663 3314 812 3368; x_wconf 90' lang='lat' dir='ltr'>nostrum</span> <span class='ocrx_word' id='word_1_205' title='bbox 835 3305 957 3386; x_wconf 88' lang='lat' dir='ltr'>poterit</span> <span class='ocrx_word' id='word_1_206' title='bbox 979 3305 1152 3368; x_wconf 88' lang='lat' dir='ltr'>decurrere</span> <span class='ocrx_word' id='word_1_207' title='bbox 1174 3323 1330 3383; x_wconf 90' lang='lat' dir='ltr'>sensum;</span> 
     </span>
    </p>

    <p class='ocr_par' dir='ltr' id='par_1_8' title="bbox 357 3406 1215 3492">
     <span class='ocr_line' id='line_1_27' title="bbox 357 3406 1215 3492; baseline 0 -22"><span class='ocrx_word' id='word_1_208' title='bbox 357 3406 425 3491; x_wconf 93' lang='lat' dir='ltr'>Qui</span> <span class='ocrx_word' id='word_1_209' title='bbox 447 3407 536 3491; x_wconf 90' lang='lat' dir='ltr'>legit,</span> <span class='ocrx_word' id='word_1_210' title='bbox 558 3409 726 3492; x_wconf 87' lang='lat' dir='ltr'>ingenium</span> <span class='ocrx_word' id='word_1_211' title='bbox 748 3418 897 3474; x_wconf 88' lang='lat' dir='ltr'>veterum</span> <span class='ocrx_word' id='word_1_212' title='bbox 922 3410 1071 3472; x_wconf 87' lang='lat' dir='ltr'>mirabile</span> <span class='ocrx_word' id='word_1_213' title='bbox 1094 3408 1215 3483; x_wconf 90' lang='lat' dir='ltr'>laudet,</span> 
     </span>
    </p>

    <p class='ocr_par' dir='ltr' id='par_1_9' title="bbox 356 3511 1151 3596">
     <span class='ocr_line' id='line_1_28' title="bbox 356 3511 1151 3596; baseline -0.001 -20"><span class='ocrx_word' id='word_1_214' title='bbox 356 3512 473 3596; x_wconf 87' lang='lat' dir='ltr'>Atque</span> <span class='ocrx_word' id='word_1_215' title='bbox 494 3532 589 3576; x_wconf 86' lang='lat' dir='ltr'>suum</span> <span class='ocrx_word' id='word_1_216' title='bbox 614 3513 747 3578; x_wconf 88' lang='lat' dir='ltr'>studeat</span> <span class='ocrx_word' id='word_1_217' title='bbox 770 3511 827 3576; x_wconf 86' lang='lat' dir='ltr'>tali</span> <span class='ocrx_word' id='word_1_218' title='bbox 850 3533 1006 3578; x_wconf 88' lang='lat' dir='ltr'>exercere</span> <span class='ocrx_word' id='word_1_219' title='bbox 1030 3513 1151 3577; x_wconf 92' lang='lat' dir='ltr'>labore.</span> 
     </span>
    </p>

    <p class='ocr_par' dir='ltr' id='par_1_10' title="bbox 355 3616 1195 3701">
     <span class='ocr_line' id='line_1_29' title="bbox 355 3616 1195 3701; baseline 0 -20"><span class='ocrx_word' id='word_1_220' title='bbox 355 3616 454 3681; x_wconf 89' lang='lat' dir='ltr'>Nunc</span> <span class='ocrx_word' id='word_1_221' title='bbox 478 3617 667 3699; x_wconf 88' lang='lat' dir='ltr'>Augustino</span> <span class='ocrx_word' id='word_1_222' title='bbox 689 3616 815 3701; x_wconf 85' lang='lat' dir='ltr'>placuit</span> <span class='ocrx_word' id='word_1_223' title='bbox 837 3618 1013 3682; x_wconf 80' lang='lat' dir='ltr'>transferre</span> <span class='ocrx_word' id='word_1_224' title='bbox 1036 3618 1195 3700; x_wconf 88' lang='lat' dir='ltr'>magistro</span> 
     </span>
    </p>

    <p class='ocr_par' dir='ltr' id='par_1_11' title="bbox 357 3721 1189 3806">
     <span class='ocr_line' id='line_1_30' title="bbox 357 3721 1189 3806; baseline -0.001 -21"><span class='ocrx_word' id='word_1_225' title='bbox 357 3723 410 3785; x_wconf 91' lang='lat' dir='ltr'>De</span> <span class='ocrx_word' id='word_1_226' title='bbox 431 3731 582 3786; x_wconf 88' lang='lat' dir='ltr'>veterum</span> <span class='ocrx_word' id='word_1_227' title='bbox 603 3721 694 3806; x_wconf 88' lang='lat' dir='ltr'>gazis</span> <span class='ocrx_word' id='word_1_228' title='bbox 717 3721 920 3787; x_wconf 88' lang='lat' dir='ltr'>Graecorum</span> <span class='ocrx_word' id='word_1_229' title='bbox 943 3721 1035 3788; x_wconf 87' lang='lat' dir='ltr'>clave</span> <span class='ocrx_word' id='word_1_230' title='bbox 1059 3722 1189 3800; x_wconf 90' lang='lat' dir='ltr'>Latina,</span> 
     </span>
    </p>

    <p class='ocr_par' dir='ltr' id='par_1_12' title="bbox 356 3824 1322 3911">
     <span class='ocr_line' id='line_1_31' title="bbox 356 3824 1322 3911; baseline 0.003 -23"><span class='ocrx_word' id='word_1_231' title='bbox 356 3825 467 3908; x_wconf 85' lang='lat' dir='ltr'>Quem</span> <span class='ocrx_word' id='word_1_232' title='bbox 489 3826 561 3902; x_wconf 89' lang='lat' dir='ltr'>tibi,</span> <span class='ocrx_word' id='word_1_233' title='bbox 584 3825 661 3890; x_wconf 86' lang='lat' dir='ltr'>Rex</span> <span class='ocrx_word' id='word_1_234' title='bbox 684 3847 813 3908; x_wconf 84' lang='lat' dir='ltr'>magne,</span> <span class='ocrx_word' id='word_1_235' title='bbox 837 3824 985 3911; x_wconf 90' lang='lat' dir='ltr'>Sophiae</span> <span class='ocrx_word' id='word_1_236' title='bbox 1007 3835 1160 3902; x_wconf 90' lang='lat' dir='ltr'>sectator,</span> <span class='ocrx_word' id='word_1_237' title='bbox 1182 3835 1322 3899; x_wconf 88' lang='lat' dir='ltr'>amator,</span> 
     </span>
    </p>

    <p class='ocr_par' dir='ltr' id='par_1_13' title="bbox 357 3929 1277 4015">
     <span class='ocr_line' id='line_1_32' title="bbox 357 3929 1277 4015; baseline 0 -21"><span class='ocrx_word' id='word_1_238' title='bbox 357 3931 496 3994; x_wconf 88' lang='lat' dir='ltr'>Munere</span> <span class='ocrx_word' id='word_1_239' title='bbox 517 3931 575 4013; x_wconf 90' lang='lat' dir='ltr'>qui</span> <span class='ocrx_word' id='word_1_240' title='bbox 597 3931 656 3994; x_wconf 90' lang='lat' dir='ltr'>tali</span> <span class='ocrx_word' id='word_1_241' title='bbox 678 3932 815 4015; x_wconf 90' lang='lat' dir='ltr'>gaudes,</span> <span class='ocrx_word' id='word_1_242' title='bbox 837 3933 939 3997; x_wconf 92' lang='lat' dir='ltr'>modo</span> <span class='ocrx_word' id='word_1_243' title='bbox 962 3933 1060 3996; x_wconf 90' lang='lat' dir='ltr'>mitto</span> <span class='ocrx_word' id='word_1_244' title='bbox 1082 3929 1277 4014; x_wconf 77' lang='lat' dir='ltr'>legendum.¹</span> 
     </span>
    </p>

    <p class='ocr_par' dir='ltr' id='par_1_14' title="bbox 313 4034 1420 4118">
     <span class='ocr_line' id='line_1_33' title="bbox 313 4034 1420 4118; baseline -0.001 -17"><span class='ocrx_word' id='word_1_245' title='bbox 313 4034 449 4102; x_wconf 84' lang='lat' dir='ltr'>Boetius</span> <span class='ocrx_word' id='word_1_246' title='bbox 463 4036 598 4118; x_wconf 90' lang='lat' dir='ltr'>quidem</span> <span class='ocrx_word' id='word_1_247' title='bbox 612 4036 674 4099; x_wconf 87' lang='lat' dir='ltr'>suit</span> <span class='ocrx_word' id='word_1_248' title='bbox 688 4035 788 4118; x_wconf 91' lang='lat' dir='ltr'>longe</span> <span class='ocrx_word' id='word_1_249' title='bbox 803 4045 878 4117; x_wconf 86' lang='lat' dir='ltr'>post</span> <span class='ocrx_word' id='word_1_250' title='bbox 892 4045 1026 4100; x_wconf 89' lang='lat' dir='ltr'>sanctos</span> <span class='ocrx_word' id='word_1_251' title='bbox 1040 4038 1203 4115; x_wconf 88' lang='lat' dir='ltr'>doctores,</span> <span class='ocrx_word' id='word_1_252' title='bbox 1218 4035 1275 4117; x_wconf 92' lang='lat' dir='ltr'>qui</span> <span class='ocrx_word' id='word_1_253' title='bbox 1294 4036 1420 4118; x_wconf 90' lang='lat' dir='ltr'>primus</span> 
     </span>
    </p>

    <p class='ocr_par' dir='ltr' id='par_1_15' title="bbox 269 4138 1421 4641">
     <span class='ocr_line' id='line_1_34' title="bbox 269 4138 1421 4224; baseline 0.003 -22"><span class='ocrx_word' id='word_1_254' title='bbox 269 4141 392 4222; x_wconf 89' lang='lat' dir='ltr'>incepit</span> <span class='ocrx_word' id='word_1_255' title='bbox 417 4139 519 4204; x_wconf 90' lang='lat' dir='ltr'>libros</span> <span class='ocrx_word' id='word_1_256' title='bbox 544 4139 737 4204; x_wconf 88' lang='lat' dir='ltr'>Aristotelis</span> <span class='ocrx_word' id='word_1_257' title='bbox 766 4140 878 4221; x_wconf 89' lang='lat' dir='ltr'>plures</span> <span class='ocrx_word' id='word_1_258' title='bbox 904 4138 1088 4206; x_wconf 86' lang='lat' dir='ltr'>transferre.</span> <span class='ocrx_word' id='word_1_259' title='bbox 1135 4139 1181 4203; x_wconf 90' lang='lat' dir='ltr'>Et</span> <span class='ocrx_word' id='word_1_260' title='bbox 1212 4141 1282 4223; x_wconf 87' lang='lat' dir='ltr'>ipse</span> <span class='ocrx_word' id='word_1_261' title='bbox 1310 4139 1421 4224; x_wconf 87' lang='lat' dir='ltr'>aliqua</span> 
     </span>
     <span class='ocr_line' id='line_1_35' title="bbox 270 4243 1420 4327; baseline 0.002 -19"><span class='ocrx_word' id='word_1_262' title='bbox 270 4244 422 4327; x_wconf 90' lang='lat' dir='ltr'>logicalia</span> <span class='ocrx_word' id='word_1_263' title='bbox 440 4255 474 4311; x_wconf 89' lang='lat' dir='ltr'>et</span> <span class='ocrx_word' id='word_1_264' title='bbox 490 4264 597 4327; x_wconf 85' lang='lat' dir='ltr'>pauca</span> <span class='ocrx_word' id='word_1_265' title='bbox 617 4245 660 4310; x_wconf 92' lang='lat' dir='ltr'>de</span> <span class='ocrx_word' id='word_1_266' title='bbox 675 4243 748 4307; x_wconf 88' lang='lat' dir='ltr'>aliis</span> <span class='ocrx_word' id='word_1_267' title='bbox 768 4244 936 4308; x_wconf 89' lang='lat' dir='ltr'>transtulit</span> <span class='ocrx_word' id='word_1_268' title='bbox 957 4244 990 4308; x_wconf 96' lang='lat' dir='ltr'>in</span> <span class='ocrx_word' id='word_1_269' title='bbox 1012 4243 1178 4310; x_wconf 91' lang='lat' dir='ltr'>Latinum.</span> <span class='ocrx_word' id='word_1_270' title='bbox 1223 4245 1295 4309; x_wconf 89' lang='lat' dir='ltr'>Nec</span> <span class='ocrx_word' id='word_1_271' title='bbox 1311 4247 1420 4310; x_wconf 90' lang='lat' dir='ltr'>adhuc</span> 
     </span>
     <span class='ocr_line' id='line_1_36' title="bbox 270 4347 1420 4431; baseline 0.001 -19"><span class='ocrx_word' id='word_1_272' title='bbox 270 4351 495 4426; x_wconf 84' lang='lat' dir='ltr'>medietatem,</span> <span class='ocrx_word' id='word_1_273' title='bbox 517 4369 579 4414; x_wconf 86' lang='lat' dir='ltr'>nec</span> <span class='ocrx_word' id='word_1_274' title='bbox 600 4359 730 4431; x_wconf 88' lang='lat' dir='ltr'>partem</span> <span class='ocrx_word' id='word_1_275' title='bbox 759 4348 929 4414; x_wconf 89' lang='lat' dir='ltr'>meliorem</span> <span class='ocrx_word' id='word_1_276' title='bbox 955 4349 1125 4414; x_wconf 87' lang='lat' dir='ltr'>habemus.</span> <span class='ocrx_word' id='word_1_277' title='bbox 1171 4347 1260 4414; x_wconf 93' lang='lat' dir='ltr'>Nam</span> <span class='ocrx_word' id='word_1_278' title='bbox 1287 4349 1420 4414; x_wconf 88' lang='lat' dir='ltr'>Aristo-</span> 
     </span>
     <span class='ocr_line' id='line_1_37' title="bbox 269 4452 1419 4536; baseline -0.002 -18"><span class='ocrx_word' id='word_1_279' title='bbox 269 4454 351 4518; x_wconf 91' lang='lat' dir='ltr'>teles</span> <span class='ocrx_word' id='word_1_280' title='bbox 365 4454 502 4536; x_wconf 91' lang='lat' dir='ltr'>quidem</span> <span class='ocrx_word' id='word_1_281' title='bbox 520 4453 582 4516; x_wconf 84' lang='lat' dir='ltr'>fuit</span> <span class='ocrx_word' id='word_1_282' title='bbox 596 4454 653 4518; x_wconf 92' lang='lat' dir='ltr'>diu</span> <span class='ocrx_word' id='word_1_283' title='bbox 669 4453 801 4536; x_wconf 87' lang='lat' dir='ltr'>ignotus</span> <span class='ocrx_word' id='word_1_284' title='bbox 817 4464 851 4518; x_wconf 92' lang='lat' dir='ltr'>et</span> <span class='ocrx_word' id='word_1_285' title='bbox 867 4452 1190 4536; x_wconf 88' lang='lat' dir='ltr'>philosophantibus,</span> <span class='ocrx_word' id='word_1_286' title='bbox 1201 4455 1321 4518; x_wconf 91' lang='lat' dir='ltr'>nedum</span> <span class='ocrx_word' id='word_1_287' title='bbox 1338 4453 1419 4530; x_wconf 85' lang='lat' dir='ltr'>aliis,</span> 
     </span>
     <span class='ocr_line' id='line_1_38' title="bbox 269 4556 1420 4641; baseline -0.002 -18"><span class='ocrx_word' id='word_1_288' title='bbox 269 4568 303 4623; x_wconf 89' lang='lat' dir='ltr'>et</span> <span class='ocrx_word' id='word_1_289' title='bbox 319 4556 420 4641; x_wconf 87' lang='lat' dir='ltr'>vulgo</span> <span class='ocrx_word' id='word_1_290' title='bbox 436 4557 643 4624; x_wconf 85' lang='lat' dir='ltr'>Latinorum.</span> <span class='ocrx_word' id='word_1_291' title='bbox 681 4557 859 4626; x_wconf 88' lang='lat' dir='ltr'>Caeterum</span> <span class='ocrx_word' id='word_1_292' title='bbox 875 4558 978 4622; x_wconf 91' lang='lat' dir='ltr'>sancti</span> <span class='ocrx_word' id='word_1_293' title='bbox 994 4557 1254 4640; x_wconf 87' lang='lat' dir='ltr'>grammaticalia</span> <span class='ocrx_word' id='word_1_294' title='bbox 1269 4557 1420 4638; x_wconf 85' lang='lat' dir='ltr'>logicalia</span> 
     </span>
    </p>
   </div>
   <div class='ocr_carea' id='block_1_5' title="bbox 401 4693 1286 4760">
    <p class='ocr_par' dir='ltr' id='par_1_16' title="bbox 401 4693 1286 4760">
     <span class='ocr_line' id='line_1_39' title="bbox 401 4693 1286 4760; baseline -0.001 -16"><span class='ocrx_word' id='word_1_295' title='bbox 401 4695 408 4724; x_wconf 86' lang='lat'>¹</span> <span class='ocrx_word' id='word_1_296' title='bbox 426 4694 520 4756; x_wconf 83' lang='lat' dir='ltr'>multis,</span> <span class='ocrx_word' id='word_1_297' title='bbox 532 4695 558 4756; x_wconf 87' lang='lat' dir='ltr'>J.</span> <span class='ocrx_word' id='word_1_298' title='bbox 877 4694 888 4723; x_wconf 93' lang='lat'><strong>¹</strong></span> <span class='ocrx_word' id='word_1_299' title='bbox 905 4693 971 4758; x_wconf 79' lang='lat' dir='ltr'>Aug.</span> <span class='ocrx_word' id='word_1_300' title='bbox 987 4693 1097 4760; x_wconf 75' lang='lat' dir='ltr'>categor.</span> <span class='ocrx_word' id='word_1_301' title='bbox 1112 4709 1166 4757; x_wconf 81' lang='lat' dir='ltr'>cap.</span> <span class='ocrx_word' id='word_1_302' title='bbox 1183 4707 1194 4742; x_wconf 85' lang='lat'>1</span> <span class='ocrx_word' id='word_1_303' title='bbox 1208 4700 1235 4744; x_wconf 86' lang='lat' dir='ltr'>et</span> <span class='ocrx_word' id='word_1_304' title='bbox 1247 4709 1286 4743; x_wconf 79' lang='lat' dir='ltr'>aa</span> 
     </span>
    </p>
   </div>
   <div class='ocr_carea' id='block_1_6' title="bbox 0 0 1792 5375">
    <p class='ocr_par' dir='ltr' id='par_1_17' title="bbox 0 0 1792 5375">
     <span class='ocr_line' id='line_1_40' title="bbox 0 0 1792 5375; baseline 0 0"><span class='ocrx_word' id='word_1_305' title='bbox 0 0 1792 5375; x_wconf 95' lang='lat' dir='ltr'> </span> 
     </span>
    </p>
   </div>
  </div>
 </body>
</html>
