3575 5375
366 669 716 730 MATHEMATICAE
740 670 792 729 IN
814 669 1017 728 PHYSICIS
1045 669 1251 729 UTILITAS.
1354 683 1412 745 153

262 828 380 913 ipsum.
426 831 493 897 Sed
515 843 632 898 natura
653 852 713 897 nec
738 831 879 898 sustinet
902 852 1054 909 vacuum,
1075 853 1135 895 nec
1158 829 1412 914 possibilitatem

260 947 411 1018 respectu
427 937 508 1019 ejus.
540 937 577 1003 Si
593 938 679 1001 enim
696 945 781 1001 esset
793 935 930 1018 alicujus
945 935 1070 1019 figurae
1085 936 1261 1018 angularis,
1274 945 1353 998 tunc
1368 935 1411 997 de

262 1041 460 1104 necessitate
471 1043 635 1106 accideret
645 1060 787 1104 vacuum
799 1039 833 1102 in
847 1050 939 1103 moto
952 1058 1030 1102 suo:
1054 1059 1130 1102 nam
1143 1040 1199 1103 ubi
1212 1040 1312 1103 modo
1324 1047 1411 1102 esset

262 1161 345 1207 unus
363 1145 504 1227 angulus
522 1145 602 1208 nibil
621 1155 707 1208 esset
727 1145 835 1208 donec
849 1144 934 1208 alius
949 1141 1089 1226 angulus
1111 1143 1237 1207 ibidem
1252 1142 1410 1207 veniret¹.

262 1247 404 1332 Figurae
415 1260 527 1313 autem
537 1249 621 1313 aliae
630 1270 715 1331 quae
727 1247 873 1312 maxime
885 1258 1112 1330 competerent
1121 1255 1231 1311 essent
1242 1246 1295 1310 vel
1307 1246 1411 1310 ovalis

261 1349 386 1436 figurae
407 1354 459 1417 vel
482 1354 670 1417 consimiles
691 1353 720 1416 ei
740 1352 794 1417 vel
815 1351 1017 1417 lenticularis
1038 1361 1073 1416 et
1096 1353 1126 1416 ei
1149 1350 1336 1416 conformes
1359 1372 1410 1416 se·

264 1458 409 1520 cundum
422 1456 651 1534 Aristotelem,
668 1456 751 1521 libro
764 1455 856 1520 Coeli
873 1468 906 1520 et
919 1456 1047 1522 Mundi.
1082 1456 1150 1521 Sed
1163 1467 1263 1538 negat
1279 1454 1408 1521 coelum

263 1559 385 1624 habere
401 1561 591 1644 hujusmodi
608 1560 760 1643 figuram,
774 1561 833 1626 sed
849 1582 981 1626 causam
999 1582 1066 1626 non
1080 1563 1249 1643 exprimit.
1289 1560 1411 1643 Figura

261 1685 340 1730 vero
361 1665 559 1730 lenticularis
580 1675 629 1730 est
648 1665 751 1750 figura
772 1666 858 1729 illius
877 1666 1052 1749 leguminis
1070 1666 1161 1748 quod
1178 1675 1315 1728 vocatur
1329 1664 1411 1728 lens.

262 1770 376 1836 Habet
406 1773 493 1835 enim
525 1769 676 1836 laterales
705 1771 893 1855 superficies
919 1771 1085 1854 gibbosas,
1110 1769 1266 1835 deficiens
1291 1791 1312 1832 a
1334 1791 1412 1833 vera

260 1874 493 1958 sphaericitate
517 1884 654 1959 propter
678 1874 859 1939 breviorem
882 1877 1082 1940 diametrum
1104 1895 1191 1959 quae
1212 1875 1329 1938 transit
1353 1894 1413 1956 per

260 1979 317 2042 illa
347 1978 459 2044 latera.
514 1979 550 2044 Si
580 2001 659 2044 vero
692 1989 780 2044 esset
810 1978 935 2062 figurae
964 1978 1078 2054 ovalis,
1107 1989 1164 2042 aut
1194 1979 1412 2062 pyramidalis

261 2084 430 2160 rotundae,
446 2094 504 2148 aut
515 2083 723 2161 columnaris,
738 2094 797 2147 aut
808 2083 946 2165 alicujus
958 2082 1159 2165 hujusmodi,
1175 2092 1209 2146 et
1226 2091 1411 2146 moveretur

260 2208 360 2270 super
375 2189 558 2252 breviorem
579 2189 789 2264 diametrum,
804 2188 913 2252 adhuc
932 2188 1095 2251 accideret
1110 2207 1250 2250 vacuum
1273 2186 1306 2249 in
1325 2197 1412 2261 actu,

260 2293 287 2355 si
310 2313 389 2356 vero
412 2313 510 2375 super
531 2293 723 2377 longiorem,
745 2313 813 2356 non
837 2291 998 2357 accideret
1019 2311 1160 2354 vacuum
1185 2290 1219 2353 in
1243 2299 1330 2367 actu,
1352 2291 1411 2354 sed

261 2395 416 2478 possibile
442 2405 529 2460 esset
550 2417 692 2461 vacuum
718 2397 873 2472 accidere,
896 2396 1054 2478 quoniam
1077 2404 1173 2459 tanta
1195 2405 1282 2458 esset
1305 2392 1410 2476 possi-

260 2501 371 2564 bilitas
401 2502 433 2566 in
464 2502 597 2578 mund0,
619 2512 778 2584 quantum
803 2501 846 2565 ad
874 2499 1013 2584 figuram
1042 2508 1077 2563 ut
1104 2509 1292 2563 moveretur
1313 2517 1412 2582 super

260 2605 445 2669 breviorem
467 2607 675 2682 diametrum,
695 2606 779 2670 sicut
800 2625 899 2688 super
920 2604 1113 2689 longiorem.
1160 2603 1197 2668 Si
1218 2624 1298 2667 vero
1323 2612 1411 2666 esset

261 2710 462 2775 lenticularis
485 2710 610 2795 figurae
631 2710 684 2776 vel
706 2710 850 2788 casealis,
870 2710 922 2774 vel
946 2708 1147 2791 hujusmodi,
1166 2719 1200 2773 et
1223 2717 1412 2772 moveretur

261 2836 361 2898 super
383 2814 564 2900 longiorem
587 2816 795 2893 diametrum,
815 2816 978 2881 accideret
999 2835 1141 2878 vacuum
1165 2814 1197 2877 in
1220 2824 1306 2893 actu,
1326 2824 1360 2877 et
1383 2812 1411 2877 si

261 2940 360 3004 super
374 2920 567 2995 breviorem,
583 2940 651 2984 non
674 2920 839 2985 accideret
858 2920 891 2983 in
908 2928 985 2983 actu
1007 2920 1065 2983 sed
1089 2918 1291 3003 possibilitas
1312 2917 1411 2980 relin-

261 3036 424 3107 queretur.
469 3026 559 3089 Nam
574 3045 679 3108 aeque
696 3023 853 3107 possibile
872 3034 960 3087 esset
975 3026 1110 3100 mundo,
1125 3033 1286 3105 quantum
1302 3032 1353 3085 est
1369 3023 1413 3086 de

261 3150 306 3204 se,
330 3140 367 3195 ut
395 3140 582 3194 moveretur
603 3150 703 3212 super
725 3150 825 3193 unam
849 3130 1047 3193 diametrum
1074 3128 1159 3191 sicut
1182 3147 1281 3210 super
1301 3126 1413 3191 aliam.

263 3234 334 3298 Nec
350 3244 460 3318 potest
476 3236 540 3299 dici
556 3235 647 3317 quod
663 3235 689 3297 si
706 3243 793 3297 esset
809 3232 913 3296 uvalis
934 3230 1059 3315 figurae
1080 3241 1267 3296 moveretur
1281 3249 1413 3313 semper

261 3360 360 3422 super
376 3339 566 3423 longiorem,
582 3348 615 3403 et
635 3339 663 3402 si
684 3337 884 3402 lenticularis
906 3344 1093 3400 moveretur
1106 3355 1206 3417 super
1220 3333 1413 3412 breviorem,

262 3465 304 3506 ne
324 3465 464 3508 vacuum
487 3444 661 3508 accideret.
707 3441 939 3505 Reiellendum
964 3448 1015 3503 est
1037 3439 1125 3503 istud
1148 3439 1233 3503 sicut
1255 3437 1414 3521 superius,

261 3548 387 3613 scilicet
413 3548 502 3631 quod
532 3546 739 3630 impossibile
767 3555 818 3610 est
844 3545 934 3627 quod
965 3564 1047 3626 pura
1078 3544 1213 3627 negatio
1241 3543 1284 3605 sit
1314 3560 1414 3603 causa

261 3650 400 3735 alicujus
423 3652 669 3727 affirmationis;
694 3652 763 3729 sed,
786 3669 829 3713 ne
852 3648 895 3713 sit
917 3667 1067 3725 vacuum,
1089 3667 1170 3731 pura
1194 3646 1329 3728 negatio
1351 3656 1412 3710 est.

263 3757 309 3822 Et
333 3757 408 3822 ideo
431 3766 563 3840 oportet
582 3758 674 3838 quod
698 3755 840 3818 mundus
863 3755 905 3817 sit
927 3753 1118 3837 sphaericae
1140 3750 1275 3833 figurae,
1295 3750 1326 3813 in
1346 3771 1412 3834 qua
1427 3774 1546 3839 Quality

1427 3842 1456 3889 os
1464 3840 1526 3890 radii
1538 3840 1569 3889 οἰ

262 3862 333 3927 sola
351 3862 511 3946 corporali
531 3872 609 3925 sunt
631 3881 746 3924 omnes
769 3858 923 3923 diametri
945 3857 1108 3941 aequales,
1124 3866 1162 3919 ut
1184 3856 1289 3939 possit
1311 3856 1413 3919 libere
1426 3907 1520 3971 spuere.

260 3966 348 4031 volvi
374 3968 556 4031 secundum
587 3985 720 4031 omnem
747 3966 956 4040 diametrum,
980 3973 1014 4027 et
1039 3962 1087 4026 sic
1112 3959 1239 4023 nullum
1265 3960 1415 4043 sequitur

262 4073 503 4136 inconveniens.
550 4068 709 4134 Similiter
733 4068 819 4133 intra
845 4088 978 4131 necesse
1005 4077 1066 4145 est,
1089 4075 1126 4129 ut
1152 4064 1195 4127 sit
1222 4063 1414 4147 sphaericae

262 4174 386 4259 figurae
402 4188 436 4241 et
448 4194 633 4239 concavae:
656 4194 733 4238 nam
746 4172 865 4258 planae
877 4170 1002 4254 figurae
1013 4189 1079 4235 non
1093 4178 1213 4251 potest.
1244 4167 1412 4251 Quoniam

293 4381 301 4409 ¹
320 4380 382 4430 This
400 4380 422 4430 is
439 4380 504 4429 from
515 4378 649 4439 Aristotle,
661 4378 701 4427 De
717 4378 795 4437 Coelo,
807 4374 832 4427 ii.
852 4394 867 4438 4
885 4378 907 4426 sl
922 4374 970 4440 γὰρ
984 4374 1054 4425 ἔσται
1069 4370 1241 4436 ‹Md-smper,
1257 4369 1412 4431 συμβήσεται

261 4460 301 4509 arui
317 4460 392 4509 τόπον
406 4459 452 4522 {fu
466 4455 527 4507 eim
544 4457 586 4507 tul
601 4458 672 4519 σῶμα
687 4456 727 4506 ml
742 4458 821 4507 niver.
851 4454 942 4519 Κόιλᾳ
955 4454 1005 4519 γὰρ
1018 4451 1185 4515 στρεφόμενον
1197 4449 1228 4500 τὸ
1245 4447 1413 4513 εὐθύγραμμον

261 4538 378 4589 eddium
390 4538 437 4600 τὴν
448 4536 525 4599 αὐτὴν
536 4535 615 4600 lplfu
627 4535 716 4599 χώραν,
727 4534 785 4584 ἀλλ’
798 4534 857 4585 ὅπου
872 4533 987 4599 πρότερον
1001 4530 1032 4595 ἦν
1042 4531 1121 4592 σῶμα,
1131 4530 1175 4580 νῦν
1187 4530 1231 4579 οὐκ
1241 4527 1318 4587 tm,
1329 4527 1369 4577 nul
1384 4525 1413 4576 οὗ

262 4618 304 4667 rim
316 4620 360 4667 ofin
371 4617 436 4678 ἔστι,
446 4616 519 4665 πάλιν
530 4614 599 4665 ἔσται
611 4612 650 4664 tul
660 4614 707 4676 τὴν
717 4614 866 4678 ιαμάλλαξιν
877 4612 926 4661 τᾶν
942 4612 1044 4676 γαιῶν.
1076 4608 1178 4671 Ὁμοίως
1188 4608 1214 4656 dl
1225 4608 1271 4657 nb
1283 4605 1337 4655 cira
1347 4605 1414 4655 dm

261 4696 348 4762 σχῆμα
360 4694 458 4762 γίνοιτο
469 4695 503 4758 μὴ
514 4696 567 4745 ἴσος
577 4692 639 4757 ἕχον
650 4692 694 4743 τὰς
706 4693 733 4742 lae
744 4692 789 4742 τοῦ
799 4691 877 4753 μέσον
887 4690 1007 4756 γραμμάς,
1017 4688 1070 4740 olor
1079 4688 1205 4753 φοιοοιδὶς
1216 4682 1233 4749 fi
1243 4683 1345 4751 ᾀοειδᾶς.
