3575 5375
159 2403 216 2454 The
226 2403 293 2455 third

159 2469 209 2518 and
224 2472 314 2535 prlnci·

159 2536 202 2600 pal
214 2537 244 2586 ol
252 2537 294 2587 the

158 2601 181 2648 Τ
182 2609 248 2652 artur

158 2667 308 2732 kingdoms3

158 2732 235 2783 Cara·

157 2800 263 2851 cathrin.

335 566 396 646 366
558 568 715 629 OPERIS
738 569 928 640 MAJORIS
952 569 1067 630 PARS
1091 569 1277 644 QUARTA.

335 732 504 796 redeundo
515 732 559 796 ab
570 732 769 817 imperatore
778 731 994 797 Tartarorum
1006 730 1155 798 circuivit
1165 731 1251 798 latus
1263 729 1470 798 occidentale
1481 753 1490 805 3

336 844 369 899 et
390 836 424 900 in
447 838 558 902 eundo
581 839 624 901 ad
644 856 721 902 eum
744 837 987 920 perambulavit
1013 836 1101 902 latus
1125 837 1326 921 aquilonare,
1352 846 1390 900 ut
1418 837 1489 920 ipse

335 940 447 1005 retulit
463 941 609 1006 Domino
625 943 694 1026 regi
711 941 739 1005 F
740 942 869 1006 tanciae
882 941 939 1024 qui
954 960 1042 1006 nunc
1057 953 1117 1020 est,
1132 961 1222 1005 anno
1238 940 1375 1006 Domini
1394 957 1489 1023 1253

336 1044 382 1108 Et
402 1065 421 1108 a
440 1054 533 1131 parte
556 1046 720 1129 aquilonis
739 1043 841 1110 habet
862 1055 993 1110 vastam
1015 1045 1239 1125 solitudinem,
1260 1045 1294 1110 in
1319 1066 1388 1129 qua
1410 1054 1489 1110 sunt

334 1149 474 1214 Tartari.
521 1151 567 1215 Et
583 1150 669 1215 ultra
684 1170 742 1216 eos
757 1159 835 1215 sunt
854 1150 981 1216 multae
1000 1151 1153 1232 regiones
1169 1150 1379 1234 aquilonares
1393 1162 1488 1214 ante·

333 1273 433 1336 quam
449 1255 661 1339 perveniatur
675 1255 718 1320 ad
731 1253 905 1319 Oceanum
918 1277 926 1333 ;
945 1264 981 1320 et
997 1255 1073 1318 ideo
1089 1275 1155 1319 non
1167 1265 1280 1339 potest
1296 1254 1378 1318 illud
1395 1274 1487 1320 mare

333 1377 405 1422 esse
429 1359 519 1422 sinus
551 1359 649 1424 maris
674 1358 809 1437 Oceani,
830 1359 921 1441 quod
948 1368 1064 1423 tamen
1088 1358 1156 1422 fere
1185 1379 1302 1423 omnes
1331 1367 1487 1424 auctores

331 1462 478 1526 scribunt
490 1485 499 1537 ;
530 1465 588 1528 sed
619 1462 824 1546 experientia
854 1462 952 1545 hujus
974 1463 1133 1546 temporis
1156 1461 1245 1530 lacta
1266 1483 1325 1545 per
1350 1461 1486 1527 fratrem

332 1563 546 1630 Willielmum
576 1576 610 1631 et
639 1567 790 1631 homines
816 1567 901 1632 alios
923 1566 1037 1631 fideles
1058 1567 1167 1644 docet,
1189 1567 1280 1650 quod
1305 1588 1371 1632 non
1394 1567 1487 1631 venit

332 1690 352 1734 a
367 1671 457 1748 mari,
472 1671 532 1736 sed
548 1669 586 1735 fit
602 1690 661 1754 per
676 1670 810 1735 flumina
827 1691 951 1754 magna
967 1681 1001 1737 et
1016 1670 1131 1750 multa,
1146 1691 1287 1754 quorum
1302 1690 1486 1755 congrega·

330 1774 421 1838 tione
437 1773 475 1838 fit
490 1775 554 1839 hoc
570 1795 660 1838 mare
676 1774 834 1857 Caspium
851 1785 885 1840 et
903 1775 1141 1858 Hyrcanicum.
1186 1776 1275 1840 Tota
1299 1796 1378 1840 vero
1402 1776 1486 1840 haec
1503 1858 1508 1868 .

330 1889 417 1943 terra
433 1879 647 1944 Tartarorum
663 1899 683 1942 a
698 1879 803 1943 Tanai
820 1900 924 1963 usque
934 1881 979 1944 ad
996 1879 1154 1944 Ethiliam
1168 1877 1231 1945 suit
1249 1879 1485 1959 Cumanorum,

329 1982 386 2066 qui
408 1984 613 2047 vocabantur
631 1983 790 2068 Canglae,
806 1985 862 2067 qui
882 2004 997 2049 omnes
1017 1995 1095 2048 sunt
1114 1984 1215 2049 deleti
1237 2005 1296 2068 per
1314 1983 1484 2048 Tartaros.

332 2087 377 2153 Et
406 2098 479 2154 tota
509 2089 571 2152 ista
600 2090 783 2154 vocabatur
813 2089 960 2154 Albania
988 2090 1180 2173 antiquitus
1243 2089 1289 2152 Et
1319 2088 1373 2152 hic
1404 2099 1483 2154 sunt

328 2211 427 2257 canes
456 2194 603 2269 maximi,
634 2192 680 2257 ita
710 2203 747 2257 ut
776 2193 888 2257 leones
915 2193 1089 2277 perimant,
1116 2204 1229 2259 tauros
1255 2200 1419 2278 premant,
1448 2202 1484 2257 et

330 2295 479 2362 homines
495 2307 621 2378 ponunt
636 2317 695 2362 eos
710 2297 742 2360 in
758 2295 844 2380 bigis
860 2307 893 2362 et
909 2297 1034 2362 aratris

372 2400 505 2465 Deinde
525 2402 611 2466 ultra
634 2401 795 2466 Ethiliam
815 2412 866 2467 eat
886 2402 1002 2466 tertius
1022 2402 1226 2487 principatus
1243 2400 1482 2476 Tartarorum3

328 2514 363 2570 et
377 2505 565 2570 destructae
580 2515 658 2570 sunt
671 2516 788 2589 gentes
804 2505 980 2587 indigenae
998 2506 1041 2569 ab
1057 2507 1115 2582 eis,
1131 2516 1166 2570 et
1187 2506 1319 2571 luerunt
1338 2503 1482 2570 Cumani

327 2607 485 2694 Canglae,
500 2610 584 2675 sicut
607 2611 706 2695 prius.
758 2608 805 2673 Et
826 2610 924 2674 durat
946 2609 1001 2674 ille
1023 2610 1226 2695 principatus
1248 2631 1269 2672 a
1291 2609 1425 2674 flumine
1447 2609 1482 2672 in

327 2712 487 2777 orientem
503 2734 562 2797 per
577 2715 639 2779 iter
653 2722 796 2797 quatuor
811 2714 971 2780 mensium
987 2737 1032 2779 ex
1047 2726 1141 2799 parte
1156 2715 1361 2780 meridionali
1376 2734 1482 2798 usque

327 2818 479 2882 veniatur
500 2821 544 2883 ad
568 2828 689 2883 terram
713 2819 928 2902 principalem
947 2821 1165 2903 imperatoris.
1221 2819 1288 2885 Sed
1315 2840 1360 2883 ex
1384 2830 1481 2904 parte

326 2920 509 3003 aquilonari
529 2922 627 2987 durat
645 2944 705 3006 per
724 2922 785 2987 iter
802 2925 944 2989 duorum
966 2925 1136 3003 meusium,
1153 2934 1187 2989 et
1204 2926 1321 2989 decem
1342 2925 1481 2989 dierum.

327 3024 383 3087 Ex
409 3046 476 3109 quo
500 3036 594 3109 patet
620 3026 711 3110 quod
734 3026 897 3093 Cumania
920 3027 981 3093 suit
1002 3036 1163 3093 terrarum
1185 3028 1344 3093 maxima.
1390 3027 1480 3091 Nam

325 3148 346 3192 a
369 3130 524 3194 Danubio
544 3152 649 3213 usque
671 3132 714 3196 ad
738 3143 860 3196 terram
882 3132 979 3211 hanc,
1001 3132 1034 3195 in
1058 3154 1125 3217 qua
1146 3133 1326 3217 imperator
1348 3132 1480 3214 residet,

325 3233 522 3299 habitabant
554 3234 705 3311 Cumani,
736 3237 792 3319 qui
831 3257 946 3301 omues
976 3248 1053 3303 sunt
1088 3237 1249 3302 destructi
1278 3258 1299 3301 a
1329 3236 1479 3300 Tartaris

326 3326 454 3421 praeter
483 3360 540 3404 eos
570 3341 626 3424 qui
659 3342 812 3424 fugerant
843 3343 886 3406 ad
918 3362 1056 3425 regnum
1088 3341 1291 3425 Hungariae.
1352 3339 1398 3403 Et
1424 3339 1480 3405 hic

325 3444 528 3526 principatus
557 3444 659 3511 habet
683 3446 727 3510 ab
750 3446 905 3529 aquilone
932 3447 1039 3529 primo
1064 3447 1224 3529 majorem
1253 3448 1444 3533 Bulgariam
1454 3446 1479 3527 ¹,

324 3564 344 3608 a
367 3566 434 3629 qua
456 3559 619 3613 venerunt
643 3548 778 3632 Bulgari
800 3550 858 3632 qui
881 3561 959 3614 sunt
981 3551 1066 3615 inter
1084 3549 1418 3638 Constantinopolim,
1444 3563 1478 3619 et

250 3708 256 3721 ,
325 3648 542 3733 Hungariarn,
565 3662 598 3716 et
617 3652 838 3719 Sclavoniam.
883 3654 974 3718 Nam
995 3654 1078 3720 haec
1100 3675 1187 3737 quae
1209 3656 1242 3719 in
1268 3658 1404 3743 Europa
1426 3665 1478 3721 est

324 3756 431 3817 minor
446 3754 609 3837 Bulgaria,
625 3756 751 3821 habens
771 3756 920 3841 linguam
942 3758 1073 3821 illorum
1090 3759 1310 3844 Bulgarorurn
1325 3762 1477 3845 quisunt

324 3857 356 3919 in
373 3858 490 3939 majori
502 3858 664 3943 Bulgaria,
674 3880 759 3942 quae
773 3871 824 3926 est
840 3864 872 3925 in
889 3861 984 3927 Asia.
1016 3862 1063 3926 Et
1078 3863 1132 3927 isti
1148 3864 1283 3948 Bulgari
1299 3866 1342 3930 de
1359 3866 1477 3947 majori

322 3960 478 4043 Bulgaria
492 3970 570 4025 sunt
585 3964 719 4045 pessimi
731 3964 898 4030 Saraceni.
931 3966 977 4030 Et
988 3966 1051 4031 hoc
1063 3976 1114 4032 est
1124 3968 1294 4048 mirabile;
1317 3970 1477 4052 quoniam

322 4062 377 4126 illa
407 4074 494 4129 terra
518 4065 620 4130 distat
646 4088 666 4131 a
689 4078 785 4152 porta
808 4068 913 4134 ferrea
935 4090 992 4134 seu
1015 4092 1036 4133 a
1058 4072 1163 4155 portis
1185 4070 1317 4156 Caspiis
1339 4075 1476 4156 triginta

320 4164 436 4229 diebus
462 4174 495 4230 et
526 4165 601 4249 plus
630 4187 688 4251 per
716 4178 938 4233 transversum
969 4170 1175 4251 solitudinis3
1199 4182 1234 4237 et
1264 4183 1315 4237 est
1346 4172 1378 4236 in
1410 4172 1477 4238 tine

352 4330 361 4359 ¹
378 4331 466 4382 Marco
478 4332 542 4383 Polo
556 4334 583 4399 (i.
594 4350 618 4398 9,
632 4336 672 4384 ed.
684 4334 761 4399 vule)
775 4337 905 4387 mentions
917 4338 962 4387 the
973 4338 1027 4400 city
1035 4338 1066 4387 os
1074 4338 1195 4402 Bolgara.
1212 4332 1217 4339 ¹
1229 4339 1298 4390 Yule
1310 4342 1428 4392 remarks
1440 4358 1475 4393 on

320 4415 378 4472 this,
392 4419 399 4442 ‘
411 4416 434 4465 lt
444 4432 501 4465 was
513 4418 557 4466 the
572 4418 665 4482 capital
677 4419 707 4467 ol
713 4420 757 4468 the
774 4420 864 4482 region
881 4421 1029 4470 sometimes
1046 4422 1129 4473 called
1144 4424 1225 4473 Great
1237 4423 1368 4486 Bulgaria,
1381 4441 1416 4474 on
1429 4426 1475 4475 the

319 4497 409 4561 Volga.
421 4535 428 4547 .
442 4536 448 4549 .
462 4536 469 4549 .
481 4500 586 4551 latitude
601 4501 679 4550 about
694 4498 738 4563 54ο
754 4502 805 4565 54’,
817 4518 851 4567 90
866 4504 940 4553 miles
954 4504 1040 4556 below
1053 4504 1151 4557 Kazan.
1194 4506 1218 4555 lt
1229 4522 1286 4556 was
1301 4510 1427 4571 captured
1438 4510 1475 4571 by

319 4581 363 4629 the
377 4580 496 4643 ldongols
508 4583 534 4630 in
548 4582 627 4646 1225!
