3575 5375
342 646 671 706 PHILOSOPHIAE
698 646 789 705 CUM
815 646 1060 706 YHEOLOGIA
1086 647 1328 708 AFFINITAS.
1371 648 1413 728 63

259 809 441 893 speculatio
458 810 720 875 Christianorum
736 810 937 891 praecedens
953 809 1060 893 legem
1081 831 1175 875 suam
1197 812 1297 876 debet
1313 831 1413 892 super

260 914 519 995 speculationem
537 914 673 979 alterius
691 913 773 997 legis
791 914 915 978 addere
934 934 974 978 ea
996 935 1083 997 quae
1102 914 1213 979 valent
1235 916 1278 979 ad
1303 916 1409 999 legem

260 1017 383 1082 Christi
412 1020 597 1083 docendam
627 1028 661 1083 et
689 1018 907 1099 probandam,
933 1029 970 1081 ut
999 1029 1111 1101 surgat
1136 1040 1201 1082 una
1228 1019 1411 1101 speculatio

259 1122 433 1205 completa,
456 1123 549 1205 cujus
578 1123 708 1186 initium
739 1122 803 1187 erit
831 1122 1036 1203 speculativa
1066 1122 1340 1205 philosophorum
1365 1123 1412 1186 in-

260 1225 414 1306 fidelium,
426 1238 461 1291 et
471 1226 751 1309 complementum
767 1225 838 1307 ejus
852 1228 915 1289 erit
928 1227 1196 1308 superinductum
1211 1228 1412 1309 theologiae,

259 1339 294 1393 et
315 1332 498 1395 secundum
520 1332 757 1413 proprietatem
774 1330 857 1412 legis
878 1329 1098 1395 Christianae.
1145 1332 1191 1395 Et
1211 1332 1287 1395 ideo
1305 1331 1413 1414 philo-

259 1434 377 1517 sophia
391 1436 479 1517 apud
497 1434 702 1499 Christianos
717 1427 820 1497 debet¹
832 1455 948 1516 sapere
968 1435 1110 1499 multum
1132 1436 1175 1499 de
1194 1436 1323 1514 divinis,
1338 1436 1413 1518 plus

260 1558 361 1620 quam
391 1540 480 1621 apud
514 1538 731 1621 philosophos
768 1537 925 1618 infideles,
955 1548 989 1603 et
1025 1548 1162 1623 propter
1198 1540 1260 1603 hoc
1290 1540 1414 1604 debent

260 1643 450 1727 philosophi
481 1644 689 1706 considerare
718 1641 976 1724 philosophiam,
998 1664 1036 1707 ac
1069 1645 1097 1706 si
1125 1646 1228 1709 modo
1253 1655 1340 1708 esset
1371 1645 1414 1708 de

262 1767 350 1811 novo
365 1748 508 1820 inventa,
524 1757 562 1811 ut
576 1768 650 1811 eam
666 1746 810 1811 tacerent
825 1757 941 1829 aptam
957 1745 1015 1810 fini
1030 1769 1100 1812 suo.
1140 1748 1185 1812 Et
1201 1750 1276 1813 ideo
1291 1750 1414 1813 debent

263 1852 369 1915 multa
394 1851 473 1916 addi
499 1853 532 1914 in
559 1849 771 1933 philosophia
797 1850 1081 1930 Christianorum
1114 1873 1200 1935 quae
1222 1852 1413 1935 philosophi

261 1954 412 2020 infideles
436 1957 517 2019 scire
543 1976 609 2019 non
634 1963 822 2037 potuerant.
877 1954 923 2018 Et
949 1955 1138 2037 hujusmodi
1168 1967 1247 2020 sunt
1272 1959 1414 2021 rationes

263 2071 478 2142 exsurgentes
492 2060 525 2122 in
542 2061 638 2125 nobis
654 2080 698 2121 ex
718 2058 785 2123 fide
804 2070 839 2124 et
859 2061 1048 2123 auctoribus
1070 2060 1151 2144 legis
1171 2071 1205 2124 et
1226 2071 1414 2124 sanctorum

263 2166 321 2247 qui
339 2165 473 2247 sapiunt
492 2164 757 2247 philosophiam3
787 2173 821 2227 et
840 2173 980 2245 possunt
1001 2184 1073 2227 esse
1095 2166 1283 2228 communia
1305 2164 1415 2246 philo-

263 2269 399 2351 sophiae
421 2268 605 2350 completae
623 2278 657 2331 et
675 2266 872 2351 theologiae
920 2267 964 2330 Et
987 2267 1069 2331 haec
1091 2278 1336 2351 cognoscuntur
1356 2289 1417 2351 per

264 2374 328 2437 hoc
350 2374 440 2455 quod
462 2372 585 2437 debent
614 2392 686 2436 esse
712 2373 903 2436 communia
933 2371 1085 2436 fidelibus
1108 2382 1141 2435 et
1165 2371 1359 2453 infidelibus,
1380 2382 1416 2437 ut

264 2479 330 2541 sint
351 2478 398 2541 ita
416 2487 495 2541 nota
513 2497 588 2540 curn
611 2476 820 2558 proferuntur
842 2486 876 2540 et
899 2477 1088 2558 probantur,
1104 2478 1194 2559 quod
1214 2478 1327 2558 negari
1351 2498 1416 2541 non

265 2590 405 2664 possunt
420 2602 441 2644 a
458 2581 663 2663 sapientibus
686 2588 720 2643 et
743 2580 910 2644 instructis
933 2582 965 2643 in
990 2580 1201 2664 philosophia
1224 2580 1417 2645 infidelium.

265 2688 356 2752 Nam
386 2684 574 2770 philosophi
605 2684 755 2750 infideles
786 2684 892 2749 multa
924 2686 1079 2770 ignorant
1106 2688 1138 2749 in
1164 2685 1350 2769 praesenti¹
1374 2688 1417 2751 de

266 2794 384 2857 divinis
405 2813 492 2876 quae
514 2803 777 2874 proponerentur
800 2794 857 2870 eis,
876 2803 914 2857 ut
936 2793 1157 2875 probarentur
1179 2814 1237 2876 per
1259 2794 1419 2877 principia

265 2897 477 2981 philosophia
499 2896 696 2979 completae,
716 2897 781 2961 hoc
804 2906 863 2975 est,
881 2918 941 2980 per
962 2899 1155 2963 vivacitates
1178 2899 1312 2962 rationis
1333 2919 1420 2982 quae

267 3013 403 3067 sumunt
411 3002 574 3084 originem
584 3023 603 3065 a
613 3001 824 3085 philosophia
837 3001 1035 3079 infidelium;
1052 3003 1127 3066 licet
1137 3002 1418 3085 complementum

266 3129 288 3171 a
302 3106 369 3170 fide
388 3104 511 3170 Christi
530 3109 713 3189 reciperent
735 3106 805 3169 sine
827 3108 1098 3180 contradictione,
1115 3116 1148 3170 et
1170 3108 1354 3190 gauderent
1377 3109 1419 3170 de

266 3211 436 3293 proposita
462 3211 524 3274 sibi
550 3211 697 3283 veritate,
719 3209 796 3292 quia
825 3210 915 3273 avidi
941 3220 1018 3274 sunt
1044 3210 1227 3293 sapientiae
1252 3221 1286 3273 et
1313 3211 1420 3293 magis

265 3315 406 3378 studiosi
428 3335 529 3398 quam
549 3313 739 3378 Christiani.
786 3314 864 3378 Non
889 3324 1003 3378 tamen
1021 3314 1105 3391 dico,
1121 3315 1210 3396 quod
1232 3314 1356 3394 aliquid
1377 3314 1420 3377 de

266 3419 491 3502 spiritualibus
500 3419 646 3483 articulis
656 3417 734 3482 fidei
745 3417 952 3482 Christianae
965 3418 1161 3500 reciperetur
1172 3418 1204 3481 in
1215 3417 1418 3500 probatione,

267 3524 325 3586 sed
349 3523 473 3587 multae
494 3523 649 3587 veritates
672 3531 750 3586 sunt
775 3543 969 3587 communes
994 3520 1182 3596 rationales,
1204 3543 1288 3604 quas
1310 3524 1420 3586 omnis

267 3628 400 3709 sapiens
429 3628 472 3691 de
501 3627 587 3691 sacili
616 3628 775 3711 reciperet
805 3626 848 3692 ab
878 3628 953 3702 alio,
983 3627 1136 3710 quamvis
1166 3629 1348 3692 secundum
1384 3647 1420 3692 se

268 3732 445 3814 ignoraret.

313 3835 391 3899 Non
421 3836 522 3920 igitur
550 3835 713 3899 mirentur
742 3837 1027 3920 philosophantes
1057 3837 1084 3900 si
1114 3835 1260 3900 habeant
1292 3838 1421 3901 elevare

267 3940 512 4025 philosophiam
525 3942 569 4003 ad
585 3941 699 4004 divina
711 3952 745 4004 et
760 3942 804 4005 ad
817 3941 1006 4024 theologiae
1017 3941 1174 4006 veritates
1185 3951 1218 4004 et
1230 3954 1420 4007 sanctorum

267 4045 494 4121 auctoritates,
516 4053 550 4108 et
573 4045 622 4109 uti
645 4046 693 4110 eis
714 4045 923 4110 abundanter
945 4066 1020 4110 curn
1044 4045 1140 4110 suerit
1163 4058 1388 4130 opportunum
1398 4043 1420 4124 ²,

269 4157 303 4212 et
330 4149 471 4232 probare
497 4168 555 4213 eas
575 4168 651 4211 curn
674 4169 810 4213 necesse
835 4159 896 4223 est,
919 4159 954 4212 et
978 4169 1036 4232 per
1061 4149 1134 4213 illas
1157 4149 1239 4214 alias
1261 4152 1421 4233 probare3

269 4252 426 4334 quoniam
450 4253 671 4334 proculdubio
694 4252 906 4335 philosophia
928 4264 963 4319 et
983 4252 1154 4337 theologia
1177 4255 1422 4317 communicant

269 4357 303 4420 in
331 4356 453 4420 multis.
508 4357 554 4420 Et
581 4357 687 4422 sancti
714 4378 781 4422 non
804 4359 913 4422 solum
940 4357 1119 4440 loquuntur
1144 4357 1339 4441 theologice,
1362 4359 1421 4422 sed

269 4459 509 4543 philosophice,
533 4471 567 4524 et
594 4459 823 4545 philosophica
853 4460 1080 4543 multipliciter
1107 4462 1329 4526 introducunt.
1376 4461 1422 4526 Et

269 4565 347 4628 ideo
374 4563 564 4642 Christiani,
590 4564 836 4648 philosophiam
862 4565 1010 4630 volentes
1037 4564 1214 4650 complere,
1239 4565 1362 4629 debent
1389 4566 1423 4629 in

304 4692 376 4742 ¹Sic
390 4691 439 4753 Ο.;
455 4692 708 4756 J.hasparticulari.
954 4690 1025 4742 'Sic
1036 4692 1104 4753 Jnl;
1123 4691 1155 4742 Ο.
1168 4691 1358 4755 basoptimum.
