3575 5375
355 542 417 604 344
578 526 734 584 OPERIS
759 524 948 594 MAJORIS
972 523 1088 583 PARS
1112 524 1297 598 QUARTA.

355 687 626 754 Amorraeorurn.
673 689 720 754 Et
752 689 872 752 cecidit
903 688 956 752 hic
994 708 1090 752 mons
1127 687 1161 750 in
1199 698 1323 753 sortem
1360 687 1510 752 tribuum

359 793 489 870 Ruben‚
513 792 597 873 Gad,
621 802 655 858 et
678 793 835 856 dimidiae
856 792 963 856 tribus
987 792 1164 856 Manasse:
1195 793 1254 856 sed
1286 803 1320 857 et
1349 791 1511 875 Jercmias

361 897 518 980 loquitur,
551 897 711 978 ‘Galaad,
741 907 777 962 tu
809 897 889 962 mihi
919 906 1021 978 caput
1050 917 1110 959 seu
1140 896 1336 978 principium
1369 895 1510 962 Libani?

358 1000 574 1066 Antilibanus
607 1023 696 1081 vero,
725 1003 907 1065 secundum
941 999 1185 1083 Hieronymum
1216 998 1301 1063 libro
1333 1000 1511 1077 Locorum,

357 1107 509 1170 extendit
538 1127 575 1170 se
610 1106 697 1170 circa
728 1107 878 1188 regiones
913 1103 1003 1168 urbis
1026 1106 1194 1184 Damasci,
1217 1125 1303 1187 quae
1333 1105 1454 1168 cecidit
1476 1104 1510 1167 in

357 1219 480 1273 sortem
503 1211 610 1273 tribus
633 1210 797 1288 Manasse,
813 1219 845 1272 et
867 1209 949 1272 haec
970 1218 1021 1272 est
1044 1209 1239 1287 Damascus,
1254 1228 1341 1290 quae
1364 1209 1397 1270 in
1417 1209 1511 1271 libris

359 1314 553 1398 Regnorum
565 1326 665 1398 caput
677 1312 795 1394 Syriae
805 1314 1004 1393 nominatur,
1013 1332 1099 1393 quae
1112 1315 1214 1376 distat
1224 1335 1244 1376 a
1255 1313 1441 1394 Jerusalem
1451 1334 1511 1395 per

356 1420 462 1484 dietas
477 1419 605 1483 circiter
618 1401 770 1501 'quatuor,
788 1419 832 1482 ab
849 1417 945 1481 Acon
961 1417 1092 1483 circiter
1106 1427 1182 1494 tres,
1197 1438 1216 1480 a
1234 1417 1359 1500 Tripoli
1380 1418 1512 1481 circiter

358 1525 450 1602 duas,
473 1544 492 1586 a
516 1521 645 1587 Baruch
670 1543 729 1606 per
752 1542 860 1585 unam.
908 1522 1040 1586 Deinde
1070 1541 1090 1584 a
1121 1521 1291 1585 Damasco
1322 1542 1381 1603 per
1402 1522 1511 1584 dietas

357 1627 482 1691 circiter
490 1637 620 1709 septem
631 1627 682 1690 vel
692 1639 769 1692 octo
781 1627 813 1689 in
823 1627 1082 1709 septentrionem
1092 1634 1142 1688 est
1152 1627 1265 1688 civitas
1275 1624 1510 1708 samosaAlap,

358 1751 444 1813 quae
460 1731 643 1812 antiquitus
659 1731 786 1794 mansio
801 1731 862 1794 suit
878 1729 1048 1808 Abrahae,
1060 1750 1145 1812 quae
1161 1732 1204 1792 ab
1222 1729 1394 1812 Euphrate
1405 1729 1511 1792 distat

357 1835 484 1897 circiter
497 1855 556 1917 per
567 1837 649 1900 duas
660 1835 767 1899 dietas
780 1845 812 1898 et
825 1837 869 1898 ab
879 1833 1063 1900 Antiochia
1075 1855 1135 1917 per
1145 1834 1270 1897 dietam
1280 1845 1313 1897 et
1326 1834 1509 1897 dimidiam.

359 1938 490 2002 Deinde
521 1940 553 2002 in
585 1938 649 2003 fine
680 1949 785 2004 terrae
815 1939 1081 2022 repromissionis
1109 1939 1154 2001 ad
1183 1939 1444 2021 septentrionem
1476 1939 1509 2000 in

358 2043 484 2107 oriente
500 2055 550 2108 est
566 2054 599 2107 et
609 2044 739 2108 Amath
755 2045 878 2117 civitas,
894 2053 931 2107 ut
946 2042 1088 2106 habetur
1104 2043 1326 2107 Numerorum
1339 2043 1457 2120 xxxiv,
1466 2043 1511 2106 de

358 2168 424 2230 qua
447 2150 548 2213 etiam
571 2149 724 2213 scribitur
746 2148 892 2212 secundo
913 2149 1046 2232 Regum
1069 2148 1134 2224 viii,
1150 2157 1185 2212 et
1209 2148 1316 2230 primo
1340 2147 1511 2229 Paralipo-

360 2273 479 2316 menon
490 2253 580 2330 xviii,
595 2262 628 2317 et
645 2253 793 2336 pluribus
808 2251 879 2317 aliis
895 2251 986 2316 locis.
1026 2253 1073 2316 Et
1085 2251 1313 2333 Hieronymus
1328 2251 1409 2314 dicit
1425 2251 1511 2314 libro

360 2356 524 2420 Locorum
541 2358 629 2439 quod
646 2356 821 2441 diligenter
837 2357 1007 2439 inquisivit
1028 2357 1151 2420 dehac
1173 2356 1307 2420 civitate
1327 2364 1362 2419 et
1382 2356 1509 2419 invenit

358 2462 447 2542 quod
463 2472 602 2525 vocatur
618 2461 818 2544 Epiphania.
876 2461 1010 2525 Deinde
1032 2469 1082 2524 est
1099 2460 1250 2544 Comaga
1274 2461 1389 2524 civitas
1406 2479 1512 2543 prope

360 2564 521 2642 Ciliciam,
537 2565 592 2628 ubi
610 2564 712 2628 malta
728 2564 878 2628 bitumen
895 2566 1014 2629 ardens
1029 2564 1200 2647 reperitur,
1216 2565 1307 2646 quod
1324 2563 1511 2646 projectum

359 2689 459 2752 super
475 2668 613 2732 militem
630 2679 794 2733 armatum
814 2669 980 2734 comburit
1002 2690 1088 2744 eum,
1103 2689 1164 2733 nec
1184 2679 1235 2733 est
1253 2668 1435 2733 remedium
1452 2686 1513 2751 per

362 2790 482 2853 aquam
504 2790 563 2833 nec
584 2790 643 2853 per
663 2772 752 2835 aliud
773 2772 944 2854 liquidum,
965 2773 1024 2836 sed
1047 2792 1105 2855 per
1120 2782 1242 2836 terram
1263 2773 1511 2855 apponendum.

361 2875 428 2937 Diu
445 2894 523 2935 vero
539 2874 690 2938 turbatus
706 2884 756 2937 est
773 2876 940 2939 exercitus
961 2876 1134 2939 Romanus
1149 2884 1183 2939 et
1205 2874 1360 2940 confusus
1374 2895 1433 2957 per
1447 2876 1512 2939 hoc

359 2978 509 3042 bitumen
525 2978 708 3061 projectum
725 2978 758 3042 in
779 2980 910 3058 milites,
931 3000 1106 3063 usquequo
1124 2982 1307 3044 remedium
1331 3000 1392 3063 per
1405 2989 1513 3043 terrae

361 3084 511 3165 pulveres
532 3104 664 3165 sparsos
686 3103 785 3165 super
806 3083 916 3147 locum
938 3105 959 3147 a
982 3084 1145 3148 bitumine
1164 3094 1292 3149 tactum
1316 3084 1516 3147 didicerunt.

362 3187 458 3251 Haec
477 3188 601 3252 Plinius
617 3176 731 3252 narrat¹
744 3186 829 3251 libro
844 3191 993 3252 secundo
1003 3188 1024 3249 ¹.

192 3292 307 3404 puisun
321 3290 350 3340 or
404 3291 587 3375 Postquam
617 3294 779 3370 civitates,
803 3303 836 3356 et
860 3301 999 3368 montes,
1022 3303 1057 3357 et
1082 3312 1198 3374 aquae,
1222 3304 1255 3357 et
1282 3302 1412 3357 caetera
1439 3292 1515 3356 loca

192 3364 329 3488 pigi-32¹2,
362 3396 571 3478 particularia
588 3405 664 3459 sunt
680 3398 858 3481 assignata,
877 3418 963 3460 nunc
974 3395 1074 3478 juxta
1089 3394 1170 3460 haec
1186 3396 1313 3461 facilius
1326 3397 1513 3479 provinciae

361 3510 394 3565 et
425 3503 576 3584 regiones
607 3501 678 3583 capi
712 3511 859 3583 possunt.
905 3501 999 3565 Haec
1036 3510 1149 3565 autem
1186 3510 1259 3565 tota
1297 3500 1394 3583 Syria
1430 3502 1514 3565 citra

363 3604 569 3687 Euphratem
592 3607 693 3669 situm
726 3605 826 3669 habet
856 3616 1044 3689 porrectum
1077 3606 1110 3668 in
1141 3606 1337 3669 immensam
1367 3605 1511 3688 longitu-

361 3709 484 3785 dinem,
500 3710 558 3772 sed
582 3710 615 3770 in
638 3708 707 3773 lato
729 3710 901 3791 angustior
922 3719 983 3785 est,
1000 3720 1036 3774 ut
1057 3710 1138 3773 dicit
1160 3709 1313 3783 Isidoms‚
1335 3719 1369 3773 et
1389 3709 1513 3772 Plinius

361 3813 407 3875 ait
430 3813 520 3893 quod
545 3812 615 3893 ejus
645 3811 821 3894 longitudo
843 3835 863 3877 a
888 3814 1006 3878 Cilicia
1036 3834 1140 3896 usque
1169 3815 1213 3877 ad
1236 3813 1398 3878 Arabiam
1422 3824 1513 3878 tenet

361 3916 498 3980 cccclxx
516 3916 687 3992 milliaria;
710 3917 811 3980 habet
827 3928 940 3983 autem
956 3918 1078 3983 multas
1089 3918 1284 4000 provincias,
1295 3939 1382 4000 quae
1397 3938 1513 3983 omnes

363 4020 497 4084 nomine
528 4018 645 4101 Syriae
675 4021 892 4087 continentur.
940 4022 1029 4085 Nam
1059 4023 1091 4085 in
1122 4042 1161 4086 ea
1192 4025 1383 4086 nominatur
1415 4022 1513 4105 Syria

363 4122 565 4208 Comagena,
591 4123 818 4207 Syria-Coele,
846 4125 947 4208 Syria
975 4126 1156 4204 Phoenicis,
1178 4125 1276 4209 Syria
1299 4126 1514 4204 Palaestinae,

363 4227 521 4304 Galilaea,
535 4228 692 4308 Samaria,
704 4228 842 4311 Judaea.
881 4230 970 4294 Nam
985 4230 1048 4294 hae
1063 4231 1214 4313 regiones
1229 4231 1272 4294 ad
1291 4230 1422 4312 Syriam
1438 4250 1514 4313 per·

362 4332 469 4397 tinent
483 4333 703 4397 Palaestinam
717 4335 898 4399 secundum
912 4344 1073 4399 auctores.
1113 4335 1211 4417 Syria
1221 4356 1299 4399 vero
1311 4335 1514 4418 Comagena,

362 4447 399 4500 ut
422 4438 502 4502 dicit
522 4438 666 4502 Isidorus
689 4439 818 4502 decimo
841 4448 961 4520 quarto
983 4438 1079 4517 libro,
1094 4440 1286 4503 nominatur
1308 4461 1329 4503 a
1352 4439 1515 4503 vocabulo

828 4572 932 4636 ¹Pliny,
947 4574 971 4623 ii.
989 4590 1043 4635 10⁴·
