3575 5375
387 612 738 672 MATHEMATICAE
761 613 813 671 IN
834 614 1037 675 PHYSICIS
1064 615 1269 676 UTILIYAS.
1343 632 1401 693 127

249 788 300 841 est
327 777 605 860 perpendicularis
631 797 729 860 super
750 798 869 862 corpus
893 776 980 852 solis,
1000 788 1035 841 et
1057 779 1132 842 axis
1154 781 1346 862 pyramidis,
1368 788 1402 844 et

250 881 325 945 ideo
341 891 391 946 est
406 882 529 958 sortior,
545 893 578 946 et
598 883 673 964 plus
693 881 794 945 habet
815 884 858 946 de
872 882 1005 957 virtute,
1020 884 1176 965 quoniam
1194 885 1297 948 virtus
1313 885 1401 948 venit

250 987 429 1049 secimdum
454 987 542 1050 hunc
569 985 696 1050 radium
723 1008 744 1051 a
770 995 842 1050 tota
867 986 1093 1070 profunditate
1115 988 1203 1063 solis,
1221 990 1312 1072 quod
1336 1009 1402 1052 non

250 1089 371 1154 accidit
394 1091 427 1153 in
446 1091 529 1153 aliis.
576 1089 664 1154 Nam
688 1091 850 1155 diameter
871 1089 928 1154 lto
950 1099 1001 1154 est
1025 1091 1153 1174 longior
1174 1114 1274 1175 quam
1287 1104 1311 1175 p
1324 1114 1353 1175 q,
1369 1103 1402 1157 et

250 1209 351 1272 quam
370 1210 487 1253 omnes
511 1190 616 1254 lineae
639 1191 797 1254 cadentes
820 1191 854 1254 in
877 1190 1000 1253 circulo
1023 1211 1043 1253 a
1065 1191 1169 1255 latere
1190 1194 1355 1268 diametri,
1369 1202 1404 1255 et

251 1295 327 1357 ideo
343 1292 417 1376 plus
431 1295 521 1376 capit
535 1294 578 1357 de
593 1295 780 1357 substantia
798 1294 885 1372 solis,
902 1295 977 1359 ideo
999 1294 1073 1378 plus
1093 1295 1195 1359 habet
1215 1296 1258 1359 de
1273 1298 1402 1361 virtute.

252 1397 298 1460 Et
313 1396 335 1460 h
351 1398 369 1461 b
384 1397 472 1461 linea
486 1409 536 1462 est
552 1399 680 1462 brevior
694 1418 795 1481 quam
815 1421 833 1462 c
852 1398 879 1472 b,
895 1410 930 1463 et
949 1419 1066 1462 omnes
1085 1400 1168 1464 aliae
1190 1420 1276 1482 quae
1291 1424 1311 1465 a
1327 1421 1403 1483 por·

251 1502 341 1565 tione
364 1503 441 1565 solis
466 1503 672 1566 descendunt
695 1503 727 1565 in
752 1513 885 1578 terram,
908 1513 1113 1585 quapropter
1139 1505 1215 1586 plus
1237 1505 1339 1569 habet
1361 1507 1404 1569 de

251 1607 372 1670 virtute
392 1608 573 1670 secundum
594 1609 772 1688 praedicta.
818 1608 864 1672 Et
885 1607 977 1681 haec,
993 1629 1080 1690 quae
1103 1629 1190 1673 nunc
1210 1610 1298 1673 dicta
1318 1620 1405 1685 sunt,

252 1719 368 1792 patent
384 1732 427 1774 ex
444 1712 497 1774 viii
514 1712 600 1775 tertii
615 1712 852 1776 elementorum
872 1711 1027 1776 Euclidis.

560 2005 839 2072 marmeno
883 2005 1101 2090 Quanta

696 2163 922 2228 Carnutum
948 2164 973 2227 I.

299 2300 339 2365 In
355 2323 422 2385 quo
438 2323 581 2368 canones
597 2303 676 2367 dicti
692 2302 901 2385 applicantur
915 2302 958 2366 ad
974 2301 1083 2366 lucem
1098 2301 1279 2367 stellarum.

302 2477 366 2540 His
395 2477 565 2561 principiis
595 2486 629 2541 et
658 2474 847 2557 hujusmodi
879 2476 966 2539 datis
1002 2495 1061 2558 per
1090 2477 1160 2540 vias
1192 2476 1404 2560 geometriae,
1416 2487 1528 2538 Illustra-

255 2589 367 2664 potest
389 2581 491 2645 homo
507 2579 675 2644 verificare
696 2599 829 2643 omnem
849 2581 1014 2644 actionem
1037 2590 1183 2659 naturae,
1198 2581 1276 2664 quia
1296 2581 1404 2643 omnis
1416 2563 1490 2605 “⁰¹¹⁵

255 2686 377 2751 veritas
392 2688 478 2750 circa
493 2686 720 2769 operationem
741 2685 869 2769 agentis
890 2685 923 2749 in
944 2686 1099 2765 medium,
1114 2685 1165 2749 vel
1183 2686 1215 2748 in
1235 2685 1406 2750 materiam

255 2790 488 2874 generabilem,
508 2790 560 2853 vel
585 2790 617 2853 in
640 2791 805 2865 coelestia,
829 2800 862 2853 et
886 2790 919 2853 in
942 2800 1049 2854 totam
1074 2792 1188 2855 mundi
1212 2792 1408 2870 machinam,

256 2895 356 2958 sumit
374 2906 485 2958 ortum
505 2895 649 2959 mediate
667 2893 720 2958 vel
738 2894 930 2959 immediate
948 2914 992 2957 ex
1010 2894 1080 2977 jam
1098 2895 1204 2969 dictis,
1223 2904 1258 2958 et
1275 2895 1408 2977 quibus·

256 3000 332 3063 darn
348 2998 604 3082 similibuS,quia
617 3019 682 3062 non
695 2998 787 3080 potui
799 3000 913 3063 omnia
928 2998 960 3061 in
977 2998 1039 3061 hac
1052 3000 1261 3082 persuasione
1276 3017 1409 3080 ponere,

256 3124 342 3186 quae
357 3122 442 3185 opus
458 3102 566 3184 majus
582 3103 724 3185 requirit.
771 3102 817 3167 Et
835 3104 926 3186 quod
942 3103 1018 3165 dico
1036 3102 1243 3168 manifestare
1258 3103 1335 3167 volo
1351 3122 1409 3186 per

256 3207 366 3291 aliqua
386 3207 542 3290 exempla
564 3208 595 3269 in
618 3207 752 3271 diversis
776 3208 872 3269 rebus
896 3208 1020 3281 mundi,
1036 3217 1069 3270 et
1092 3207 1247 3289 incipiam
1270 3228 1290 3270 a
1312 3225 1408 3289 supe—

257 3312 406 3375 rioribus.
453 3311 652 3376 Aristoteles
674 3332 752 3375 vero
773 3312 852 3377 dicit
874 3312 906 3374 in
924 3312 1031 3393 primo
1047 3308 1406 3393 Meteorologicorum¹

256 3416 347 3500 quod
369 3435 484 3479 omnes
506 3416 622 3481 stellae
644 3415 769 3480 habent
791 3416 898 3480 lucem
921 3436 942 3478 a
967 3416 1057 3492 sole3
1088 3423 1121 3479 et
1145 3416 1210 3478 hoc
1233 3425 1325 3498 patet
1349 3435 1407 3498 per
1418 3426 1504 3507 Lunae

258 3520 395 3601 eclipsin
417 3519 533 3583 lunae:
555 3541 633 3583 nam
648 3522 783 3604 quando
798 3531 886 3584 terra
908 3520 1127 3603 interponitur
1145 3518 1229 3582 inter
1248 3520 1352 3584 solem
1373 3530 1407 3584 et
1420 3494 1533 3559 ΨΜ

258 3625 381 3699 lunam,
405 3619 687 3707 ipsa'eclipsatur,
708 3634 742 3689 et
765 3625 899 3707 quando
921 3643 998 3698 non,
1021 3637 1100 3689 tunc
1124 3623 1345 3702 illuminatur,
1376 3634 1410 3687 et

258 3729 333 3792 ideo
351 3728 500 3791 similiter
518 3738 603 3791 esset
619 3729 662 3792 de
685 3728 768 3807 aliis,
782 3730 809 3793 si
831 3739 941 3793 essent
961 3729 992 3791 in
1014 3729 1073 3791 tali
1094 3729 1159 3791 situ
1181 3729 1213 3792 in
1234 3749 1301 3812 quo
1322 3729 1410 3793 luna.

259 3830 328 3896 Sed
349 3852 414 3895 non
434 3841 520 3909 sunt,
537 3852 613 3895 nam
635 3852 737 3896 conus
758 3834 942 3914 pyramidis
963 3831 1101 3896 umbrae
1116 3851 1183 3896 non
1200 3834 1336 3915 attingit
1351 3834 1412 3896 nisi

258 3956 363 4017 usque
383 3937 426 3999 ad
449 3937 564 4000 orbem
582 3936 745 4011 Mercurii,
761 3948 795 4002 et
818 3938 893 4001 ideo
916 3936 988 4001 sola
1010 3936 1087 4002 luna
1109 3946 1221 4019 potest
1239 3937 1358 4001 cadere
1379 3938 1412 4001 in

259 4042 378 4104 umbra
390 4052 506 4105 terrae.
542 4040 589 4103 Et
601 4048 711 4104 tamen
728 4040 843 4106 stellae
858 4041 1026 4105 inferiores
1041 4041 1201 4124 eclipsant
1217 4043 1412 4125 superiores,

259 4144 343 4209 sicut
356 4144 557 4210 Aristoteles
569 4143 641 4209 vult
656 4146 803 4209 secundo
816 4143 909 4209 Coeli
925 4156 959 4209 et
975 4145 1105 4223 Mundi,
1114 4147 1250 4228 quando
1265 4145 1412 4210 cadunt²

295 4280 298 4291 “
319 4276 416 4326 Mereor.
431 4278 445 4325 i.
463 4278 487 4335 8,
507 4282 520 4337 5
538 4278 563 4328 6.
606 4277 731 4326 Aristotle
749 4276 866 4339 explains
883 4278 940 4325 that
956 4277 1003 4326 the
1020 4278 1117 4326 earth's
1134 4277 1243 4328 shadow
1260 4278 1368 4326 reaches
1386 4286 1414 4325 to

259 4356 304 4405 the
316 4370 401 4415 moon,
414 4355 458 4405 but
474 4363 520 4404 not
537 4357 613 4405 much
629 4355 751 4417 beyond;
766 4356 818 4403 and
835 4357 891 4405 that
909 4357 954 4404 the
971 4356 1087 4404 distance
1101 4356 1131 4404 oi
1144 4357 1188 4405 the
1205 4365 1273 4404 stare
1287 4355 1354 4403 irom
1367 4356 1413 4404 the

260 4434 333 4483 earth
350 4434 372 4481 is
388 4448 467 4495 many
482 4434 558 4483 times
573 4450 603 4483 as
614 4440 688 4495 great
705 4450 735 4481 as
752 4434 808 4483 that
825 4434 855 4481 oi
867 4435 912 4483 the
924 4450 989 4491 sun;
1005 4434 1163 4494 wheresore,
1175 4432 1269 4495 ἀνάγκη
1280 4430 1359 4481 πάντα
1369 4432 1415 4480 τὸν

260 4511 332 4573 ἥλιον
344 4509 375 4558 τὰ
385 4510 463 4575 dorp«
474 4511 594 4574 περιορᾶν,
606 4511 644 4559 ml
655 4510 740 4573 μηθενὶ
751 4510 797 4573 τὴν
809 4512 857 4575 γῆν
867 4510 1039 4575 ἀντιφράτκιν
1051 4511 1140 4562 αὐτῶν.

293 4588 303 4616 ¹
321 4589 350 4638 ln
362 4588 459 4639 Μήιον.
472 4590 488 4639 i.
499 4591 523 4647 6,
539 4595 602 4649 511,
614 4590 740 4639 Aristone
757 4592 852 4653 speaks
869 4591 899 4638 oi
912 4606 945 4639 an
963 4590 1119 4639 occultation
1135 4590 1227 4639 osone
1245 4590 1276 4637 oi
1286 4590 1331 4637 the
1348 4596 1416 4638 stars

260 4672 287 4721 in
299 4672 404 4722 Gemini
416 4673 451 4735 by
462 4672 573 4735 Jupiter.
