3575 5375
322 547 383 612 300
545 533 700 593 OPERIS
724 534 914 604 MAJORIS
937 533 1053 593 PARS
1077 531 1262 607 QUARTA.

323 695 441 760 infiniti
457 707 533 760 sunt
546 697 734 762 horizontes
745 708 816 762 tam
829 697 955 780 obliqui
970 717 1071 780 quam
1088 697 1179 760 recti.
1212 696 1258 759 Et
1274 695 1350 758 ideo
1366 692 1478 756 oriens

323 808 357 862 et
372 800 526 865 occidens
546 801 579 865 in
596 803 756 866 divisione
773 812 880 866 terrae
895 821 962 864 non
977 810 1154 864 sumuntur
1170 820 1271 883 penes
1286 797 1462 878 horizonta
1465 820 1477 873 5

323 914 402 969 tunc
425 907 513 968 enirn
536 908 626 988 quod
650 915 737 970 esset
758 906 867 971 oriens
890 906 986 969 unius
1008 905 1190 970 horizontis
1213 913 1300 967 esset
1322 901 1478 965 occidens

322 1009 456 1072 alterius
471 1008 660 1088 horizontis,
676 1020 710 1075 et
726 1011 873 1074 medium
893 1010 974 1092 ejus.

153 1127 310 1204 peremine-
368 1112 414 1178 Et
440 1115 626 1178 notandum
652 1115 743 1196 quod
769 1135 882 1178 verum
910 1114 1062 1178 occidens
1088 1122 1123 1176 et
1145 1112 1253 1176 oriens
1277 1111 1341 1173 sub
1363 1107 1478 1190 aequi·

152 1194 281 1324 ἷᾞὲἱῗξὼ
324 1215 458 1280 noctiali
486 1217 608 1281 circulo
634 1228 693 1290 est,
721 1227 757 1281 ut
784 1219 911 1282 dictum
938 1227 1008 1281 est:
1041 1227 1075 1280 et
1098 1217 1162 1281 hoc
1184 1229 1234 1279 est
1257 1215 1300 1278 ad
1324 1212 1479 1276 ultimum

154 1325 204 1402 and
323 1320 506 1384 habitabile
528 1321 691 1385 ulterioris
717 1322 902 1404 Hispaniae
926 1341 985 1404 pro
1008 1322 1179 1386 occidente
1201 1330 1235 1383 et
1257 1319 1300 1382 ad
1325 1317 1478 1395 ultimum

152 1389 264 1441 laurada.
325 1424 440 1488 Indiae
459 1425 622 1489 ulterioris
646 1445 704 1507 pro
725 1428 861 1488 oriente.
908 1425 945 1490 Si
968 1426 1068 1507 igitur
1087 1424 1243 1488 volumus
1262 1441 1392 1486 sumere
1412 1407 1480 1483 dis·

323 1528 464 1593 tantiam
495 1528 638 1592 civitatis
668 1527 712 1593 ab
742 1530 916 1593 occidente
946 1550 1031 1593 nunc
1062 1530 1154 1592 dicto
1185 1527 1344 1591 ducemus
1377 1543 1478 1587 unam

324 1631 444 1695 lineam
475 1633 519 1696 ab
548 1631 613 1696 hoc
642 1633 813 1697 occidente
846 1634 1125 1715 aequidistantem
1157 1631 1294 1707 civitati,
1322 1638 1357 1692 et
1379 1628 1481 1691 'linea

325 1736 508 1818 intercepta
527 1736 611 1801 inter
631 1738 798 1801 civitatem
814 1748 849 1802 et
864 1738 988 1801 dictam
1011 1737 1287 1819 aequidistantem
1307 1731 1479 1814 denotabit

325 1839 567 1923 longitudinem
599 1840 669 1923 ejus
695 1843 738 1906 ab
766 1843 945 1907 occidente.
993 1843 1039 1907 Et
1064 1842 1215 1906 similiter
1244 1840 1384 1903 ducatur
1413 1856 1480 1900 una

324 1944 410 2008 linea
437 1945 480 2008 ab
509 1943 639 2027 Arym¹
666 1947 799 2011 civitate
826 1947 858 2009 in
887 1947 999 2010 medio
1026 1946 1139 2010 mundi
1169 1943 1338 2026 usquead
1365 1939 1481 2025 polum

325 2051 493 2124 arcticum,
509 2061 544 2114 et
566 2051 609 2113 ab
632 2069 671 2114 ea
695 2051 835 2115 ducatur
857 2051 946 2114 linea
969 2060 1058 2115 recta
1076 2070 1181 2132 usque
1198 2049 1378 2124 civitatem,
1394 2063 1481 2126 quae

325 2156 454 2218 notabit
475 2155 669 2219 distantiam
692 2156 835 2220 civitatis
857 2178 878 2220 a
902 2157 1012 2220 medio
1036 2155 1160 2219 mundi.
1206 2153 1275 2218 Sed
1300 2151 1481 2233 aliquando

325 2260 485 2342 accipitur
506 2260 664 2324 distantia
687 2261 732 2324 ab
754 2261 926 2324 occidente
948 2269 1100 2342 respectu
1122 2258 1199 2322 finis
1224 2255 1415 2322 habitabilis
1445 2254 1480 2316 in

325 2364 451 2428 directo
478 2363 565 2427 illius
591 2363 754 2428 civitatis:
785 2375 819 2429 et
845 2366 923 2447 quia
950 2363 1014 2428 hoe
1039 2363 1185 2428 variatur
1210 2359 1346 2424 infinitis
1372 2358 1481 2423 modis

325 2468 415 2549 apud
450 2469 597 2532 diversos
633 2468 831 2544 habitantes,
862 2469 1007 2532 variatur
1041 2467 1189 2550 sumptio
1224 2464 1480 2548 longitudinum.

327 2569 395 2634 Sed
419 2571 535 2634 melior
557 2573 707 2655 acceptio
730 2582 782 2636 est
805 2573 847 2636 ab
870 2573 1041 2637 occidente
1062 2571 1125 2635 sub
1143 2568 1387 2653 aequinoctiali,
1401 2568 1481 2648 quia

326 2674 390 2739 hoc
422 2685 473 2739 est
503 2697 569 2739 uno
601 2677 713 2741 modo.
761 2677 806 2740 Et
835 2677 914 2761 quia
944 2677 1082 2741 aliarum
1113 2675 1285 2741 civitatum
1312 2694 1333 2736 a
1358 2673 1481 2736 Toleto

326 2778 551 2861 longitudines
574 2789 608 2843 et
630 2780 823 2845 latitudines
846 2802 913 2845 non
936 2782 1147 2845 inveniuntur
1171 2789 1395 2863 congregatae
1419 2775 1482 2840 nisi

327 2884 360 2946 in
383 2884 445 2947 hac
469 2882 594 2959 tabula,
617 2884 691 2947 ideo
714 2895 846 2949 secutus
868 2906 942 2949 sum
966 2906 1041 2950 eam
1064 2886 1097 2948 in
1119 2885 1182 2949 hac
1208 2893 1312 2968 parte.
1358 2880 1482 2963 Quam·

328 3008 429 3069 quarn
451 2987 556 3068 major
573 2988 738 3053 certitudo
759 2990 953 3071 requiratur,
968 2991 1047 3073 quia
1069 2990 1216 3054 nondum
1232 2987 1323 3070 apud
1341 2986 1483 3049 Latinos

328 3092 527 3157 certificatae
562 3103 639 3156 sunt
675 3092 903 3178 longitudines
940 3104 975 3159 et
1007 3094 1202 3158 latitudines
1238 3093 1410 3156 civitatum
1447 3100 1481 3153 et

328 3197 523 3280 regionum;
554 3218 614 3263 nec
636 3218 782 3282 unquam
806 3198 1073 3264 certificabuntur
1093 3198 1155 3262 nisi
1182 3217 1241 3281 per
1262 3195 1481 3279 apostolicam

327 3304 558 3367 auctoritatem
580 3303 633 3367 vel
657 3303 876 3385 imperialem,
892 3313 949 3367 aut
974 3325 1033 3386 per
1052 3301 1213 3366 auxilium
1235 3300 1374 3382 alicujus
1396 3298 1482 3381 regis

330 3407 441 3489 magni
472 3407 660 3489 praebentis
692 3408 1002 3491 philosophantibus
1032 3406 1244 3490 adjutorium.
1290 3404 1482 3469 Secundum
1506 3387 1576 3453 s'

329 3512 428 3595 igitur
454 3512 625 3593 praedicta
652 3524 860 3595 praesentem
889 3513 992 3576 affero
1017 3512 1274 3595 descriptionem
1301 3510 1335 3571 in
1364 3507 1481 3573 albiori

328 3627 423 3698 parte
442 3614 568 3699 pellis²‚
586 3618 641 3680 ubi
662 3619 812 3683 civitates
834 3628 990 3681 notantur
1005 3638 1064 3700 per
1084 3615 1223 3681 circulos
1244 3614 1380 3692 rubros;
1403 3633 1482 3676 nam

329 3722 362 3783 in
388 3719 453 3783 alia
475 3730 568 3804 parte
595 3722 689 3803 pellis
715 3722 781 3785 alia
807 3722 987 3805 descriptio
1016 3721 1136 3803 poterit
1162 3718 1321 3801 assignari
1347 3727 1483 3800 propter

328 3823 529 3887 evidentiam
561 3824 721 3906 majorem
750 3827 898 3889 locorum
931 3825 1055 3888 mundi.
1111 3824 1156 3886 Et
1186 3822 1271 3885 hanc
1301 3823 1482 3885 secundam

328 3927 581 4011 descriptionem
600 3930 690 3993 addo
705 3940 840 4013 propter
856 3948 1022 3994 summam
1039 3927 1216 3991 utilitatem
1233 3926 1390 3991 locorum.
1477 3994 1516 4011 ..-

157 4044 230 4093 More
375 4031 543 4116 Quoniam
560 4033 659 4113 igitur
676 4035 821 4099 locorum
839 4035 954 4097 mundi
977 4033 1174 4116 cognitionis
1191 4032 1339 4094 maxima
1357 4029 1483 4093 utilitas

156 4116 302 4225 {ffiffiffi
330 4146 391 4217 est,
425 4138 501 4201 ideo
536 4137 635 4202 aliam
672 4139 930 4221 descriptionem
969 4145 1102 4221 oportet
1140 4134 1258 4200 afferri.
1305 4134 1394 4197 Nam
1432 4153 1484 4196 res

156 4239 246 4290 nonos
329 4243 444 4306 mundi
466 4242 540 4307 sciri
562 4264 627 4305 non
652 4254 790 4325 possunt
806 4244 866 4307 nisi
887 4263 946 4325 per
969 4242 1121 4306 notitiam
1143 4240 1289 4304 locorum
1306 4238 1338 4301 in
1363 4237 1484 4320 quibus

361 4421 368 4451 ¹
387 4421 419 4471 Ο.
433 4421 481 4470 bns
492 4422 525 4471 ab
535 4438 596 4471 arcu
609 4422 726 4483 civitatis,
738 4422 826 4470 which
839 4422 860 4469 is
872 4421 969 4482 clearly
980 4435 1080 4482 wrong.
1115 4418 1168 4468 See
1180 4425 1242 4467 note
1254 4434 1288 4467 on
1301 4433 1325 4479 p.
1338 4431 1396 4478 310.

360 4498 370 4527 ¹
385 4499 506 4549 Another
518 4500 651 4550 reference
663 4507 690 4549 to
702 4500 746 4550 the
759 4500 810 4549 lost
822 4515 881 4563 msp
894 4500 1017 4548 included
1035 4499 1061 4547 in
1079 4498 1124 4547 the
1136 4497 1255 4560 writings
1272 4504 1332 4546 sent
1348 4497 1383 4558 by
1396 4495 1484 4545 Bacon

329 4588 357 4628 to
368 4578 412 4627 the
426 4578 505 4641 Pope.
