3575 5375
385 649 735 710 MATHEMATICAE
758 649 810 707 IN
831 647 1036 708 PHYSICIS
1063 647 1269 708 UTILITAS.
1346 661 1403 724 115

251 837 331 880 casu
349 839 371 880 a
385 817 404 880 b
418 815 462 880 ad
476 816 626 879 densum.
662 814 752 896 Ergo
768 834 827 897 per
838 815 974 878 eosdem
989 813 1109 877 redibit
1126 814 1237 878 radius
1252 813 1403 889 reflexus,

251 930 286 985 et
307 921 383 984 ideo
403 921 436 983 in
454 920 573 984 ecdem
589 917 671 983 loco.
718 917 784 981 Sed
809 918 897 980 linea
915 938 1068 1001 acquae
1087 918 1176 983 cadit
1191 919 1234 982 ad
1250 916 1404 1001 obliquos

253 1025 399 1108 angulos,
414 1034 448 1089 et
467 1045 532 1088 non
554 1021 877 1107 perpendiculariter,
896 1042 964 1087 non
985 1023 1071 1087 redit
1094 1023 1126 1086 in
1150 1045 1186 1087 se
1208 1024 1325 1108 ipsam,
1344 1018 1401 1087 sed

253 1129 421 1212 usquead
448 1127 479 1205 d,
503 1137 639 1212 propter
664 1126 898 1211 aequalitatem
925 1127 1122 1210 angulorum
1145 1127 1343 1193 incidentiae
1370 1136 1404 1190 et

253 1232 451 1297 reflexionis.
497 1231 860 1316 Quandocunquevero
875 1231 966 1295 cadit
982 1230 1091 1296 radius
1105 1232 1148 1295 ad
1165 1231 1306 1316 angulos
1320 1231 1404 1296 obli·

252 1358 345 1420 quos,
362 1347 442 1402 tunc
459 1337 601 1419 angulus
621 1345 737 1402 acutus
751 1346 889 1401 vocatur
906 1334 1048 1422 angulus
1069 1336 1287 1414 incidentiae3
1310 1347 1344 1401 et
1361 1337 1406 1400 ab

253 1440 310 1505 illo
342 1442 465 1506 obtuso
497 1441 620 1526 angulo
650 1450 822 1523 separatur
846 1461 906 1524 per
918 1440 1042 1504 lineam
1075 1440 1236 1506 reflexam
1266 1442 1406 1526 angulus

254 1544 402 1629 aequalis
417 1546 537 1630 angulo
550 1545 755 1624 incidentiae,
767 1545 823 1628 qui
834 1545 976 1628 angulus
984 1545 1173 1610 continetur
1188 1549 1274 1614 inter
1284 1548 1405 1611 lineam

254 1649 412 1715 reflexam
425 1662 460 1715 et
469 1652 618 1726 densum,
629 1659 667 1714 ut
679 1660 730 1714 est
742 1649 881 1732 angulus
892 1648 919 1713 d
929 1671 946 1714 c
953 1669 990 1732 g,
1001 1660 1036 1715 et
1051 1651 1106 1717 hic
1116 1663 1253 1717 vocatur
1266 1653 1407 1736 angulus

255 1753 454 1828 reflexionis,
475 1775 574 1838 quem
598 1765 731 1839 oportet
753 1755 938 1819 necessario
958 1757 1092 1838 aequari
1116 1756 1240 1840 angulo
1263 1765 1364 1822 acuto
1385 1778 1407 1822 a

255 1869 349 1942 parte
375 1859 489 1938 altera,
512 1870 546 1923 et
567 1860 632 1924 hoc
661 1859 703 1922 ad
727 1859 834 1924 visum
856 1860 1040 1942 probamus
1062 1860 1096 1924 in
1119 1861 1270 1945 speculis.
1316 1862 1406 1926 Nam

255 1983 321 2027 nou
337 1984 514 2045 possumus
529 1963 641 2029 videre
657 1984 717 2037 res,
733 1964 794 2052 nisi
811 1964 927 2028 oculus
942 1966 985 2028 sit
1000 1965 1034 2027 in
1050 1967 1194 2030 termino
1208 1966 1407 2043 reflexionis,

257 2076 293 2130 ut
318 2068 345 2130 si
365 2068 481 2132 oculus
498 2069 542 2134 sit
557 2068 638 2145 ind,
653 2062 799 2163 videbit}
830 2077 864 2132 et
884 2069 910 2132 si
926 2090 1000 2142 non,
1016 2090 1082 2133 non
1097 2070 1224 2135 videbit
1239 2092 1299 2154 per
1313 2071 1406 2134 illum

256 2172 384 2236 radium
401 2173 571 2238 reflexum.
616 2173 661 2237 Et
678 2173 760 2238 haec
775 2182 855 2238 nota
870 2182 956 2252 sunt,
972 2185 1073 2256 atque
1088 2175 1313 2259 experientiae
1327 2176 1408 2238 satis

257 2275 425 2342 dabuntur
438 2279 482 2342 de
497 2277 561 2344 hoc
576 2279 608 2342 in
624 2279 848 2360 sequentibus.

302 2382 444 2448 Possunt
473 2394 584 2447 autem
612 2383 803 2466 congregari
833 2383 916 2446 radii
948 2381 1064 2446 infmiti
1096 2403 1156 2466 per
1185 2383 1407 2448 reflexionem.
1420 2389 1543 2507 Artivfieial

257 2485 343 2550 sicut
371 2507 431 2570 per
461 2487 781 2571 multiplicationem,
813 2497 851 2552 ut
881 2487 963 2552 fiant
992 2488 1239 2552 combustiones
1267 2474 1468 2552 validae.⁰⁰¹¹
1419 2474 1538 2588 mg,

259 2589 327 2654 Sed
347 2613 367 2654 a
386 2591 485 2675 plana
503 2591 676 2676 superficie
695 2611 761 2654 non
777 2602 917 2673 possunt
936 2591 1018 2655 radii
1035 2593 1227 2676 congregari
1243 2593 1276 2656 in
1292 2612 1404 2655 unum.
1420 2589 1534 2639 reflected

259 2696 337 2778 quia
363 2718 447 2761 unus
472 2698 566 2762 vadit
592 2700 636 2763 ad
663 2717 766 2762 unum
793 2697 913 2769 locum,
940 2710 975 2763 et
1000 2698 1084 2761 alius
1111 2699 1162 2807 ad
1169 2699 1291 2764 alium.
1335 2698 1408 2763 Nec
1420 2671 1485 2721 rayr

258 2822 279 2865 a
302 2821 454 2866 convexo
474 2801 632 2916 speculo;
662 2802 720 2871 sed
744 2822 764 2866 a
786 2822 933 2867 concavo
955 2783 1148 2885 sphaerico,
1161 2804 1352 2878 columnari,
1375 2783 1411 2867 et

262 2903 478 3023 pyramidali,
474 2883 643 2986 annulari,
656 2890 696 2970 ot¹
714 2907 809 2985 ovali,
826 2916 860 2973 ct
877 2907 924 2971 sic
944 2908 988 2971 de
1010 2908 1090 2972 aliis.
1136 2907 1173 2972 Si
1192 2930 1272 2991 ergo
1292 2928 1409 2991 specu·

260 3010 328 3073 lum
344 2999 524 3075 concav‘um
543 3011 750 3094 sphaericum
767 3013 809 3076 ad
826 3012 930 3076 solem
946 3024 1098 3095 ponatur,
1113 3022 1310 3077 concurrunt
1325 3013 1409 3075 radii

260 3112 408 3178 infiniti
398 3135 431 3178 m
454 3127 611 3200 punctum
636 3136 737 3179 unum
760 3138 819 3200 per
839 3115 1063 3181 reflexionem.
1109 3118 1155 3180 Et
1177 3117 1252 3181 ideo
1267 3125 1410 3201 oportet,

225 3302 229 3311 Ι
260 3227 297 3281 ut
319 3220 454 3303 speculo
477 3240 624 3284 concavo
647 3222 690 3284 ad
713 3221 816 3285 solem
844 3220 955 3303 posito
983 3221 1069 3301 ignis
1094 3222 1302 3295 accendatur,
1325 3221 1411 3284 sicut

259 3322 501 3388 diciturultimo
513 3326 684 3407 proposito
696 3324 817 3388 libride
826 3322 1015 3408 speculis‚et
1026 3324 1411 3389 ibidemdemonstratur.

261 3426 329 3491 Sed
352 3428 607 3493 instrumentum
634 3429 676 3492 ad
703 3428 768 3493 hoc
792 3428 917 3493 factum
942 3438 1029 3493 esset
1052 3428 1225 3513 pulchrum
1248 3427 1354 3506 valde,
1376 3437 1411 3493 et

261 3542 341 3596 tunc
356 3532 521 3597 videretur
536 3534 579 3597 ad
594 3532 737 3612 oculum,
752 3534 837 3598 sicut
858 3532 948 3615 prius
963 3533 1089 3598 dictum
1108 3542 1159 3598 est
1179 3534 1223 3598 de
1242 3532 1411 3597 fractione.

263 3636 364 3701 Unde
389 3636 415 3699 si
442 3634 534 3700 lieret
562 3636 732 3720 speculum
759 3638 802 3700 de
828 3636 970 3719 chalybe
995 3636 1095 3710 bono,
1119 3636 1172 3702 vel
1196 3638 1238 3701 de
1264 3646 1411 3721 argento,

261 3735 388 3803 facilius
411 3740 575 3806 accideret
598 3742 805 3817 combusti03
827 3743 886 3806 sed
909 3762 974 3807 una
995 3742 1181 3807 combustio
1203 3760 1271 3805 non
1294 3741 1333 3808 fit
1352 3762 1414 3825 per

262 3864 378 3909 omnes
408 3846 517 3909 radios
546 3847 703 3910 cadentes
734 3846 765 3910 iu
795 3848 943 3931 speculo,
965 3849 1023 3912 sed
1053 3868 1113 3931 per
1137 3846 1227 3912 solos
1256 3846 1330 3911 illos
1355 3848 1412 3929 qui

262 3949 386 4013 cadunt
408 3949 441 4013 iu
464 3950 758 4016 circumferentiam
780 3951 878 4015 unius
905 3951 1016 4015 circuli
1040 3954 1125 4016 circa
1152 3972 1251 4016 axem
1278 3951 1413 4035 speculi,

261 4054 339 4135 quia
369 4074 495 4133 omnes,
521 4054 578 4136 qui
605 4056 728 4120 cadunt
760 4056 791 4118 in
822 4076 887 4118 una
918 4055 1187 4129 circumferentia,
1214 4056 1340 4120 cadunt
1368 4056 1412 4119 ad

263 4155 403 4239 angulos
426 4160 589 4241 aequales,
612 4170 646 4224 et
669 4160 745 4224 ideo
768 4159 982 4224 reflectuntur
1003 4159 1047 4223 ad
1070 4170 1230 4243 punctum
1253 4180 1356 4224 unum
1379 4160 1413 4223 in

264 4280 339 4339 axe,
354 4263 432 4345 quia
454 4262 566 4346 anguli
589 4262 806 4328 reflexionum
830 4274 908 4329 sunt
928 4263 1090 4346 aequales,
1106 4274 1139 4327 et
1159 4264 1216 4347 qui
1236 4266 1360 4329 cadunt
1381 4264 1415 4326 in

264 4366 329 4430 alia
344 4366 564 4445 circulatione,
580 4370 718 4433 redeunt
733 4368 776 4431 ad
793 4368 882 4432 aliud
897 4378 1069 4450 punctum,
1083 4378 1117 4431 et
1132 4370 1188 4452 qui
1208 4370 1240 4430 in
1257 4368 1354 4432 tertia
1370 4367 1414 4432 ad

263 4470 408 4550 tertium,
435 4479 469 4536 et
499 4472 544 4535 sic
571 4473 614 4537 de
645 4471 777 4537 infinitis
803 4472 930 4537 circulis
959 4470 1175 4557 imaginandis
1200 4470 1285 4535 circa
1314 4490 1415 4535 axem

264 4575 408 4658 speculi:
436 4587 570 4660 oportet
596 4577 683 4641 enim
710 4578 800 4661 quod
826 4579 869 4643 ad
892 4586 1016 4660 puncta
1038 4576 1166 4641 diversa
1187 4577 1312 4640 vadant
1334 4572 1416 4638 radii

265 4681 423 4745 cadentes
448 4680 480 4743 in
507 4680 641 4746 diversis
667 4680 944 4759 circumferentiis,
971 4688 1108 4764 propter
1135 4679 1199 4744 hoc
1228 4679 1319 4762 quod
1349 4697 1417 4741 non

814 4798 863 4851 12
