3575 5375
352 602 680 693 PHILOSOPHIAE
704 634 795 693 CUM
817 634 1060 694 THEOLOGIA
1087 634 1327 694 AFFINITAS.
1382 650 1423 713 53

271 806 305 860 et
323 795 358 858 hi
378 796 446 860 duo
465 795 596 861 fuerunt
610 807 760 878 tempore
774 797 936 879 Judaicae
952 797 1167 881 captivitatis.
1214 797 1422 880 Augustinus

271 910 305 964 et
334 900 391 964 alii
422 901 573 964 similiter
601 902 804 965 concordant
833 901 868 964 in
898 902 971 966 hoc.
1024 901 1247 985 Anaxagoras
1279 923 1358 965 vero
1388 912 1422 965 et

272 1003 443 1088 Diogenes
471 1004 696 1069 Anaximenis
724 1005 894 1069 auditores
924 1006 1063 1080 suerunt,
1092 1014 1125 1069 et
1150 1006 1260 1069 eidem
1293 1025 1421 1069 succes·

270 1116 383 1171 serunt
407 1109 470 1171 sub
502 1108 606 1171 Dario
638 1108 821 1192 Hydaspis,
848 1108 942 1190 cujus
971 1129 1059 1173 anno
1084 1111 1229 1174 secundo
1258 1109 1421 1193 templum

271 1212 382 1294 coepit
397 1211 575 1276 aedificari.
620 1211 855 1297 Anaxagorae,
877 1223 914 1276 ut
933 1212 1014 1277 dicit
1030 1212 1248 1296 Augustinus,
1264 1214 1422 1277 successit

271 1314 456 1380 Archelaus
490 1316 562 1398 ejus
597 1317 789 1400 discipulus,
826 1316 920 1398 cujus
951 1318 1084 1382 auditor
1112 1317 1175 1381 luit
1209 1316 1422 1381 Democritus

270 1422 453 1485 secundum
484 1422 648 1487 Isidorum
679 1435 800 1487 octavo
830 1422 924 1486 libro.
974 1423 1020 1487 Et
1048 1422 1209 1496 Socrates,
1240 1424 1420 1487 secundum

273 1523 500 1608 Augustinum
527 1536 646 1591 octavo
673 1527 766 1607 libro,
793 1526 952 1590 Archelai
979 1527 1079 1591 luisse
1104 1526 1286 1610 discipulus
1313 1526 1422 1609 perhi-

271 1628 377 1694 betur.
437 1630 592 1696 Socrates
629 1640 740 1694 autem
771 1632 954 1695 secundum
987 1631 1112 1695 Bedam
1144 1642 1243 1695 natus
1273 1640 1323 1695 est
1359 1631 1422 1694 sub

272 1732 435 1812 Arthaba,
455 1736 511 1818 qui
539 1734 646 1799 Persis
672 1735 823 1818 regnavit
846 1736 1017 1799 mensibus
1041 1746 1178 1820 septem,
1200 1736 1252 1799 cui
1274 1736 1308 1798 in
1331 1735 1420 1798 idem

271 1858 410 1920 regnum
439 1839 598 1903 successit
627 1838 839 1903 Artaxerxes
873 1840 1111 1923 Longimanus,
1141 1841 1175 1904 in
1207 1839 1300 1921 cujus
1334 1860 1421 1903 anno

271 1942 414 2024 septimo
431 1942 555 2007 Esdras
570 1943 742 2007 descendit
763 1946 805 2006 de
826 1943 1007 2025 Babylone,
1026 1954 1060 2007 et
1077 1946 1151 2008 ideo
1172 1945 1269 2009 simul
1291 1943 1422 2007 suerunt
1476 2024 1478 2028 ι

273 2045 397 2109 Esdras
412 2055 446 2110 et
459 2046 624 2110 Socrates.
663 2045 729 2111 Sed
747 2049 836 2131 prior
850 2058 931 2111 natu
947 2048 1010 2112 fuit
1028 2048 1161 2123 Esdras‚
1174 2050 1259 2113 sicut
1274 2070 1319 2111 ex
1335 2068 1421 2112 nunc

271 2150 370 2213 dictis
390 2150 501 2215 claret.
548 2151 594 2217 Et
617 2151 695 2216 ideo
717 2152 797 2215 dicit
813 2150 1023 2234 Augustinus
1041 2153 1173 2216 decimo
1192 2162 1313 2216 octavo
1336 2152 1421 2215 libro

270 2256 314 2318 de
330 2252 476 2319 Ciuitate
491 2255 566 2331 Dei,
581 2257 671 2338 quod
687 2266 764 2338 post
782 2255 922 2319 Esdram
940 2255 1002 2319 suit
1019 2254 1183 2329 Socrates,
1196 2258 1247 2319 ie.
1259 2258 1423 2339 posterior

272 2369 361 2422 natu.
408 2359 496 2422 Nam
518 2361 653 2442 quando
669 2358 780 2422 flomit
800 2357 925 2422 Esdras
948 2360 1038 2441 apud
1061 2380 1171 2443 regem
1194 2359 1367 2423 Persamm
1387 2369 1421 2423 et

270 2462 425 2543 Judaeos‚
455 2474 535 2528 tunc
566 2462 721 2527 Socrates
751 2472 890 2526 exortus
917 2473 978 2527 est.
1024 2463 1091 2527 Hic
1119 2462 1274 2527 Socrates
1300 2463 1422 2527 dicitur

271 2576 368 2648 pater
393 2566 665 2649 philosophorum
691 2587 900 2649 magnorum,
916 2567 1073 2649 quoniam
1098 2566 1246 2632 Platonis
1269 2575 1302 2631 et
1325 2566 1422 2630 Aris-

271 2670 383 2735 totelis
398 2671 555 2754 magister
570 2670 641 2749 suit,
660 2693 681 2737 a
703 2672 823 2756 quibus
844 2693 962 2737 omnes
984 2681 1094 2737 sectae
1114 2670 1421 2756 philosophantium

271 2775 522 2842 descenderunt.
569 2777 666 2842 Plato
690 2777 835 2859 quidem,
860 2779 1044 2842 secundum
1070 2777 1195 2843 Bedam
1222 2778 1256 2840 in
1280 2786 1422 2841 tractatu

272 2878 388 2962 majori
409 2882 452 2945 de
472 2882 688 2965 temporibus,
703 2892 801 2946 natus
822 2892 874 2947 est
893 2882 956 2947 sub
980 2882 1161 2966 Sogdian0,
1176 2882 1232 2964 qui
1254 2881 1423 2944 mensibus

272 2996 399 3069 septem
429 2987 589 3070 regnavit,
619 2987 672 3051 cui
703 2987 861 3050 successit
892 2987 1014 3051 Darius
1047 2986 1245 3069 cognomine
1280 2984 1423 3058 Nothus‚

271 3109 463 3173 quanquam
493 3093 556 3154 sub
587 3092 706 3155 eodem
737 3090 843 3154 Dario
873 3091 966 3154 Beda
997 3091 1029 3153 in
1061 3091 1179 3154 eodem
1210 3099 1352 3154 tractatu
1380 3091 1423 3153 de

271 3193 476 3275 temporibus
492 3196 614 3259 scribat
629 3204 744 3259 natum
761 3214 834 3259 esse
849 3193 1031 3258 Platonem.
1075 3193 1143 3258 Sed
1160 3193 1193 3257 in
1209 3193 1264 3256 illo
1280 3203 1422 3256 tractatu

272 3307 404 3381 tempus
431 3296 602 3380 Sogdiani,
632 3299 711 3381 quia
738 3299 907 3363 modicum
939 3298 1011 3372 tuit,
1038 3307 1212 3378 computat
1238 3295 1300 3360 sub
1324 3315 1424 3378 regno

273 3401 376 3466 Darii.
436 3401 525 3465 Nam
556 3404 730 3467 continuat
767 3422 842 3465 eum
873 3421 950 3464 cum
979 3401 1174 3465 Artaxerxe
1205 3400 1423 3482 Longiman0.

235 3570 241 3582 ,
272 3506 440 3570 Nascente
463 3526 542 3569 vero
565 3505 712 3582 Platone,
734 3506 960 3588 Hippocrates
980 3505 1134 3577 medicus,
1160 3514 1197 3568 ut
1214 3493 1297 3568 dicit
1320 3502 1421 3576 Beda,

272 3610 413 3674 habetur
432 3609 576 3693 insignis,
593 3621 627 3674 et
650 3611 714 3676 hoc
735 3622 886 3692 tempore
910 3609 1134 3692 Empedocles
1156 3619 1190 3672 et
1212 3608 1423 3673 Parmenides

272 3715 397 3778 inventi
412 3724 509 3790 sunt3
532 3717 590 3778 sed
608 3714 704 3778 Plato
720 3714 892 3780 Socratica
908 3715 1016 3797 primo
1032 3713 1215 3788 addiscens,
1234 3722 1268 3777 et
1284 3733 1423 3795 eaquae

273 3817 401 3882 Graeca
423 3816 564 3893 suerunt,
581 3817 777 3902 Aegyptum
800 3820 909 3902 petiit,
927 3821 970 3882 ad
987 3817 1177 3900 Archytam
1193 3817 1424 3892 Tarentinum,

272 3931 307 3985 et
333 3921 511 3986 Timaeum
534 3923 790 3987 laboriosissime
816 3923 1013 4007 peragravit,
1034 3933 1071 3985 ut
1092 3922 1173 3986 dicit
1195 3922 1423 4005 Hieronymus

272 4026 316 4089 ad
334 4025 517 4091 Paulinum.
564 4027 609 4092 Et
624 4039 741 4092 contra
762 4027 922 4091 Rufinum
946 4027 1059 4091 scribit
1082 4026 1316 4108 Hieronymus,
1332 4027 1422 4110 quod

274 4128 369 4193 Plato
391 4141 468 4212 post
489 4131 711 4195 Academiam
734 4142 768 4195 et
791 4130 1045 4195 innumerabiles
1071 4130 1251 4213 discipulos
1277 4132 1423 4196 sentiens

274 4233 417 4298 multum
440 4235 556 4298 deesse
577 4256 657 4300 suae
677 4236 854 4312 doctrinae,
876 4235 969 4298 venit
991 4236 1033 4299 ad
1054 4235 1214 4318 Magnam
1239 4234 1423 4310 Graeciam,

274 4339 385 4422 ibique
399 4341 442 4403 ab
459 4338 613 4421 Archyta
628 4340 810 4403 Tarentino
825 4340 983 4417 eruditus,
1004 4338 1202 4422 elegantiam
1220 4349 1254 4403 et
1274 4337 1421 4421 leporem

273 4463 350 4506 cum
374 4443 565 4527 hujusmodi
590 4442 721 4508 miscuit
750 4443 926 4525 discipulis.
981 4443 1027 4507 Et
1056 4444 1118 4506 iste
1146 4442 1242 4506 Plato
1268 4441 1423 4506 omuibus

273 4546 482 4631 philosophis
503 4547 684 4612 antefertur
704 4549 886 4612 secuudum
910 4556 1053 4625 sanctos,
1076 4546 1233 4630 quoniam
1253 4545 1324 4627 ejus
1347 4544 1422 4608 libri

273 4648 317 4712 ad
350 4669 465 4713 eorum
498 4669 616 4712 manus
650 4649 865 4723 devenerunt,
896 4658 930 4713 et
955 4648 1034 4730 quia
1061 4647 1240 4710 sententias
1268 4646 1312 4709 de
1347 4643 1423 4709 Deo
