3575 5375
435 651 786 711 MATHEMATICAE
810 654 861 710 IN
883 654 1054 713 DIVINIS
1081 655 1288 714 UTILITAS.
1379 653 1434 714 181

284 809 438 887 difficilia,
462 833 595 878 necesse
621 825 671 878 est
701 814 896 897 theologum
925 817 1008 881 scire
1037 817 1202 882 coelestia.
1262 818 1435 882 Praeterea

285 935 359 978 cum
384 936 492 979 rerum
515 918 712 1001 magnitudo
735 921 859 984 excitet
884 940 944 982 nos
966 922 1007 984 ad
1032 922 1247 985 reverentiam
1270 923 1435 999 creatoris

282 1029 315 1082 et
332 1039 397 1082 non
413 1031 463 1083 est
479 1023 681 1103 comparatio
696 1043 804 1085 rerum
822 1023 1009 1087 inferiorum
1028 1025 1072 1088 ad
1093 1025 1286 1089 coelestium
1304 1025 1433 1108 magni·

284 1125 444 1198 tudinem,
457 1134 538 1187 tunc
553 1127 700 1208 cognitio
716 1127 903 1190 inferiorum
920 1148 987 1190 non
1002 1128 1140 1193 habebit
1151 1129 1434 1212 comparationem

284 1229 487 1307 superiorum
508 1240 658 1311 respectu
674 1229 756 1303 finis,
772 1231 828 1313 qui
847 1241 898 1293 est
918 1231 990 1296 laus
1011 1241 1045 1295 et
1066 1235 1248 1296 reverentia
1271 1234 1447 1297 creatoris.-

286 1331 377 1394 Dicit
389 1334 477 1396 enirn
490 1333 663 1398 Avicenna
676 1335 708 1397 in
722 1355 808 1398 nono
819 1335 1081 1417 Metaphysicae‚
1094 1340 1101 1366 ‘
1112 1339 1202 1420 quod
1212 1358 1252 1401 ea
1263 1357 1348 1419 quae
1360 1348 1436 1400 sunt

284 1437 346 1499 sub
364 1437 486 1500 circulo
505 1439 603 1503 lunae
625 1451 702 1502 sunt
727 1460 810 1521 pene
834 1440 914 1503 nihil
938 1443 1188 1525 comparatione
1208 1461 1333 1517 eorum,
1349 1461 1436 1523 quae

285 1551 360 1603 sunt
375 1539 495 1622 supra'
541 1542 587 1607 Et
604 1542 813 1608 Ptolemaeus
829 1545 974 1608 ostendit
991 1546 1024 1608 in
1040 1544 1240 1627 Almagesto
1261 1555 1296 1608 et
1320 1565 1437 1609 omnes

284 1646 393 1708 sciunt
408 1648 600 1722 astronomi,
615 1649 705 1728 quod
722 1658 792 1711 tota
808 1657 896 1711 terra
910 1669 985 1712 cum
1001 1651 1158 1714 omnibus
1180 1649 1385 1714 inferioribus
1401 1671 1436 1714 se

285 1748 385 1812 habet
404 1760 553 1833 respectu
570 1752 653 1814 coeli
671 1753 758 1815 sicut
778 1764 926 1816 centrum
946 1755 991 1817 ad
1012 1753 1321 1818 circumferentiam.
1368 1754 1436 1819 Sed

285 1864 432 1916 centrum
455 1855 646 1920 nonhabet
669 1856 813 1938 aliquam
836 1859 1072 1939 quantitatem.
1118 1858 1334 1943 Quapropter
1355 1879 1435 1923 con-

284 1959 435 2022 similiter
464 1959 666 2023 concludunt
695 1963 738 2025 de
768 1971 856 2025 terra
881 1971 1032 2044 respectu
1056 1962 1149 2036 coeli,
1176 1962 1253 2027 licet
1276 1963 1310 2026 in
1336 1983 1372 2027 se
1394 1964 1437 2026 sit

284 2081 424 2145 magnae
439 2065 645 2145 quantitatis,
685 2064 732 2128 Et
748 2065 884 2128 minima
899 2066 1069 2130 stellarum
1085 2067 1165 2130 visu
1177 2067 1384 2142 notabilium,
1399 2077 1437 2130 ut

284 2167 363 2231 dicit
387 2166 589 2250 Alfraganus
612 2169 645 2230 in
669 2169 829 2251 principio
852 2170 902 2231 sui
925 2170 1009 2241 libri,
1032 2181 1082 2235 est
1108 2169 1216 2250 major
1240 2181 1350 2246 terra3
1377 2173 1435 2234 sed

285 2273 421 2334 minima
444 2272 615 2335 stellarum
640 2284 790 2354 respectu
814 2274 896 2336 coeli
919 2293 984 2337 non
1011 2273 1115 2337 habet
1137 2276 1371 2356 quantitatem,
1392 2277 1436 2338 de

284 2395 349 2458 qua
368 2376 411 2438 sit
428 2376 488 2440 vis.
537 2377 679 2440 Etcum
704 2397 747 2439 ex
771 2388 889 2440 octavo
913 2376 1102 2460 Almagesti
1127 2389 1160 2440 et
1183 2399 1227 2441 ex
1250 2378 1436 2460 Alsragano

285 2489 420 2561 pateant
436 2501 496 2544 sex
511 2480 681 2544 stellarum
698 2479 839 2544 fixarum
856 2483 1112 2564 magnitudines,
1122 2482 1290 2564 quaelibet
1307 2483 1435 2545 illarum

283 2603 369 2665 quae
392 2595 468 2648 sunt
495 2586 528 2648 in
553 2586 659 2668 prima
683 2587 922 2669 magnitudine,
939 2597 989 2651 est
1012 2587 1160 2670 aequalis
1178 2596 1286 2649 terrae
1305 2587 1436 2650 circiter

284 2690 405 2753 centies
417 2702 451 2753 et
463 2691 594 2773 septies.
623 2691 668 2755 Et
680 2691 809 2754 illarum
822 2692 991 2773 quaelibet
1002 2702 1176 2774 quaesunt
1187 2694 1221 2754 in
1233 2702 1331 2756 sexta
1343 2712 1436 2774 mag·

283 2794 441 2871 nitudine,
456 2806 507 2858 est
529 2795 677 2877 aequalis
700 2806 807 2859 terrae
827 2797 939 2859 decies
960 2798 1071 2861 octies.
1119 2797 1165 2860 Et
1180 2796 1230 2859 sol
1246 2805 1298 2860 est
1312 2797 1435 2859 centies

285 2899 474 2981 septuagies
504 2898 571 2963 sere
601 2898 708 2981 major
734 2910 808 2964 tota
838 2910 936 2978 terra,
961 2903 1046 2965 sicut
1077 2902 1199 2983 probat
1227 2900 1437 2963 Ptolemaeus

283 3005 401 3086 quinto
417 3002 616 3085 Almagesti.
662 3004 707 3067 Et
722 3006 903 3068 secundum
919 3025 996 3069 eum
1015 3026 1079 3068 una
1094 3004 1192 3068 stella
1206 3024 1272 3068 non
1288 3004 1435 3086 complet

283 3119 410 3173 motum
427 3128 522 3171 suum
535 3108 638 3171 semel
651 3109 682 3171 in
696 3109 832 3173 circuitu
845 3110 930 3172 coeli
943 3109 1004 3171 nisi
1018 3110 1051 3173 in
1063 3110 1201 3191 triginta
1213 3129 1275 3171 sex
1288 3108 1435 3170 millibus

282 3232 443 3275 annorum
456 3222 591 3295 propter
604 3210 685 3276 coeli
700 3214 1061 3295 magnitudinen1,cum
1073 3224 1185 3276 tamen
1196 3210 1293 3276 stella
1305 3231 1435 3275 movea-

282 3328 336 3380 tur
351 3316 534 3380 incredibili
552 3316 736 3380 velocitate.
783 3316 850 3380 Sed
873 3326 960 3380 terra
983 3326 1055 3379 tota
1077 3325 1191 3399 posset
1213 3314 1435 3398 perambulari

269 3419 366 3493 ¹inira
379 3429 445 3482 tres
457 3438 569 3481 annos.
602 3418 814 3502 Quapropter
831 3420 1028 3501 magnitudo
1043 3418 1235 3482 inferiorum
1251 3438 1317 3482 non
1332 3418 1436 3482 habet

283 3523 565 3605 comparationem
580 3525 623 3586 ad
639 3521 804 3586 coelestia.
849 3523 1010 3588 Similiter
1024 3543 1085 3587 nec
1100 3523 1246 3600 utilitas;
1268 3523 1347 3605 quia
1362 3534 1435 3587 tota

283 3628 407 3691 utilitas
431 3626 620 3690 inferiorum
644 3638 799 3691 causatur
828 3648 872 3691 ex
902 3628 1137 3711 superioribus.
1184 3627 1321 3709 Duplex
1347 3629 1435 3692 enim

283 3732 397 3797 allatio
425 3732 504 3794 solis
528 3732 589 3795 sub
613 3732 749 3814 obliquo
772 3732 893 3796 circulo
917 3752 993 3796 cum
1015 3733 1205 3816 aspectibus
1226 3732 1435 3815 planetarum

283 3846 333 3900 est
349 3856 447 3900 causa
462 3836 612 3899 omnium
627 3856 713 3920 quae
730 3837 811 3899 fiunt
828 3837 880 3900 hic
900 3836 1043 3901 inferius.

327 3940 364 4005 Si
394 3942 493 4022 igitur
522 3942 763 4005 descendamus
786 3943 830 4005 ad
857 3941 1014 4005 coelestia
1042 3942 1226 4007 secundum
1251 3941 1436 4005 considera·

283 4044 389 4106 tiones
411 4044 607 4125 theologiae,
623 4054 716 4128 patet
737 4047 827 4127 quod
855 4045 1003 4130 theologi
1024 4054 1190 4128 quaerunt
1208 4045 1243 4109 in
1264 4045 1436 4109 sententiis

283 4157 317 4211 et
340 4148 535 4212 tractatibus
556 4168 654 4229 super
683 4150 872 4227 sententias
894 4170 938 4213 an
962 4149 1060 4214 orbes
1082 4151 1243 4214 coelestes
1269 4150 1336 4213 sint
1357 4168 1436 4211 con-

282 4253 365 4315 tinui
381 4251 432 4315 vel
452 4252 660 4327 discontinui‚
677 4262 711 4315 et
730 4255 773 4317 de
789 4273 925 4317 numero
944 4252 1122 4333 coelorum,
1138 4254 1286 4317 maxime
1301 4260 1437 4334 propter

283 4376 406 4419 nonum
429 4366 463 4420 et
486 4356 664 4435 decimum,
686 4366 721 4419 et
743 4356 786 4419 de
808 4354 914 4439 figura
936 4378 1051 4422 eorum
1074 4370 1109 4422 et
1130 4356 1260 4423 circulis
1280 4353 1436 4437 epicyclis

282 4470 316 4523 et
335 4461 535 4536 eccentricis‚
551 4472 585 4523 et
604 4461 753 4525 motibus
771 4462 804 4524 in
822 4460 894 4539 illis,
910 4463 1002 4525 etde
1017 4462 1211 4526 differentiis
1231 4459 1435 4543 positionum

284 4566 315 4627 in
340 4564 450 4641 coelis,
473 4574 510 4628 ut
531 4566 574 4627 de
595 4567 717 4630 dextro
739 4576 773 4630 et
796 4566 938 4640 sinistro,
960 4576 1038 4629 ante
1059 4576 1094 4630 et
1120 4576 1218 4639 retro,
1241 4576 1276 4627 et
1305 4582 1434 4625 sursum

283 4680 317 4733 et
341 4670 506 4746 deorsum,
529 4679 563 4732 et
589 4670 632 4732 de
668 4670 929 4753 proprietatibus
954 4668 1133 4746 coelorum,
1159 4678 1197 4731 ut
1226 4669 1269 4730 de
1299 4665 1372 4730 luce
1401 4677 1436 4728 et
