3575 5375
369 608 427 690 184
590 613 746 672 OPERIS
770 612 958 683 MAJORIS
983 611 1098 670 PARS
1122 611 1304 684 QUARTA.

366 774 446 837 ralia
462 773 648 857 significent
665 775 823 838 terminos
834 775 962 838 viarum
977 773 1198 856 spiritualium
1210 785 1246 838 et
1260 770 1518 837 convenientiam

367 875 515 942 locorum
554 879 781 961 spiritualium,
819 879 976 960 quoniam
1016 877 1109 941 locus
1145 878 1247 940 habet
1283 874 1520 960 proprietatem

367 982 566 1046 terminandi
585 991 710 1045 motum
729 981 866 1045 localem
889 991 923 1044 et
943 983 1106 1045 rationem
1122 981 1366 1058 continentiae;
1389 989 1425 1042 et
1446 979 1522 1040 idco

369 1086 507 1148 istorum
539 1085 686 1150 locorum
717 1087 861 1170 cognitio
891 1098 926 1149 et
964 1085 1092 1150 literam
1122 1086 1210 1162 facit,
1241 1095 1278 1148 ut
1308 1085 1434 1148 dictum
1461 1090 1522 1156 est,

369 1188 516 1273 intelligi,
527 1201 560 1253 ct
571 1191 643 1254 vias
659 1201 753 1273 parat
769 1191 811 1254 ad
828 1191 1063 1272 intelligentias
1076 1190 1283 1272 spirituales:
1307 1190 1398 1271 quod
1410 1185 1522 1249 multi-

370 1292 500 1376 pliciter
514 1294 728 1360 confirmatur
744 1315 803 1377 per
819 1296 911 1359 dicta
927 1304 960 1359 et
977 1294 1065 1358 facta
1081 1306 1114 1358 et
1131 1296 1256 1374 scripta
1271 1303 1468 1357 sanctorum.

416 1399 536 1472 Prim0‚
558 1402 637 1481 quia
658 1400 739 1463 dicit
770 1399 997 1481 Hieronymus
1023 1399 1055 1461 in
1079 1400 1218 1480 prologo
1241 1398 1377 1462 secundi
1402 1394 1524 1459 Parali-

370 1503 724 1585 pomenon,‘Sauctam
735 1503 931 1586 scripturam
942 1503 1082 1566 lucidius
1092 1500 1525 1584 intuebitur,quiJudaeam

370 1606 475 1671 oculis
505 1607 751 1690 contemplatus
780 1619 841 1686 est,
869 1619 903 1672 et
932 1609 1144 1689 antiquarum
1176 1609 1305 1671 urbium
1339 1605 1526 1678 memorias,

371 1711 587 1793 locorumque
624 1713 676 1775 vel
715 1713 832 1776 eadem
870 1711 1032 1777 vocabula
1061 1711 1113 1776 vel
1153 1723 1281 1776 mutata
1309 1706 1525 1794 cognoverit.’

373 1816 537 1890 Secunde,
562 1816 641 1899 quia
671 1817 903 1882 laboraverunt
933 1818 1040 1880 sancti
1069 1817 1102 1879 in
1127 1816 1272 1880 videndo
1301 1815 1375 1879 loca
1406 1812 1461 1876 illa
1491 1822 1527 1876 et

372 1921 616 1984 circumeundo.
664 1920 803 2003 Propter
822 1922 914 2004 quod
938 1922 1055 1985 beatus
1081 1917 1307 2002 Hieronymus
1327 1919 1409 1982 dicit
1431 1936 1527 2000 prae-

374 2024 464 2089 dicto
485 2023 632 2106 prologo,
658 2026 786 2088 ‘Nobis
811 2046 909 2089 curae
933 2025 994 2088 suit
1021 2045 1098 2089 cum
1119 2025 1349 2088 eruditissimis
1376 2022 1527 2086 Hebrae-

373 2147 468 2192 orum
490 2129 577 2192 hunc
594 2129 741 2193 laborem
757 2131 875 2208 subire,
888 2140 925 2193 ut
935 2131 1181 2194 circumiremus
1196 2129 1410 2213 provinciam,
1425 2145 1528 2208 quarn

375 2233 545 2296 universae
564 2233 685 2296 Christi
703 2233 873 2298 Ecclesiae
888 2230 1028 2298 sonant!
1074 2233 1151 2297 Hoc
1170 2244 1283 2296 autern
1302 2252 1369 2295 non
1386 2231 1529 2300 fecisset,

375 2336 434 2398 nisi
459 2347 593 2419 propter
615 2357 780 2401 sacrarum
804 2338 973 2402 literarum
996 2338 1256 2420 intelligentiam.
1302 2337 1427 2409 Tertio,
1450 2333 1531 2414 quia

376 2441 476 2504 libros
508 2441 631 2504 multos
656 2443 787 2524 scripsit
816 2444 859 2506 de
888 2441 969 2506 locis
997 2443 1121 2519 mundi,
1146 2442 1339 2505 distantiam
1366 2451 1400 2503 et
1427 2440 1530 2502 situm

377 2563 493 2606 eorum
510 2557 543 2608 et
559 2557 706 2608 caeteras
722 2547 929 2609 conditiones
945 2566 1068 2628 magna
1081 2547 1280 2609 certitudine
1294 2545 1530 2608 determinans.

378 2646 517 2712 Orosius
536 2650 694 2713 etiamad
711 2649 938 2733 Augustinum
958 2650 1040 2716 haec
1062 2649 1134 2715 loca
1157 2651 1300 2715 mirabili
1322 2648 1469 2713 utilitate
1490 2665 1531 2711 ac

378 2752 504 2817 sincera
519 2754 657 2817 veritate
673 2756 818 2835 explicat
834 2756 1011 2819 evidenter.
1051 2756 1197 2819 isidorus
1208 2765 1322 2819 autem
1335 2756 1369 2817 in
1381 2753 1532 2836 pluribus

379 2854 460 2919 locis
480 2857 630 2937 regiones
652 2869 686 2921 et
706 2859 855 2923 civitates
875 2860 998 2934 utilius,
1014 2862 1042 2922 si
1061 2869 1172 2943 potest
1190 2861 1266 2937 dici,
1281 2879 1383 2942 quam
1406 2859 1534 2940 priores

379 2960 586 3023 determinat.
641 2960 854 3026 Cassiodorus
880 2972 992 3026 autem
1019 2964 1211 3027 inelimata
1237 2964 1442 3044 distinguere
1464 2980 1532 3024 non

379 3063 513 3127 omittit.
561 3064 727 3128 Eusebius
742 3065 844 3130 etiam
864 3066 1097 3142 Caesariensis,
1114 3079 1150 3132 ut
1170 3079 1282 3130 narrat
1306 3067 1536 3146 Hieronymus

380 3168 412 3229 in
443 3166 527 3230 libro
564 3169 606 3231 de
641 3168 731 3249 locis,
761 3180 837 3252 post
876 3170 1139 3255 chirographiam
1169 3181 1276 3234 terrae
1312 3172 1461 3254 Judaeae
1502 3180 1536 3232 et

379 3271 551 3335 distinctas
574 3273 717 3337 tribuum
738 3284 844 3337 sortes
866 3276 970 3358 ipsius
990 3295 1124 3358 quoque
1144 3276 1329 3357 Jerusalem
1351 3275 1538 3358 templique

380 3374 413 3437 in
444 3396 483 3438 ea
512 3396 587 3439 cum
619 3378 811 3441 brevissima
839 3379 1050 3461 expositione
1076 3380 1240 3461 picturam
1270 3381 1314 3444 ad
1344 3389 1536 3443 extremum

381 3478 555 3556 laboravit,
579 3491 616 3543 ut
643 3493 856 3563 congregaret
889 3483 985 3546 nobis
1011 3484 1055 3545 de
1077 3504 1171 3547 sacra
1196 3485 1359 3567 scriptura
1386 3483 1537 3547 omnium

381 3601 467 3663 pene
490 3583 630 3659 urbium,
654 3588 826 3662 montium,
848 3585 1032 3664 fluminum,
1054 3587 1248 3663 viculorum,
1270 3596 1305 3650 et
1328 3588 1537 3651 diversorum

382 3684 529 3747 locorum
553 3688 725 3762 vocabula,
746 3709 831 3769 quae
854 3690 907 3753 vel
927 3690 1044 3753 eadem
1066 3702 1201 3755 manent
1217 3691 1269 3754 vel
1291 3692 1470 3754 immutata
1486 3687 1540 3751 vel

382 3785 494 3867 aliqua
510 3807 553 3848 ex
569 3801 663 3870 parte
678 3803 839 3873 corrupta
871 3792 1032 3875 Origenes
1047 3795 1181 3876 quidem
1193 3796 1424 3859 Adamantius
1439 3814 1541 3877 super

385 3888 522 3969 Josuam
552 3890 583 3952 in
613 3892 770 3974 originali,
795 3896 881 3958 sicut
911 3907 945 3960 et
971 3897 1005 3960 in
1030 3898 1142 3980 glossa
1174 3919 1275 3982 super
1305 3899 1389 3961 xviii
1414 3898 1541 3980 Josuae

385 3992 545 4070 recitatur,
567 3993 703 4076 loquens
724 3998 766 4061 de
788 3999 1001 4063 multitudine
1019 4001 1167 4064 locorum
1183 4003 1215 4065 in
1232 4002 1395 4084 scriptura
1409 4002 1540 4084 posito-

385 4114 468 4170 rum,
483 4105 516 4157 et
531 4098 615 4159 inter
629 4109 776 4164 caeteras
793 4101 908 4165 laudes
928 4103 1075 4167 locomm
1095 4104 1246 4182 istorum,
1259 4106 1306 4169 sic
1321 4126 1383 4169 nos
1398 4104 1542 4187 alloqui·

385 4206 448 4275 tur,
472 4197 595 4277 dicens,
616 4201 689 4265 ‘Ne
714 4223 789 4267 cum
818 4204 950 4270 fastidio
970 4208 1052 4270 haec
1079 4210 1207 4291 legatis,
1232 4220 1267 4273 et
1291 4209 1418 4291 putetis
1439 4209 1542 4273 vilem

386 4301 579 4381 scripturam
603 4326 646 4367 ex
674 4307 785 4371 multis
810 4309 996 4371 nominibus
1022 4321 1240 4391 contextam3
1273 4316 1334 4378 sed
1362 4316 1487 4379 scitote
1509 4315 1543 4377 in

386 4402 438 4465 his
463 4405 620 4468 contineri
645 4408 770 4490 majora
796 4412 952 4491 mysteria
977 4434 1078 4495 quam
1101 4425 1213 4497 potest
1239 4418 1408 4481 humanus
1429 4438 1545 4482 sermo

389 4505 541 4585 prolerre,
558 4510 607 4571 vel
624 4512 754 4574 auditus
772 4513 918 4576 mortalis
933 4515 1066 4579 audire!
1113 4516 1199 4582 Cum
1215 4541 1296 4604 ergo
1310 4522 1415 4586 nostri
1436 4521 1545 4586 sancti

390 4609 594 4688 expositores
606 4624 640 4676 et
655 4613 808 4677 doctores
824 4617 906 4679 sacri
921 4618 954 4681 in
969 4618 1039 4684 istis
1053 4619 1135 4685 locis
1149 4632 1282 4689 tantum
1297 4625 1546 4703 laboraverunt,
