3575 5375
373 633 723 692 MATHEMATICAE
746 633 799 692 IN
820 633 1024 693 PHYSICJS
1052 635 1257 695 UTILITAS.
1362 649 1419 714 155

268 794 366 876 capit,
393 796 477 861 sicut
512 797 670 880 proponit
693 797 748 860 viii
774 796 958 881 propositio
981 795 1056 862 libri
1082 797 1417 880 {superimetroruml
1431 798 1469 849 Of
1478 798 1568 863 figures

268 896 498 980 superficiales
510 921 588 964 vero
603 899 727 984 figurae
742 901 898 964 dicuntur
911 902 1167 984 isoperimetrae,
1183 911 1220 966 ut
1235 902 1419 986 triangulus
1430 865 1579 980 miii,

266 1011 301 1066 et
322 1006 580 1088 quadrangulus,
600 1015 633 1068 et
656 1005 804 1084 circulus,
818 1007 953 1089 quando
974 1006 1079 1070 latera
1101 1005 1255 1089 trianguli
1278 1015 1419 1072 extensa
1429 995 1588 1127 {fflffigt

267 1107 299 1170 in
332 1109 525 1173 continuum
554 1120 590 1174 et
622 1109 783 1174 directum
815 1118 947 1174 tantum
979 1110 1104 1175 habent
1137 1111 1170 1174 in
1202 1110 1417 1192 longitudine,
1430 1138 1536 1178 content

267 1224 428 1293 quantum
463 1213 566 1277 latera
595 1223 737 1295 quatuor
761 1213 983 1296 quadranguli
1016 1225 1157 1279 extensa
1191 1224 1225 1278 et
1254 1225 1417 1296 quantum

266 1315 530 1382 circumferentia
551 1317 663 1381 circtdi
676 1311 713 1382 'si
731 1318 975 1398 extenderetur,
990 1328 1025 1382 et
1043 1320 1089 1383 sic
1109 1320 1152 1383 de
1169 1321 1419 1402 quibuscunque

266 1418 379 1503 figuris
394 1420 661 1504 superficialibus
696 1421 797 1486 Unde
812 1422 932 1486 dicitur
947 1423 1171 1505 isoperimeter
1185 1424 1228 1487 ab
1244 1425 1311 1484 ἴσον
1325 1425 1416 1505 quod

265 1535 316 1588 est
336 1525 474 1607 aequale
494 1535 529 1589 et
549 1527 619 1604 περί
633 1526 725 1607 quod
748 1534 800 1590 est
820 1526 954 1604 circum,
969 1536 1002 1590 et
1022 1526 1129 1606 μετρόυ
1143 1527 1236 1609 quod
1255 1535 1307 1590 est
1325 1547 1416 1592 men·

265 1649 350 1706 sura,
373 1631 467 1712 quasi
497 1629 644 1712 aequalis
673 1631 1060 1695 circummensurationis.
1113 1631 1160 1696 Et
1190 1632 1275 1696 inter
1299 1652 1416 1696 omnes

266 1733 345 1798 istas
368 1733 589 1818 superficiales
612 1736 855 1817 isoperimetras
878 1735 1019 1800 circulus
1042 1736 1190 1800 maxime
1211 1737 1310 1819 capit,
1330 1739 1416 1802 sicut

268 1837 348 1902 dicit
372 1839 414 1901 vii
442 1839 624 1922 propositio
647 1840 690 1903 de
713 1839 959 1922 isoperimetris.
1015 1839 1215 1922 Corporales
1235 1862 1314 1904 vero
1336 1851 1415 1906 tunc

264 1943 418 2009 dicuntur
448 1944 702 2027 isoperimetrae,
734 1956 769 2008 ut
802 1945 953 2028 sphaera,
983 1946 1099 2022 cubus,
1121 1956 1156 2009 et
1188 1946 1351 2022 columna,
1380 1956 1415 2010 et

264 2068 489 2130 quaecunque,
519 2050 654 2130 quando
684 2048 873 2131 superficies
907 2053 1068 2134 sphaerae
1100 2059 1240 2114 extensa
1269 2051 1303 2113 in
1333 2071 1415 2114 con·

264 2153 394 2215 tinuum
427 2163 461 2216 et
496 2153 658 2217 directum
694 2163 825 2217 tantum
859 2154 962 2218 habet
997 2155 1030 2218 in
1064 2154 1204 2236 longum
1237 2163 1273 2217 et
1309 2153 1415 2218 latum

262 2267 422 2337 quantum
446 2256 633 2340 superficies
655 2279 717 2321 sex
744 2259 847 2340 ipsius
873 2258 959 2336 cubi,
981 2268 1015 2323 et
1036 2268 1200 2340 quantum
1225 2257 1415 2341 superficies

263 2359 436 2425 columnae
462 2363 633 2441 rotundae,
655 2371 689 2426 et
716 2363 763 2426 sic
790 2363 832 2426 de
859 2362 941 2425 aliis.
986 2361 1054 2427 Sed
1082 2363 1167 2424 inter
1192 2381 1308 2425 omnes
1333 2363 1414 2426 istas

263 2464 403 2548 sphaera
434 2468 582 2531 maxime
610 2468 708 2550 capit,
733 2467 818 2531 sicut
847 2467 1093 2531 demonstratur
1121 2467 1154 2530 in
1184 2466 1269 2530 libro
1297 2486 1414 2550 supra·

262 2571 364 2632 dicto.
410 2569 496 2634 Cum
524 2591 603 2652 ergo
634 2571 762 2634 coelum
788 2571 889 2635 debet
921 2571 1034 2634 omnia
1063 2570 1240 2643 continere,
1264 2572 1412 2654 oportuit

262 2673 353 2757 quod
369 2685 457 2739 esset
472 2674 663 2759 sphaericae
678 2674 813 2758 figurae.
849 2676 935 2739 Item
952 2675 1109 2740 nobilitas
1125 2675 1249 2753 mundi,
1264 2685 1298 2738 et
1314 2674 1412 2757 hujus

261 2778 386 2863 figurae
406 2780 551 2864 dignitas
571 2783 840 2863 correspondent.
885 2782 975 2844 Nam
999 2781 1081 2845 haec
1103 2778 1209 2863 figura
1231 2790 1282 2843 est
1304 2781 1412 2864 prima

261 2883 441 2967 figurarum
468 2884 696 2967 corporalium,
719 2887 797 2968 quia
823 2905 888 2949 una
912 2883 1083 2968 superficie
1108 2895 1276 2961 contenta,
1298 2904 1412 2948 omnes

260 2998 372 3053 autem
394 2989 477 3053 aliae
496 2988 619 3053 habent
639 2991 760 3073 piures.
807 2990 898 3073 Ergo
918 2989 1078 3071 competit
1098 2989 1227 3070 corpori
1248 2989 1355 3071 primo
1376 3000 1412 3053 ut

261 3093 365 3157 coelo.
414 3094 499 3157 Item
520 3094 602 3157 haec
623 3104 673 3158 est
693 3091 946 3177 simplicissima,
961 3093 1119 3176 quoniam
1139 3094 1209 3156 sine
1229 3092 1358 3175 angulis
1377 3104 1411 3157 et

260 3218 346 3261 cono
365 3208 399 3261 et
419 3197 577 3261 lateribus
599 3208 632 3260 et
655 3199 745 3261 omni
767 3198 965 3261 diversitate.
1011 3196 1103 3279 Ergo
1125 3197 1265 3260 debetur
1281 3197 1411 3277 corpori

260 3301 513 3384 simplicissimo,
535 3303 624 3384 quod
649 3312 699 3365 est
725 3302 862 3367 coelum.
909 3301 995 3365 Item
1019 3300 1191 3382 aptissima
1214 3309 1265 3363 est
1291 3300 1549 3383 motuispherieal

260 3404 353 3488 Ergo
363 3405 505 3469 debetur
516 3406 624 3488 primo
641 3406 761 3470 mobili.
798 3405 883 3469 Item
896 3414 946 3468 est
957 3404 1114 3487 elongata
1125 3403 1168 3467 ab
1180 3404 1409 3469 occasionibus
1421 3385 1530 3514 {ffited

259 3519 294 3574 et
321 3510 574 3593 impedimentis,
596 3512 674 3593 quia
698 3529 763 3573 non
789 3509 891 3575 habet
917 3508 1078 3589 anguium
1104 3507 1138 3571 in
1159 3526 1259 3589 quem
1283 3508 1409 3590 aliquid
1423 3514 1590 3567 fornoum.-

259 3612 419 3678 offendat.
454 3614 547 3698 Ergo
560 3616 706 3677 maxime
718 3614 880 3697 competit
891 3612 1020 3695 corpori
1031 3611 1122 3693 quod
1135 3611 1410 3695 impedimentum

259 3728 292 3781 et
315 3719 521 3783 occasionem
545 3717 736 3783 offensionis
758 3738 876 3800 capere
899 3737 967 3780 non
988 3726 1109 3799 potest.
1156 3717 1241 3781 Item
1265 3727 1316 3781 est
1338 3739 1410 3801 per-

260 3821 449 3899 sectissima,
463 3824 542 3905 quia
559 3823 636 3886 nihil
654 3824 732 3887 addi
749 3831 859 3906 potest
880 3823 929 3898 ei;
952 3823 1009 3885 sed
1031 3821 1185 3885 omnibus
1205 3820 1279 3885 aliis
1299 3831 1410 3903 potest

259 3927 384 4009 aliquid
400 3927 489 3991 addi.
534 3926 627 4011 Ergo
646 3929 774 4010 corpori
789 3926 930 3991 debetur
944 3925 1191 4011 perfectissimo.

302 4029 404 4112 Quod
430 4042 542 4094 autem
569 4050 708 4112 corpora
733 4039 891 4095 contenta
918 4030 951 4092 in
975 4029 1070 4093 coelo
1096 4028 1241 4093 habeant
1266 4028 1407 4111 figuram
1421 4037 1477 4086 The

257 4134 475 4215 sphaericam,
490 4134 553 4199 hoc
576 4135 823 4199 demonstratur
840 4138 882 4200 de
905 4155 1000 4217 aqua,
1016 4154 1102 4216 quae
1120 4132 1208 4215 jacet
1232 4134 1266 4196 in
1289 4133 1408 4211 medio,
1421 4103 1528 4219 elffii

1529 4122 1541 4151 S

1519 4170 1562 4219 the

292 4357 298 4385 ¹
316 4356 374 4406 Tne
385 4358 480 4407 author
490 4357 520 4407 oi
528 4358 580 4408 this
591 4358 659 4407 book
671 4358 692 4405 is
704 4356 863 4413 Zenodonrs,
874 4356 937 4404 who
948 4356 1073 4418 probably
1084 4356 1194 4417 belongs
1204 4363 1234 4404 to
1245 4355 1289 4402 the
1300 4370 1407 4415 genera-

257 4438 313 4485 tion
333 4439 489 4499 succeeding
506 4438 562 4487 that
580 4436 610 4486 oi
626 4436 804 4486 Archimedes.
841 4434 876 4483 its
894 4435 1019 4497 principa]
1037 4434 1220 4497 propositione.
1239 4431 1359 4481 sourteeu
1380 4432 1407 4481 in

258 4517 374 4575 number,
387 4532 430 4566 are
446 4524 472 4565 to
489 4517 521 4565 be
533 4516 613 4565 found
627 4517 651 4564 in
668 4518 712 4564 the
724 4514 778 4562 fifth
794 4512 862 4562 book
873 4513 904 4561 oi
914 4512 1027 4574 Pappus,
1039 4514 1091 4561 and
1103 4512 1158 4560 also
1170 4512 1195 4559 in
1208 4510 1322 4559 Theon's
1334 4509 1409 4558 Com-

259 4602 373 4658 mentary
383 4612 416 4643 on
428 4596 466 4643 the
476 4595 611 4658 Almagest
620 4593 774 4655 osPtolemy.
809 4592 859 4641 See
872 4591 979 4648 Cantor,
990 4592 1039 4639 voi.
1051 4591 1068 4641 i.
1079 4606 1122 4653 pp.
1134 4592 1225 4651 308-9,
1236 4589 1288 4638 and
1299 4590 1409 4649 379-80·

257 4674 356 4725 Cantor
367 4674 463 4733 shows,
475 4674 524 4722 vol.
538 4673 552 4721 i.
565 4687 607 4734 pp.
619 4673 668 4732 ⁶05
679 4670 730 4719 and
741 4672 790 4733 ⁶35
811 4670 867 4719 that
878 4668 1031 4718 Zenodorus
1041 4684 1098 4717 was
1110 4668 1207 4717 known
1219 4673 1247 4716 to
1258 4668 1304 4716 the
1315 4667 1407 4716 Arabs,
